4444 6450
803 416 913 478 335

2066 399 2447 462 GREGORII
2487 398 2810 459 PALAMBE

3938 383 4045 447 336

798 528 1062 590 lumbus;
1093 523 1174 576 vel
1223 531 1367 576 totus
1402 519 1454 573 in
1505 518 1702 572 terram
1746 530 1951 585 pronus
1992 530 2119 567 num
2153 523 2236 568 est
2274 513 2365 582 qui
2401 520 2438 573 Α
2472 531 2552 581 γε(

2290 513 2365 582 ιιιί
2401 520 2438 573 Α
2472 513 2704 584 γεωργῷ
2753 510 2863 565 τῶν
2910 506 3095 578 ψυχῶν
3149 505 3451 576 ἐπέραστος
3504 500 3846 569 ἀναφανῆναι
3899 507 4045 552 κατα

798 636 1014 672 sursum
1048 625 1277 667 mentem
1304 628 1408 664 non
1431 610 1601 680 erigat
1637 625 1735 662 nec
1764 623 1791 660 a
1820 606 2051 660 terrenis
2076 605 2363 674 assurgat?

798 713 900 764 bed
936 712 1006 762 ita
1039 710 1130 770 sit,
1162 705 1292 758 nihil
1327 721 1353 757 a
1384 704 1635 773 gentibus
1666 702 2044 769 discrepanius
2072 715 2084 763 ;
2113 698 2197 750 his
2217 696 2361 749 enim

801 817 925 856 iCI'H
945 805 1027 854 nis
1050 797 1469 868 rogitationilms
1497 796 1621 848 totis
1652 793 1845 845 animae
1874 799 1927 843 et
1955 789 2200 857 corporis
2230 786 2361 839 viri-

797 900 899 948 bus
947 895 1277 952 incumbere,
1313 903 1435 941 nim
1476 889 1674 938 nullam
1711 884 1934 936 Omnino
1969 882 2168 934 habent
2200 879 2364 932 ratio-

800 1004 920 1040 nem
968 985 1296 1042 futurorum,
1341 995 1436 1033 nec
1486 994 1657 1047 spem,
1711 990 1807 1029 nec
1850 973 2261 1041 intelligentiam
2299 971 2368 1023 de.

801 1080 1137 1135 cwlestibus.
1169 1077 1290 1129 Ideo
1316 1074 1577 1141 scriptum
1605 1080 1686 1125 est
1721 1087 1734 1122 :
1769 1067 1959 1122 Omnis
1988 1066 2094 1119 vita
2131 1064 2280 1132 impii
2314 1063 2365 1116 in

801 1172 1134 1242 cogitatione
1163 1167 1446 1222 humilium
1476 1173 1529 1218 et
1555 1159 2010 1230 corruptibilium.
2046 1155 2170 1209 Ideo
2202 1154 2366 1208 etiam

800 1268 1054 1321 Christus
1088 1265 1137 1316 in
1176 1259 1478 1329 Evangeliis
1509 1257 1572 1310 ad
1604 1271 1701 1310 nos
1729 1254 1867 1308 dixit
1908 1268 1923 1305 :
1959 1271 1977 1303 ι
2007 1249 2184 1305 Nolite
2216 1247 2370 1302 solli-

801 1359 892 1413 citi
914 1372 1030 1412 esse
1052 1355 1243 1408 anima:
1265 1360 1456 1406 vestrze
1484 1348 1609 1419 quid
1642 1344 1999 1408 manducetis,
2023 1344 2150 1412 quid
2171 1340 2370 1394 bibatis

800 1463 854 1507 et
884 1450 1080 1520 quibus
1104 1445 1434 1506 vestiamini,
1469 1460 1485 1492 ι
1516 1452 1566 1496 et
1586 1439 1772 1493 addit:
1810 1455 1827 1488 ι
1856 1437 1981 1489 Hae
2010 1434 2154 1488 enim
2189 1432 2370 1486 omnia

803 1551 992 1613 gentes
1027 1538 1311 1609 inquirunt
1339 1537 1405 1586 ".
1450 1553 1466 1584 ι
1509 1531 1626 1585 Νοιι
1672 1545 1699 1584 a
1743 1529 1926 1582 labore
1950 1534 2181 1586 amovet,
2215 1524 2306 1578 sed
2343 1537 2373 1575 a

806 1633 1178 1691 sollicitudine
1236 1640 1385 1683 arcet
1430 1636 1488 1679 ut
1537 1638 1631 1693 spe
1682 1624 1736 1676 in
1797 1620 1903 1675 Deo
1937 1619 2223 1681 collocata,
2265 1629 2372 1667 non

807 1729 1154 1794 desperatam
1195 1700 1568 1789 operationem
1601 1727 1887 1783 operemur
1919 1724 2018 1765 nec
2051 1710 2105 1762 in
2139 1723 2199 1761 ea
2236 1705 2376 1758 male

808 1815 1194 1873 contidamus.’
1225 1811 1401 1865 Nolite
1441 1822 1570 1876 ergo
1620 1804 1836 1860 solliciti
1889 1817 2008 1856 esse
2058 1800 2302 1854 dicentes
2357 1813 2371 1848 :

807 1909 944 1978 Quid
967 1905 1436 1982 mamlucabimus,
1454 1901 1538 1953 vel
1566 1898 1694 1967 quid
1720 1896 1993 1955 bibemus,
2021 1892 2223 1959 velquo
2246 1902 2374 1956 ope-
2408 1880 2450 1935 Β

809 1994 1372 2064 riemur,hocjugiter
1397 1991 1577 2044 animo
1601 1989 1876 2042 volventes
1901 1985 1976 2038 ita
2007 1992 2064 2036 ut
2087 1991 2372 2052 urgentem

808 2092 1045 2161 inepiam
1075 2087 1229 2158 quasi
1261 2092 1583 2140 excusantes
1617 2090 1850 2134 mentem
1884 2079 1937 2131 in
1978 2076 2077 2129 ista
2117 2085 2374 2142 torquen-

807 2197 890 2241 tes
913 2185 1282 2243 intendamus,
1303 2190 1536 2248 superne
1560 2174 1802 2244 aspicere
1823 2168 2374 2238 dedignati.Pr0pter-

807 2293 871 2334 ea
919 2280 1000 2332 sic
1031 2278 1169 2329 Deus
1207 2268 1722 2341 nostramcondidit
1758 2277 2008 2318 naturam
2057 2271 2112 2314 ut
2147 2272 2374 2328 corpore

811 2387 919 2426 non
969 2367 1320 2423 immubiliter
1358 2373 1557 2426 stante,
1610 2360 1702 2415 sed
1739 2356 1942 2411 moveri
1986 2363 2038 2408 et
2081 2353 2145 2407 ad
2195 2351 2370 2405 locum

810 2464 1047 2520 transire
1072 2461 1324 2530 pollente,
1365 2465 1417 2510 et
1454 2454 1635 2510 omnia
1665 2452 1864 2521 quibus
1911 2463 2048 2516 opus
2087 2453 2171 2500 est
2221 2442 2375 2496 facti-

807 2567 983 2619 tante,
1037 2554 1089 2607 in
1126 2553 1246 2606 aliis
1306 2549 1560 2620 potentiis
1599 2545 1855 2613 cogitatio
1901 2555 2022 2595 esse
2073 2536 2269 2608 possit,
2318 2545 2376 2590 ut

810 2663 1012 2718 corpus
1031 2644 1250 2715 quidem
1269 2656 1390 2710 quae
1407 2654 1503 2693 sua
1521 2647 1647 2692 sunt
1669 2643 1940 2705 operetur,
1964 2632 2142 2685 anima
2167 2644 2291 2683 vero
2308 2628 2372 2681 ad

812 2742 979 2796 Deum
1002 2735 1358 2805 suspicientes
1377 2744 1685 2801 qnazramus
1703 2730 1768 2782 ab
1781 2745 1843 2780 eo
1857 2723 2099 2779 cmleStia
2121 2722 2261 2787 ;ideo
2277 2733 2375 2772 nos

811 2835 1060 2888 hortatus
1083 2839 1142 2882 ut
1167 2841 1275 2881 non
1315 2823 1533 2878 solliciti
1561 2822 1751 2874 anima:
1775 2819 1969 2883 simus,
1988 2814 2131 2884 quod
2149 2822 2231 2867 est
2249 2825 2376 2881 gen-

813 2928 974 2988 tium,
993 2921 1196 2975 addidit
1235 2936 1248 2972 :
1288 2937 1304 2967 ι
1330 2916 1564 2981 Quaerite
1584 2915 1816 2983 primum
1837 2924 2060 2979 regnum
2087 2905 2178 2960 Dei
2203 2913 2256 2958 et
2282 2904 2372 2971 ju-

812 3015 1013 3070 stitiam
1037 3014 1178 3082 ejus,
1206 3021 1260 3064 et
1317 3020 1507 3063 caetera
1548 3005 1869 3073 adjicientur
1903 3001 2074 3055 vobis.
2115 3018 2132 3051 ι
2169 2999 2375 3063 Quibus

815 3105 1138 3161 monstravit
1159 3102 1415 3173 quoniam
1442 3100 1489 3154 si
1509 3098 1699 3152 animae
1718 3094 2098 3149 meditationes
2114 3091 2180 3145 ad
2208 3091 2372 3142 Deum

814 3207 1050 3253 attentas
1086 3197 1273 3259 babes,
1304 3195 1509 3247 nullum
1545 3191 1669 3242 inde
1703 3189 2088 3242 detrimentum
2121 3184 2172 3235 in
2212 3181 2372 3234 rebus

815 3289 1029 3358 corpori
1063 3285 1389 3343 necessariis
1422 3281 1664 3352 patieris,
1697 3281 1788 3334 sed
1822 3279 1992 3346 magis
2036 3275 2128 3329 illa
2157 3275 2344 3327 indubi

817 3390 995 3434 tanter
1029 3377 1251 3430 habebis
1281 3392 1404 3428 eum
1445 3375 1639 3426 anima:
1672 3371 1864 3433 salute,
1901 3369 2125 3422 Domino
2157 3366 2375 3432 dispen-

817 3479 995 3522 sante.
1028 3466 1123 3520 llic
1145 3477 1226 3519 est
1251 3466 1394 3517 enim
1426 3465 1516 3531 qui
1543 3463 1715 3530 aperit
1748 3473 1969 3513 manum
1997 3470 2150 3511 suam
2182 3462 2236 3508 et
2276 3456 2381 3506 iiii-

820 3563 929 3630 plet
958 3574 1119 3613 omne
1159 3559 1358 3610 animal
1408 3555 1805 3608 benedictione.
1840 3552 1919 3604 Ad
1951 3565 2073 3603 eum
2102 3548 2237 3602 dixit
2273 3547 2382 3603 Da-

823 3653 908 3705 vid
947 3669 959 3704 :
1012 3668 1028 3701 ι
1069 3648 1328 3702 [Εειτιιωι
1376 3656 1429 3698 et
1461 3660 1552 3698 ver
1589 3656 1643 3696 tu
1684 3643 1958 3712 plasmasti
2003 3658 2065 3694 ea
2095 3643 2159 3705 ⁷³,
2197 3661 2214 3691 ι
2276 3658 2381 3694 non

823 3743 984 3796 modo
1018 3742 1082 3794 de
1116 3738 1422 3792 visibilibus
1451 3735 1680 3803 loquens
1712 3737 1804 3788 sed
1838 3736 2002 3787 etiam
2037 3734 2106 3787 de
2133 3733 2382 3786 invisibi-

823 3836 982 3886 libus.
1023 3831 1144 3884 Ideo
1193 3830 1301 3881 veri
1348 3838 1559 3880 aetatem
1597 3825 1860 3894 prietulit;
1920 3839 2041 3876 nam
2089 3825 2188 3878 nisi
2245 3824 2383 3876 facta

823 3925 1121 3979 inlideliuin
1152 3937 1246 3975 seu
1277 3935 1564 3989 pravorum
1605 3934 1829 3987 operum
1866 3918 2214 3969 hominumve
2251 3932 2387 3985 prae-

823 4020 1050 4079 cisione,
1109 4014 1334 4067 minime
1392 4011 1677 4064 virtutibus
1741 4011 1804 4064 ad
1862 4011 2036 4063 instar
2092 4009 2233 4062 veris
2291 4007 2388 4059 ﬂo-

825 4125 1090 4164 I'CSt'ClCS.

2466 609 2680 676 καιρὸν,
2734 606 2827 658 καὶ
2870 603 2980 656 τῶν
3008 604 3066 654 ὲν
3095 601 3346 669 οὐρανοῖς
3397 593 3694 665 ἁποθηκῶν
3723 593 3916 645 τούτου
3951 593 4048 646 καὶ

2471 699 2648 768 μονῶν
2707 697 2895 760 ἄξιοςς
2951 693 3147 762 ἢὸλως
3176 693 3407 750 ἕκαστος
3444 687 3580 757 πρὸς
3631 686 3736 753 γῆν
3783 685 4044 751 κέκυφεν,

2466 789 2653 858 ὥσπερ
2682 791 2742 838 τὸ
2773 787 2932 855 σῶμα
2970 785 3016 835 ot
3081 780 3538 848 αὐτουργοῦντες,
3595 776 3738 829 οὕτω
3779 775 3871 826 τὸν
3901 774 4050 840 λογι-

2470 883 2602 949 σμὸν
2635 879 2732 930 οὐκ
2769 879 3097 930 ἀνανεύοντα
3122 875 3283 942 ἔχων,
3310 873 3431 923 οὐδὲ
3469 872 3576 924 τῶν
3605 871 3812 939 γηΐνων
3845 868 4047 919 ἀπανι-

2471 975 2735 1040 στάμενον
2766 987 2781 1034 ;
2828 968 2966 1020 ⁹Αλλ’
2993 969 3043 1020 εἰ
3075 966 3251 1028 τοῦτο,
3285 963 3390 1015 τῶν
3424 963 3654 1014 ἐθνικῶν
3681 959 3835 1012 οὐδὲν
3863 957 4019 1023 διαφέ
4039 984 4050 995 ο

2475 1083 2639 1138 ρομεν
2661 1081 2673 1094 ο
2714 1062 2873 1132 148
2903 1061 3124 1112 ἐκείνων
3157 1059 3264 1127 γὰρ
3295 1060 3354 1112 τὸ
3381 1061 3499 1117 ταῖς
3531 1055 3740 1122 γηῖνοις
3770 1046 4046 1119 φροντίδ’-θ

2473 1157 2880 1228 ὲνασχολείσθαι
2930 1154 3078 1224 πασῃ
3120 1152 3350 1219 δυνάμει
3396 1148 3576 1217 ψυχῆς
3627 1145 3722 1223 καὶ
3758 1141 4044 1208 σώματος·

2472 1255 2723 1321 οὐδὲγὰρ
2749 1251 2934 1320 έχουσι
2964 1248 3121 1314 λόγον
3155 1246 3263 1297 τῶν
3318 1242 3621 1312 μελλόντων
3665 1236 3875 1297 οὐδένα,
3909 1232 4045 1282 πατ-

2470 1364 2576 1408 τως
2609 1345 2728 1398 οὐδὲ
2773 1345 2974 1403 πίστιν,
3008 1341 3039 1408 ἢ
3067 1339 3276 1391 ἔννοιαν
3318 1335 3446 1403 περὶ
3494 1333 3605 1384 τῶν
3627 1328 3913 1398 οὐρανίων.
3949 1324 4049 1374 A-i

2473 1439 2631 1494 τοῦτο
2660 1437 2800 1491 κατὰ
2823 1438 2882 1489 τὸ
2912 1427 3484 1502 γεγραμ;;ένον,⁹ολος
3504 1427 3532 1476 6
3569 1424 3677 1494 βίος
3708 1419 3800 1473 τοῦ
3821 1414 4048 1477 ἀσεϐοῦς

2475 1537 2532 1588 ὲν
2566 1532 2809 1603 φροντίδι
2834 1530 2942 1582 τῶν
2973 1530 3123 1581 κάτω
3155 1524 3251 1577 καὶ
3277 1519 3649 1590 φθειρομένων
3675 1530 3690 1546 ο
3751 1514 3829 1565 διὸ
3877 1509 3964 1561 καὶ
4022 1509 4049 1557 6

2475 1597 2709 1696 Χριστὸς
2735 1627 2793 1675 ἐν
2819 1623 2930 1683 τοῖς
2958 1617 3311 1684 Εὐαγγελίοις
3341 1613 3477 1680 πρὸς
3513 1610 3652 1679 ἡμᾶς
3675 1605 3846 1658 είπών
3865 1617 3876 1630 '
3914 1619 3932 1651 ι
3964 1597 4046 1665 alii

2480 1693 2785 1788 μεριμνᾶτε
2814 1713 2881 1781 τῇ
2906 1710 3050 1778 ψυχῇ
3083 1707 3260 1776 ὑμῶν,
3299 1705 3351 1758 τί
3391 1704 3602 1770 φάγητε
3635 1699 3728 1750 καὶ
3778 1696 3830 1746 τί
3867 1693 4047 1759 πίητε,

2482 1807 2614 1878 μηδὲ
2645 1805 2718 1875 τῷ
2753 1803 2966 1872 σώματι
2999 1799 3154 1867 ὑμῶν
3181 1799 3232 1849 τί
3273 1794 3592 1862 ὲνδίὸσηοθε,
3631 1809 3648 1840 ι
3696 1788 4006 1858 προσέθηκε
4029 1795 4044 1812 ⁸

2485 1918 2502 1952 ι
2543 1899 2726 1952 Ταῦτα
2760 1895 2869 1965 γὰρ
2900 1893 3072 1946 πάντα
3100 1893 3165 1943 τὰ
3190 1890 3316 1958 ἔθνη
3351 1884 3622 1956 ἐπιζητεῖ.
3656 1901 3674 1934 ι
3711 1881 3825 1933 Οὐκ
3855 1880 4051 1929 ἀπανι-

2477 1993 2577 2061 στᾷ
2605 1990 2661 2043 δὶ
2683 1989 2791 2041 τῶν
2820 1987 3019 2056 ἔργων,
3051 1982 3164 2035 ἀλλ’
3197 1980 3400 2050 ἀφιστᾷ
3429 1979 3526 2042 τῆς
3571 1973 3858 2046 μερίμνης,
3915 1969 4046 2034 πρθς

2474 2085 2607 2138 Θεὸν
2638 2082 2735 2152 τὴν
2772 2079 2961 2132 ἐλπίδα
3001 2073 3331 2145 μετατιθεὶς,
3363 2070 3452 2122 ἵνα
3494 2071 3630 2137 μήτε
3663 2062 3924 2118 ἁνέλπιδα
3950 2061 4048 2131 τὴν

2475 2175 2740 2247 ἐργασίαν
2765 2172 3001 2241 ἔχωμεν,
3035 2169 3169 2238 μήτε
3209 2166 3295 2217 ἐπ’
3329 2164 3466 2231 αὑτῇ
3497 2157 3682 2220 κακῶς
3709 2158 3807 2227 τὴν
3835 2153 4044 2207 ἐλπίδα.

2485 2243 2521 2320 ι-
2539 2243 2630 2335 Μὴ
2659 2263 2751 2317 οὖν
2777 2261 3146 2333 μεριμνήσητε
3171 2296 3186 2320 ,
3213 2257 3454 2324 λέγοντες
3476 2269 3489 2283 ·
3512 2251 3578 2303 Τί
3604 2249 3889 2318 φάγωμεν,
3926 2243 3957 2314 ἢ
3996 2244 4048 2293 τί

2478 2362 2709 2428 πίωμεν,
2741 2356 2775 2426 ἢ
2800 2355 2851 2407 τί
2897 2350 3319 2423 περιϐαλώμεθα
3346 2364 3360 2378 ·
3421 2365 3440 2397 ι
3489 2343 3860 2410 διανοούμενοι
3891 2336 4049 2389 τοῦτο

2472 2450 2753 2522 διηνεκῶς,
2780 2449 2871 2500 καὶ
2893 2444 3349 2516 προσδοκωμένης
3373 2438 3576 2502 αίτίας,
3624 2429 3735 2487 οἷον
3779 2429 4047 2497 ὰπολεγό-

2479 2561 2650 2614 μενοι,
2674 2542 2769 2594 καὶ
2785 2540 2881 2610 τὴν
2909 2539 3084 2608 ψυχὴν
3104 2538 3182 2597 είς
3209 2534 3366 2587 τοῦτο
3387 2529 3790 2590 κατατείνοντες
3806 2527 3897 2578 καὶ
3918 2521 4054 2574 καθ-

2476 2611 2743 2699 έλκοντες,
2766 2633 2859 2684 καὶ
2888 2632 3022 2700 πρὸς
3039 2627 3108 2680 τὰ
3129 2628 3240 2681 ἄνω
3270 2625 3490 2692 βλέπειν
3511 2620 3572 2671 οὐ
3606 2611 4044 2686 συγχωροῦντεςο

2475 2727 2563 2781 διὰ
2593 2721 2750 2779 τοῦτο
2775 2724 2881 2791 γὰρ
2922 2721 3015 2773 καὶ
3070 2717 3329 2785 τοιαύτης
3374 2713 3533 2783 ἡμῶν
3564 2711 3660 2765 τὴν
3693 2708 3856 2778 φύσιν
3892 2720 4051 2756 κατεω

2479 2819 2743 2872 σκεύασεν
2772 2819 2798 2867 6
2827 2816 2978 2877 Θεὸς,
3003 2813 3142 2864 ὥστε
3172 2808 3265 2861 τοῦ
3299 2806 3550 2874 σώματος
3585 2803 3686 2856 οὐκ
3712 2795 4046 2869 ἠρεμοῦντος

2479 2913 2658 2982 μόνον,
2685 2908 2820 2962 ἀλλὰ
2843 2908 2938 2960 καὶ
2962 2903 3286 2972 κινουμένου
3327 2899 3421 2951 καὶ
3457 2889 3937 2965 μετακινουμένου,
3957 2888 4055 2943 καὶ

2481 3007 2588 3065 πᾶς
2611 2997 2784 3069 οὗπερ
2809 2993 2926 3071 ἂνῇ
2964 2997 3122 3068 χρεία
3141 2995 3491 3063 πράττοντος,
3518 2991 3575 3040 ἐν
3603 2988 3781 3048 ἄλλοις
3796 2983 4054 3036 δύνασθαι

2481 3098 2571 3149 τὸν
2609 3093 2867 3161 λογισμὸν
2906 3087 3079 3141 εἶναι’
3133 3087 3221 3136 ἴνα
3254 3083 3330 3152 τῷ
3393 3085 3490 3150 μὲν
3525 3080 3751 3147 ,σώματι
3778 3077 3846 3129 τὰ
3879 3074 4052 3141 τούτῳ

2482 3185 2800 3251 κατάλληλα
2846 3177 3208 3251 ἐργαζώμεθα
3229 3219 3244 3242 ,
3267 3178 3333 3245 τῇ
3364 3175 3418 3225 δὲ
3452 3174 3596 3241 ψυχῇ
3637 3171 3772 3239 πρὸς
3795 3171 3885 3221 τὸν
3921 3169 4055 3218 Θεὶν

2487 3279 2776 3348 βλέποντες
2815 3275 3066 3343 ζητῶμεν
3093 3270 3220 3338 παρ’
3246 3269 3410 3322 αὑτοῦ
3433 3267 3501 3317 τὰ
3527 3264 3757 3332 οὐράνια
3775 3278 3787 3290 ·
3816 3261 3941 3313 ἐπεὶ
3963 3261 4054 3310 καὶ

2483 3369 2861 3439 παραγγείλας
2906 3365 2979 3433 μὴ
3023 3361 3292 3431 μεριμνᾷν
3327 3363 3393 3427 τῇ
3425 3359 3595 3426 ψυχῇ,
3625 3354 3785 3416 τοῦτο
3812 3354 3922 3424 γὰρ
3946 3352 4051 3403 τῶν

2480 3463 2670 3527 ἐθνῶν,
2703 3457 3014 3527 προσέθηκε
3037 3470 3049 3484 ·
3087 3473 3104 3503 ι
3141 3454 3362 3519 Ζητείτε
3398 3450 3453 3501 δὲ
3510 3449 3725 3515 πρῶτον
3756 3444 3853 3513 τὴν
3902 3448 4054 3513 ﬁan-

2479 3554 2628 3604 λείαν
2690 3549 2785 3601 τοῦ
2826 3547 2983 3610 Θεοῦ,
3049 3546 3144 3598 καὶ
3181 3544 3278 3610 τὴν
3323 3540 3672 3604 δικαιοσύνην
3720 3535 3918 3598 αὑτοῦ,
3960 3536 4056 3584 καὶ

2479 3644 2654 3697 ταῦτα
2717 3641 2893 3693 πάντα
2950 3635 3381 3705 προστεθήσεται
3444 3632 3610 3698 ὑμῖν·
3671 3648 3690 3679 ι
3747 3625 3957 3687 δεικνὺς
3980 3625 4052 3686 ὼς

2484 3737 2640 3806 εἴπερ
2705 3733 2801 3802 τὴν
2859 3730 2999 3782 κατὰ
3025 3727 3205 3796 ψυχὴν
3266 3724 3496 3793 μελέτην
3529 3723 3664 3790 πρὸς
3722 3722 3853 3774 Θεὸν
3888 3721 4051 3790 ἔχεις,

2482 3831 2631 3880 οὐδὲν
2682 3825 2934 3879 ἐντεῦθεν
2995 3818 3326 3888 ζημιωθήσῃ
3375 3818 3504 3886 περὶ
3531 3818 3629 3878 τὰς
3674 3815 3768 3867 τοῦ
3803 3813 4053 3882 σώματος

2485 3922 2672 3991 χρείας
2698 3937 2711 3950 ·
2752 3916 2951 3987 μᾶλλον
2981 3914 3075 3984 μὲν
3108 3912 3198 3965 οὖν
3240 3912 3330 3964 καὶ
3365 3909 3566 3962 τούτων
3593 3909 3888 3969 ἅνελλιπώς
3913 3907 4052 3972 ἕξεις

2488 4011 2627 4081 μετὰ
2670 4010 2770 4077 τῆς
2821 4007 2959 4060 κατὰ
3005 4003 3181 4073 ψυχὴν
3240 4004 3532 4071 σωτηρίας,
3591 4001 3684 4053 τοῦ
3723 4000 3859 4052 Θεοῦ
3897 4014 4059 4069 χορη-

2486 4102 2706 4171 γοῦντος
2732 4117 2748 4130 ·
2771 4099 2934 4160 αὐτὸς
2961 4097 3068 4166 γάρ
3092 4098 3238 4147 ἐστιν
3258 4095 3285 4146 6
3309 4093 3538 4159 ἀνοίγων
3564 4092 3660 4160 τὴν
3681 4093 3835 4162 χεῖρα
3860 4089 4052 4151 αὑτοῦ,

821 4206 918 4258 καὶ
948 4204 1241 4274 ἐμπιπλῶν
1303 4204 1408 4255 τεᾶν
1465 4200 1603 4263 ζῶον
1639 4199 1914 4262 εὐδοκίας·
1980 4199 2114 4269 πρὸς
2144 4198 2202 4250 ὃν
2229 4201 2322 4252 καὶ
2354 4201 2380 4252 ὁ
2415 4199 2578 4252 Δαΰίδ
2627 4210 2797 4267 φησι·
2835 4214 2853 4247 ι
2891 4193 3060 4262 Θέρος
3100 4191 3195 4244 καὶ
3249 4189 3347 4258 ἔαρ
3385 4190 3449 4241 σὺ
3521 4187 3760 4248 ἔπλασας
3830 4188 3964 4238 αὐτα
3990 4203 4002 4216 θ
4034 4206 4050 4232 ι

823 4301 882 4350 ο)
906 4299 975 4348 τὰ
1020 4296 1268 4364 ὁρώμενα
1302 4294 1458 4360 μόνον
1489 4292 1682 4358 λέγων,
1713 4291 1846 4342 ἀλλὰ
1879 4292 1972 4342 καὶ
2000 4291 2066 4342 τὰ
2094 4288 2185 4341 τοῦ
2217 4289 2555 4359 πνεύματος*
2628 4289 2709 4340 διὸ
2773 4287 2869 4339 καὶ
2915 4283 3008 4337 τοῦ
3039 4283 3201 4352 ἔαρος
3254 4281 3313 4333 τὸ
3345 4282 3519 4350 ςθέρος
3593 4280 3899 4348 προέθηκεν
3922 4297 3934 4310 ·
3965 4281 4058 4330 tiu

823 4397 931 4462 γὰρ
986 4393 1059 4460 μὴ
1095 4391 1333 4457 ὲκκοπῇς
1388 4387 1598 4454 φθάσας
1648 4384 1756 4436 τῶν
1791 4383 2054 4450 ἀπίστων,
2095 4385 2247 4453 ἧκα).
2280 4384 2386 4436 τῶν
2425 4384 2647 4452 φαύλων
2699 4383 2875 4452 ἔργων
2926 4398 2986 4433 τε
3043 4380 3138 4431 καὶ
3190 4376 3518 4447 ἀνθρώπων,
3591 4377 3690 4429 οὒκ
3758 4377 4061 4444 ὲνεαρίσεις

821 4487 942 4543 ταῖς
975 4481 1216 4550 ἀρεταῖς.

898 4575 992 4628 Est
1020 4588 1170 4642 ergo,
1202 4570 1423 4632 fratres,
1469 4575 1550 4622 est
1596 4578 1649 4622 et
1684 4568 1874 4623 messis
1905 4575 1957 4622 et
1990 4583 2080 4621 ver
2106 4577 2159 4621 ct
2202 4583 2386 4621 semen
2420 4570 2468 4628 ο

828 4682 935 4719 non
988 4664 1269 4730 corporale
1325 4671 1536 4714 tantum
1593 4663 1686 4714 sed
1750 4669 1805 4714 et
1847 4660 2248 4724 intellectuale,
2298 4674 2398 4712 nec

828 4761 989 4814 modo
1020 4759 1380 4812 intellectuale
1403 4757 1495 4810 sed
1523 4764 1574 4808 et
1601 4756 1903 4822 spirituale,
1936 4755 2078 4807 sicut
2108 4763 2161 4807 et
2186 4755 2398 4822 plauta-

832 4853 924 4913 tio,
975 4861 1028 4903 et
1063 4851 1352 4915 vindemia,
1391 4857 1444 4901 et
1494 4849 1599 4902 illis
1643 4847 1841 4901 similia
1887 4850 2027 4900 sicut
2057 4847 2219 4898 etiam
2254 4846 2394 4914 agri-

830 4946 1040 4995 cultura
1074 4953 1126 4994 et
1155 4957 1300 4994 arva.
1338 4940 1509 5009 llujos
1536 4941 1652 4993 arri
1690 4941 1826 4994 Deus
1858 4949 1940 4992 est
1970 4937 2203 5008 agricola
2238 4947 2399 5006 prout

832 5037 1121 5102 Apostolus
1148 5035 1211 5087 ad
1233 5032 1541 5088 Corinthios
1570 5033 1785 5100 scripsit
1817 5049 1830 5084 :
1864 5050 1879 5081 ι
1913 5031 2001 5082 Dei
2030 5030 2360 5097 agricultura
2381 5069 2395 5093 ,

837 5128 928 5180 Dei
959 5125 1243 5179 :edilieatio
1275 5125 1406 5178 estis
1448 5125 1492 5153 "
1520 5141 1531 5187 ;
1563 5143 1578 5174 ι
1615 5138 1667 5177 et
1699 5126 1813 5194 ipse
1849 5123 2105 5176 Dominus
2139 5125 2200 5175 ad
2231 5122 2398 5175 disci-

837 5220 992 5289 pulos
1022 5219 1154 5270 dixil
1191 5235 1202 5269 ;
1248 5234 1264 5266 ι
1301 5215 1412 5284 Ego
1443 5234 1558 5270 sum
1594 5217 1736 5278 vitis,
1773 5233 1864 5270 vos
1891 5225 2069 5268 autem
2106 5215 2354 5284 palmites
2380 5253 2394 5278 ,

833 5323 887 5365 et
923 5312 1079 5363 Pater
1114 5325 1266 5363 incus
1305 5311 1539 5378 agricola
1579 5321 1659 5363 est
1685 5311 1765 5370 7‘;
1803 5327 1820 5357 ι
1861 5319 1913 5360 et
1956 5323 2145 5360 rursus
2175 5307 2299 5360 alibi
2331 5309 2396 5359 de

836 5404 1019 5471 δείρδο
1078 5421 1090 5454 ;
1161 5421 1177 5451 ι
1243 5399 1385 5453 Exiit
1441 5402 1532 5468 qui
1595 5400 1824 5452 seminat
1882 5413 2151 5453 seminare
2212 5413 2394 5451 semen

835 5509 993 5545 suum
1027 5495 1042 5520 ⁷
1065 5495 1123 5555 ι»
1163 5498 1305 5559 quod
1343 5503 1422 5544 est
1455 5493 1674 5542 verbum
1704 5491 1982 5542 doctrinm.
2010 5489 2174 5558 Igitur
2201 5489 2246 5542 si
2283 5504 2401 5541 vcr-

837 5593 963 5636 lmm
1011 5587 1270 5638 doctrina:
1305 5586 1465 5638 habet
1496 5587 1755 5637 rationem
1807 5585 2030 5637 seminis
2075 5581 2393 5650 spiritualis,

834 5688 983 5731 certo
1029 5686 1110 5731 est
1161 5679 1314 5732 istius
1362 5679 1585 5731 seminis
1645 5677 1837 5730 messis
1898 5691 1989 5743 per
2063 5677 2217 5726 lth-m
2278 5689 2396 5741 per-

932 5864 975 5892 "
1012 5863 1200 5919 Matt-li.
1231 5880 1302 5932 vt,
1338 5865 1425 5929 31,
1453 5861 1540 5919 39.
1618 5863 1659 5894 τ³
1687 5861 1834 5918 Psal.
1872 5876 2055 5925 Lxxni,
2089 5855 2177 5909 17.

2254 5855 2294 5884 ⁷·
2320 5853 2346 5905 ι
2375 5850 2500 5908 Cor.
2531 5867 2608 5918 ni,
2638 5852 2688 5906 9.

2566 4567 2750 4619 Ἔστιν
2776 4563 2888 4627 οὖν,
2923 4563 3090 4626 ἔστιν,
3125 4561 3365 4630 ἀδελφοὶ,
3397 4563 3490 4614 καὶ
3521 4561 3676 4631 θέρος
3709 4562 3800 4612 καὶ
3841 4562 3938 4626 ἔαρ
3971 4565 4062 4614 καὶ

2500 4659 2720 4729 σπόρος,
2778 4659 2836 4708 οὐ
2889 4657 3199 4725 σωματικὸς
3244 4655 3426 4722 μόνον,
3484 4653 3620 4706 ἀλλὰ
3683 4658 3773 4706 καὶ
3811 4655 4060 4722 λογικόςο

2496 4751 2616 4803 οὐδὲ
2663 4751 2878 4816 λογικὸς
2933 4748 3116 4818 μόνον,
3162 4746 3297 4797 ἀλλὰ
3331 4747 3422 4796 καὶ
3450 4747 3841 4813 πνευματικὸς,
3873 4746 4063 4812 ὥσπερ

2496 4845 2591 4897 καὶ
2621 4844 2813 4911 φυτεία
2848 4841 2941 4892 καὶ
2972 4838 3259 4908 τρυγητὸς,
3295 4837 3389 4889 καὶ
3414 4837 3481 4890 τὰ
3523 4835 3735 4897 τούτοις
3770 4835 4059 4888 ἀκόλουθα·

2496 4940 2613 4989 ἐπει
2647 4936 2736 4986 καὶ
2758 4931 2998 5003 γεωργία
3044 4948 3101 4982 τε
3131 4931 3224 4982 καὶ
3275 4930 3564 4998 γεώργιον.
3606 4929 3712 4981 Τοῦ
3737 4930 3792 4980 δὲ
3825 4930 4064 4980 τοιούτου

2499 5026 2760 5095 γεωργίην
2783 5031 3020 5093 γεωργός
3048 5039 3194 5075 εστιν
3233 5023 3260 5072 6
3287 5021 3442 5084 Θεὸς,
3467 5023 3541 5082 ὼς
3567 5022 3657 5072 καὶ
3688 5023 3714 5071 6
3748 5020 4065 5077 Ἀπόστολος

2501 5120 2632 5188 πρὸς
2663 5119 2786 5180 τοὺς
2817 5115 3142 5184 Κορινθίους
3181 5114 3346 5184 φησίν
3367 5130 3379 5143 ·
3417 5113 3581 5165 ιΘεοῦ
3608 5111 3898 5180 γεώργιον,
3933 5109 4067 5162 θεοῦ

2497 5211 2752 5279 οἰκοδομή
2783 5223 2925 5260 tota.
2967 5226 2984 5257 ι
3025 5207 3129 5258 Καὶ
3159 5207 3320 5264 αὐτὸς
3355 5207 3381 5257 ὁ
3416 5205 3614 5274 Κύριος
3647 5208 3758 5264 τοῖς
3798 5204 4068 5272 μαθηταῖς

2497 5303 2706 5368 ἕλεγεν’
2752 5322 2768 5349 ο
2821 5299 2959 5363 Ἐγώ
2987 5299 3099 5366 εἰμι
3129 5299 3159 5366 ὴ
3198 5297 3464 5366 ἄμπελος,
3497 5297 3654 5364 ὑμεῖς
3681 5293 3749 5345 τὰ
3779 5294 3880 5359 κλή
3895 5305 4060 5360 ματα·

2499 5397 2526 5446 6
2561 5397 2747 5462 Πατήρ
2784 5408 2883 5460 μου
2908 5394 2933 5441 6
2961 5390 3201 5458 γεωργός
3232 5391 3402 5442 ἐστιν.
3439 5409 3455 5440 ι
3502 5389 3611 5440 Καὶ
3643 5384 3874 5453 ἀλλαχοῦ
3908 5385 4002 5434 παι·
4023 5401 4067 5432 ιν

2509 5489 2633 5555 περὶ
2669 5485 2890 5538 ἑαυτοῦ·
2924 5502 2941 5533 ι
2986 5482 3237 5550 Ἐξῆλθεν
3266 5485 3291 5534 6
3325 5483 3565 5550 σπείρων
3611 5479 3703 5531 τοῦ
3733 5481 3952 5543 σπεῖραι
3980 5490 4006 5521 τ
4046 5494 4069 5521 ν

2510 5581 2709 5645 σπόρον
2737 5575 2930 5628 αὑτοῦ·
2967 5593 2984 5624 ι
3028 5579 3051 5624 ὁ
3082 5574 3137 5625 δὲ
3170 5576 3365 5644 σπόρος
3388 5567 3540 5636 οὗτος
3571 5576 3597 5625 ὁ
3620 5573 3775 5638 λόγος
3800 5568 3895 5636 τῆς
3927 5565 4072 5618 διδα-

2511 5672 2732 5731 σκ-λία;
2770 5667 2938 5722 ἐςτίν.
3009 5666 3166 5718 Ἐπεί
3193 5663 3284 5718 οὖν
3316 5667 3343 5718 6
3399 5667 3552 5732 λόγος
3588 5666 3684 5731 τῆς
3722 5660 4072 5719 διδασκαλίας

2792 5852 2836 5882 ⁷⁸
2864 5847 3023 5904 Joan.
3059 5863 3147 5914 xv,
3185 5848 3236 5902 1.
3310 5847 3353 5877 ⁷⁸
3379 5843 3565 5898 Mittb.
3599 5854 3716 5908 mi,
3759 5841 3812 5895 5.
