4444 6450
811 397 913 463 339

2095 401 2480 461 GREGORII
2518 401 2840 462 PALAME

3926 398 4031 465 340

803 515 976 573 fures.
1001 526 1220 575 avaros,
1248 512 1506 582 injustos,
1529 512 1858 582 praedatores
1889 513 2091 567 faciunt
2113 530 2209 569 eos
2231 529 2368 582 quos
2397 521 2441 576 Α
2472 534 2558 584 api

2274 529 2368 569 uos
2397 521 2441 576 Α
2472 519 2656 584 σματά
2677 535 2734 570 τε
2767 519 2856 570 καὶ
2881 519 3275 590 ὲπιτρίμματα,
3313 516 3482 571 ταῦτα
3513 515 3570 570 δὲ
3617 516 3859 579 δαπάνας
3905 517 4029 570 ἑπι-

799 607 1164 676 pertrahunt;
1209 615 1260 659 ct
1291 607 1420 673 quid
1460 620 1683 660 necesse
1716 606 2006 661 estdicere
2043 607 2165 660 inde
2192 605 2363 659 ﬁnen-

799 699 876 751 tia
904 697 1026 750 odia
1057 705 1112 748 et
1147 710 1353 764 pugnas
1384 704 1435 748 et
1472 695 1814 748 innumeram
1845 696 2058 748 turbam
2093 696 2360 763 cupidita-

801 800 913 841 tum
964 797 1017 840 et
1073 787 1464 854 cogitationum
1503 786 1703 855 quibus
1739 773 1976 839 obnoxia
2032 788 2144 840 haec
2180 788 2360 839 anima

799 877 1089 933 obruitur?
1138 875 1240 940 Qui
1295 876 1459 945 igitur
1504 878 1569 930 ab
1622 877 1741 930 istis
1773 892 1829 930 se
1863 891 1969 930 non
2002 885 2360 930 servaverunt

800 987 904 1025 nec
932 971 1097 1024 Deum
1136 970 1426 1037 propitium
1460 984 1552 1036 per
1577 967 1976 1021 coofessionem
2011 978 2062 1021 et
2093 968 2361 1037 pmnitcn-

803 1067 930 1117 tiam
955 1062 1324 1121 reddiderunt,
1345 1070 1632 1128 resurgent
1654 1062 1893 1128 quidem,
1919 1061 2011 1114 sed
2034 1061 2355 1113 amariorem

801 1166 978 1208 morte
1015 1158 1176 1206 vitam
1211 1154 1577 1219 eitperientur,
1617 1151 1896 1204 doloribus
1939 1161 1993 1203 et
2024 1152 2277 1204 aerumnis
2306 1160 2358 1204 ct

803 1248 1070 1313 angustiis
1099 1256 1144 1298 et
1169 1245 1472 1298 confusioni
1498 1244 1680 1296 traditi
1704 1242 1995 1312 perpetuis,
2013 1252 2060 1296 et
2084 1243 2358 1297 vermibus

803 1339 1107 1407 irrequietis
1145 1337 1285 1390 est-si
1319 1351 1525 1389 necnon
1560 1337 1844 1390 tenebroso
1867 1346 1916 1389 et
1940 1335 2358 1402 inexstinguibili

803 1431 927 1498 igne
957 1429 1302 1496 consumpti,
1362 1430 1433 1480 ita
1477 1437 1536 1480 ut
1573 1426 1740 1481 Isaias
1795 1427 2054 1496 prepheta
2116 1429 2353 1484 dixerit:

810 1540 827 1569 ε
871 1521 1272 1572 (ῖυηειιιιιειηυι-
1310 1518 1460 1584 impii
1491 1527 1544 1570 et
1575 1527 1882 1586 peccatores
1913 1516 2098 1583 simul,
2129 1532 2228 1572 nec
2255 1520 2357 1570 erit

802 1613 892 1681 qui
922 1613 1231 1678 exstinguat
1261 1611 1430 1662 ⁷⁸’⁷⁸.›
1458 1609 1582 1661 Ideo
1616 1619 1666 1662 et
1693 1609 1979 1676 Apostolus
2013 1608 2075 1661 ad
2095 1608 2357 1676 Ephesios

805 1707 907 1757 hoc
942 1706 1017 1756 ait
1047 1721 1059 1755 :
1099 1722 1116 1752 ‹
1151 1702 1356 1754 Scitote
1399 1699 1759 1767 intelligentes
1786 1697 1928 1766 quod
1963 1698 2142 1750 omnis
2179 1696 2354 1749 forni-

803 1803 956 1848 cator
984 1801 1076 1846 aut
1104 1791 1414 1845 immundus
1448 1801 1536 1842 aut
1565 1805 1760 1842 avarus
1788 1788 1928 1856 quod
1969 1796 2051 1841 est
2087 1786 2350 1840 idolorum

805 1887 1067 1948 servitus,
1117 1899 1222 1936 non
1277 1883 1441 1935 habet
1477 1881 1844 1933 hazreditatem
1876 1879 1927 1930 in
1963 1891 2128 1943 regno
2154 1875 2353 1929 Christi
2385 1854 2430 1912 Β

807 1989 859 2030 ιιι
891 1978 976 2029 Dei
1007 1979 1073 2028 ’⁸.
1115 1996 1132 2026 ι
1169 1975 1230 2029 Et
1263 1975 1440 2028 adhuc
1481 1975 1717 2029 insraus.
1773 1971 1985 2037 aliaque
2038 1968 2359 2023 docentibus

807 2086 868 2123 os
898 2067 1213 2131 occludens,
1253 2085 1270 2117 ι
1297 2067 1467 2120 Nemo
1493 2079 1608 2125 vos,
1646 2061 1815 2122 addit,
1849 2059 2074 2115 seducat
2105 2059 2359 2112 inanibus

806 2163 1020 2225 verbis;
1060 2168 1275 2228 propter
1308 2158 1422 2210 ha‘c
1448 2157 1590 2209 enim
1623 2154 1768 2207 venit
1799 2153 1874 2204 ira
1896 2151 1985 2203 Dei
2013 2151 2065 2202 in
2095 2149 2234 2202 ﬁlios
2261 2145 2362 2203 dif—

809 2253 1062 2305 ﬁdentiae.
1101 2249 1277 2302 Nolite
1303 2263 1430 2315 ergo
1482 2245 1622 2298 efﬁci
1663 2242 1956 2310 participes
2000 2254 2190 2294 eorum
2223 2237 2291 2290 ⁷⁸.
2335 2255 2353 2287 ι

809 2344 1071 2396 Similiter
1101 2342 1173 2410 ad
1197 2337 1516 2393 Corinthios
1548 2337 1792 2390 scribens
1826 2345 2014 2385 rursus
2052 2329 2196 2382 idem
2233 2327 2307 2380 ait
2343 2345 2356 2381 :

819 2452 836 2482 σ
866 2433 1038 2486 Nolite
1065 2444 1245 2484 errare
1271 2448 1286 2493 -,
1313 2443 1484 2496 neque
1525 2425 1824 2488 fornicarii,
1861 2437 2034 2490 neque
2065 2420 2221 2474 idolis
2251 2434 2363 2472 ser-

812 2530 1043 2584 vientes,
1072 2537 1247 2590 neque
1279 2519 1530 2579 adulleri,
1557 2519 1754 2582 neque
1787 2514 1994 2575 molles,
2044 2524 2220 2578 neque
2250 2523 2362 2561 ma-

813 2616 1087 2668 sculorum
1119 2611 1520 2667 eoncubitores,
1556 2623 1732 2675 neque
1777 2606 1948 2667 avari,
1989 2617 2163 2672 neque
2191 2601 2358 2663 fures,

812 2721 989 2773 neque
1019 2705 1177 2766 ebrii,
1197 2715 1370 2770 neque
1394 2699 1662 2763 maledici,
1688 2711 1862 2765 neque
1890 2709 2109 2764 rapaces
2139 2708 2360 2763 regnum

813 2796 908 2849 Dei
938 2795 1288 2865 possidebunt
1316 2792 1383 2844 ".
1419 2810 1436 2842 ι

887 3066 1050 3120 Recte
1074 3073 1252 3118 autem
1286 3061 1570 3115 credentes
1604 3061 1656 3113 in
1684 3059 1973 3113 Dominum
2007 3064 2252 3110 nostrum
2285 3052 2369 3106 Jc~

2468 609 2758 679 ζητοῦντα,
2791 610 3042 673 κλέπτας,
3073 610 3417 673 πλεονέκτας,
3467 607 3704 672 ἀδίκους,
3771 610 4029 676 ἀρπαγας

2464 702 2612 751 ποιεῖ
2633 702 2754 762 τοὺς
2791 702 3039 763 ἁλόντας.
3065 701 3171 753 Καὶ
3200 702 3253 752 τί
3303 701 3384 753 δεῖ
3413 702 3591 768 λέγειν
3644 701 3710 752 τά
3779 699 4028 751 ἐντεῦθεν

2462 789 2616 859 μίση.
2648 789 2742 851 τὰς
2774 790 3021 842 ἐντεῦθεν
3059 791 3254 860 μάχας,
3298 792 3387 843 τὸν
3439 792 3630 860 μυρίον
3687 789 3853 858 ἑσμὸν
3913 789 4026 840 τῶν

2461 885 2517 936 ἐν
2551 885 2614 952 τῇ
2642 883 2783 953 ψυχῇ
2809 885 2906 951 τῆς
2942 884 3166 951 ἀτιμίας
3201 883 3388 936 παθῶν
3443 887 3536 935 καὶ
3588 882 3904 951 λογ,ισμῶν;
3961 883 4023 934 Ol

2456 975 2634 1027 τοίνυν
2689 976 2762 1044 μὴ
2830 976 3160 1043 φυλάξαντες
3217 976 3441 1039 ἑαυτοὺς
3496 978 3558 1027 ὲκ
3597 973 3892 1042 τούτων,ἥ
3949 973 4025 1043 μὴ

2457 1067 2869 1137 ὲξιλεωσάμενοι
2894 1070 2981 1122 τὸν
3010 1070 3140 1122 Θεὸν
3175 1070 3240 1122 δι’
3265 1070 3705 1138 ὲξομολογήσεως
3736 1068 3828 1120 καὶ
3861 1084 4027 1136 μετα-

2457 1157 2622 1219 νοίας,
2653 1159 3048 1227 ἀναστήσονται
3080 1159 3199 1224 μὲν,
3236 1158 3368 1210 ἀλλὰ
3429 1157 3661 1210 θανάτου
3718 1155 4024 1223 δεινοτέραν

2459 1249 2849 1316 ὑποστήσονται
2879 1250 3045 1319 ζωὴν,
3070 1250 3230 1318 ὀδύνῃ
3257 1249 3351 1301 καὶ
3391 1248 3567 1316 θλίψει
3633 1248 3722 1299 καὶ
3755 1262 4021 1312 στενοχω-

2435 1341 2693 1411 planta)
2723 1341 2951 1408 αἰσχύνῃ
3008 1339 3403 1408 παραδοθέντες
3461 1340 3684 1406 αίωνίῳ,
3753 1333 4022 1402 σκώληξιν

2457 1435 2774 1502 ἀκοιμήτοις
2805 1432 3264 1500 συνδιαιτώμενοι,
3289 1432 3380 1483 καὶ
3407 1430 3664 1500 σκοτεινῷ
3712 1433 3804 1481 καὶ
3861 1427 4025 1479 ἀσϐέ-

2459 1543 2566 1594 στῳ
2589 1525 2968 1592 συγκαιόμενοι
3000 1523 3152 1591 πυρὶ,
3188 1523 3259 1583 ὠς
3293 1523 3386 1573 καὶ
3407 1523 3432 1573 6
3457 1522 3740 1589 προφήτης
3789 1519 4018 1580 Ἡσαΐας

2459 1618 2788 1687 φησὶν,ὄτι·
2823 1633 2840 1665 t
2909 1614 3376 1680 Ἐκκσυοήσονται
3429 1613 3478 1662 οἱ
3541 1612 3752 1679 ἄνομοι,
3813 1611 3904 1662 καὶ
3961 1610 4008 1660 οί

2459 1707 2770 1778 ἁμαρτωλοὶ
2795 1707 2929 1775 ἆμα,
2965 1707 3058 1756 καὶ
3105 1705 3203 1755 οὐκ
3230 1703 3380 1754 ἔσται
3425 1704 3450 1752 6
3477 1701 3701 1753 σϐέσων.
3738 1718 3755 1749 ι
3806 1699 3896 1750 Διὸ
3926 1699 4019 1751 καὶ

2457 1802 2484 1852 6
2527 1799 2843 1862 Ἀπόστολος
2870 1798 3001 1866 πρὸς
3041 1794 3343 1862 Ἐφεσίους,
3373 1811 3391 1842 ‹
3428 1792 3624 1854 Τοῦτο,
3663 1790 3844 1858 φησὶν,
3893 1787 4016 1840 ἔστε

2459 1889 2833 1958 γινώσκοντες,
2866 1890 2947 1941 ὃτι
2980 1890 3084 1948 ni;
3116 1889 3331 1954 πόρνος,
3365 1885 3398 1954 ἢ
3433 1882 3761 1951 ἀκάθαρτος,
3799 1880 3832 1949 ἢ
3891 1880 4022 1930 πλε-

2458 1981 2704 2048 ονέκτης,
2733 1981 2790 2040 ὃς
2817 1980 2964 2030 ἐστιν
2996 1977 3409 2045 εἰδωλολάτρης,
3442 1976 3541 2027 οὐκ
3593 1974 3704 2041 ἔχει
3761 1972 4022 2038 κληρονο-

2463 2071 2590 2137 μίαν
2622 2069 2777 2137 150
2808 2070 2864 2120 ὲν
2893 2071 2957 2137 τῇ
2995 2067 3240 2136 βασιλείᾳ
3263 2065 3356 2117 τοῦ
3382 2063 3620 2133 Χριστοῦ
3653 2064 3745 2116 καὶ
3773 2060 3907 2112 θεοῦ
3937 2077 3950 2090 ’
3993 2079 4014 2111 ο

2461 2163 2554 2214 καὶ
2587 2159 3168 2228 προσασφαλισάμενος
3196 2157 3297 2218 ἔτι,
3337 2157 3429 2207 καὶ
3478 2154 3600 2216 τοὺς
3663 2153 3834 2214 ἄλλως
3876 2150 4021 2203 6:851-

2464 2270 2692 2314 σκοντας
2721 2249 3085 2318 ἐπιστομίζων
3120 2249 3310 2314 ἐπάγει
3337 2265 3348 2276 ·
3381 2266 3398 2298 t
3428 2247 3631 2314 Άῐηδεῖς
3676 2246 3818 2311 ὑμᾶς
3866 2244 4014 2295 ἀπα-

2461 2345 2610 2397 τάτω
2642 2345 2815 2404 κενοῖς
2851 2341 3028 2407 λόγοις
3066 2355 3078 2370 ·
3109 2339 3196 2390 διὰ
3229 2337 3402 2390 ταῦτα
3427 2337 3534 2405 γὰρ
3563 2336 3778 2403 ἔρχεται
3823 2335 3855 2401 ἡ
3887 2332 4022 2401 ὀργὴ

2460 2434 2557 2488 τοῦ
2617 2433 2752 2486 Θεοῦ
2792 2432 2883 2484 ἐπὶ
2916 2433 3039 2492 τοὺς
3080 2431 3227 2491 υἱοὺς
3275 2428 3376 2496 τῆς
3433 2426 3748 2486 άπειθείας³
3803 2425 3875 2498 μὴ
3931 2418 4024 2475 οῦν

2468 2527 2685 2596 γίνεσθε
2723 2523 3053 2592 συμμέτοχοι
3085 2522 3286 2574 αὐτῶν.
3322 2539 3338 2571 ι
3383 2519 3648 2586 Καθάπερ
3679 2516 3772 2566 καὶ
3823 2515 4021 2580 Κοριν-

2467 2620 2600 2683 θίοις
2629 2616 2953 2672 ἐπιστέλλων
2989 2614 3150 2667 πάλιν
3183 2616 3210 2665 ὁ
3257 2612 3416 2672 αύτός
3461 2625 3634 2678 φησι·
3685 2624 3702 2655 t
3738 2605 3827 2672 Μὴ
3885 2604 4020 2653 πλα-

2464 2712 2628 2765 νᾶσθε
2657 2727 2671 2740 °
2700 2708 2818 2762 οὔτε
2850 2708 3061 2776 πόρνοι,
3091 2703 3213 2757 οὔτε
3246 2701 3647 2768 εἰδωλολάτραι,
3672 2696 3792 2747 οὔτε
3827 2695 4024 2762 μοιχοὶ,

2465 2802 2584 2857 οὔτε
2612 2800 2865 2870 μαλακοὶ,
2896 2798 3016 2851 οὒτε
3055 2796 3446 2866 ἀρσενοκοῖται,
3507 2790 3626 2842 οῦτε
3681 2786 4020 2844 πλεονέκται,

2467 2895 2584 2947 οῦτε
2614 2893 2861 2954 κλέπται,
2896 2890 3015 2943 οὕτε
3046 2888 3289 2958 μέθυσοι,
3317 2885 3376 2937 ού
3407 2884 3654 2950 λοίδοροι,
3696 2880 3792 2947 οὺχ
3845 2874 4024 2945 ἅρπα-

2468 3003 2581 3052 γες,
2617 2983 2889 3052 βασιλείαν
2909 2980 3042 3032 Θεοῦ
3082 2980 3142 3030 ού
3177 2976 3696 3046 κληρονομήσουσιν.
3747 2990 3764 3022 ι

2539 3078 2601 3128 Οί
2633 3076 2685 3126 δὲ
2716 3074 3058 3131 πιστεύοντες
3096 3067 3270 3138 ὀρθῶς
3331 3069 3408 3127 είς
3458 3066 3549 3116 τὸν
3609 3062 3807 3130 Κύριον
3870 3058 4026 3129 ἡμῶν

817 3172 937 3211 sum
972 3157 1275 3217 Christum,
1313 3163 1366 3206 et
1405 3152 1561 3207 ﬁdem
1620 3151 1874 3219 operibus
1930 3149 2361 3208 manifestantes,
2392 3183 2435 3240 ο
2487 3169 2572 3236 ειη,

2272 3158 2361 3208 Les’
2392 3183 2435 3240 ο
2487 3167 2692 3236 Ἰησοῦν
2725 3163 2976 3233 Χριστὸν,
3012 3161 3102 3212 καὶ
3131 3160 3228 3225 τὴν
3254 3158 3433 3209 πίστιν
3482 3155 3547 3207 δι’
3599 3155 3773 3222 ἔργων
3829 3150 4027 3203 ἐπιδει-

816 3248 1168 3314 sibimetipsis
1205 3245 1566 3312 invigilantes,
1586 3243 1665 3296 vel
1698 3256 1754 3294 se
1772 3255 1865 3310 per
1891 3238 2282 3293 confessionem
2316 3243 2368 3287 et

814 3336 1187 3406 pmoitenliam
1213 3333 1566 3386 emundatttes
1593 3346 1618 3382 a
1638 3329 1888 3384 sordibus
1915 3337 2256 3395 peccatorum
2283 3339 2372 3377 su-

814 3444 911 3496 pra
930 3436 1390 3487 enumeratorum,
1410 3432 1460 3476 et
1483 3421 1784 3476 contrarias
1810 3419 1951 3472 vitiis
1975 3419 2198 3470 virtutes
2220 3429 2371 3470 exer-

817 3531 1028 3582 centes,
1095 3516 1524 3585 temperantiam,
1584 3511 1982 3573 castimoniam,
2029 3509 2369 3570 charitatem,

819 3616 1221 3679 eleemosynam
1251 3649 1264 3670 ,
1314 3607 1579 3673 justitiam
1628 3613 1680 3658 et
1715 3603 2018 3656 veritatem.
2061 3600 2150 3652 lsti
2185 3613 2372 3651 omnes

818 3703 1041 3757 redivivi
1079 3700 1297 3753 audient
1325 3699 1497 3766 ipsum
1542 3696 1801 3748 caelorum
1845 3705 2023 3759 regem
2061 3708 2072 3742 :
2110 3708 2128 3738 ί
2161 3689 2371 3751 Venite,

818 3794 1086 3851 benedicti
1129 3791 1298 3845 Patris
1331 3790 1459 3852 mei,
1489 3786 1747 3856 pereipile
1799 3796 2043 3852 paratum
2091 3782 2244 3834 vobis
2290 3795 2371 3832 re-

822 3908 985 3963 gnum
1015 3905 1041 3942 a
1068 3887 1452 3943 constitutione
1480 3882 1754 3945 mundi";
1783 3899 1800 3930 ι
1830 3890 1877 3933 el
1912 3880 1991 3933 sic
2016 3894 2136 3932 cum
2164 3876 2374 3930 Christo

826 3983 1132 4054 regnabttttt
1162 3993 1384 4045 regnum
1410 3975 1630 4030 cteleste
1671 3984 1722 4025 et
1759 3971 2036 4040 paciﬁcum
2073 3968 2287 4028 sortiti,
2323 3975 2376 4018 et

825 4084 1088 4146 perpetuo
1121 4072 1362 4124 viventes
1407 4067 1459 4118 in
1515 4067 1635 4118 luce
1673 4062 1924 4116 ineffabili
1952 4076 2067 4128 quin
2096 4072 2372 4126 vesperam

821 4184 930 4222 non
958 4167 1116 4220 habet
1142 4178 1240 4216 nec
1268 4171 1422 4216 nocte
1447 4156 1879 4223 interrumpitur,
1909 4163 1960 4207 et
1989 4163 2384 4217 conversantes

822 4276 945 4314 cum
981 4257 1186 4311 sanctis
1225 4269 1252 4305 a
1286 4250 1483 4306 sarculo
1522 4250 1573 4300 in
1609 4246 2059 4300 inettarrabilibtts
2086 4243 2291 4296 deliciis
2323 4243 2373 4294 in

823 4352 944 4404 sinu
973 4348 1199 4401 Abrahae
1228 4344 1316 4396 tibi
1344 4357 1447 4394 non
1473 4349 1556 4393 est
1583 4339 1754 4400 dolor,
1784 4352 1957 4404 neque
1989 4335 2169 4388 luctus
2201 4348 2376 4401 neque

821 4442 1074 4510 gemitus.
1100 4436 1424 4490 lnanitnium
1451 4433 1595 4484 enim
1622 4431 1890 4497 spicarum
1918 4441 2021 4478 una
2054 4434 2134 4479 est
2162 4425 2372 4482 messis.

2479 3258 2751 3324 κνύμενοι,
2780 3256 2871 3305 καὶ
2896 3251 3257 3318 φυλάττοντες
3289 3245 3533 3307 ἑαυτοὺς,
3561 3245 3591 3311 ἢ
3622 3245 3713 3294 καὶ
3750 3241 3813 3293 δι’
3840 3239 4029 3308 ἐξομο-

2473 3349 2745 3416 λογήσεως
2772 3347 2863 3396 καὶ
2901 3341 3188 3412 μετανοίας
3218 3337 3567 3406 καθαίροντες
3595 3334 3700 3385 ἀπὸ
3759 3333 3866 3384 τῶν
3929 3347 4027 3398 μο-

2471 3439 2690 3506 λυσμῶν
2716 3437 2821 3488 τῶν
2853 3431 3264 3502 προειρημένων
3301 3426 3610 3496 ἁμαρτιῶν,
3641 3427 3733 3478 καὶ
3759 3424 3856 3484 τὰς
3880 3425 4027 3476 ἀντι-

2474 3531 2659 3591 θέτους
2685 3529 2790 3580 τῶν
2815 3525 3026 3579 κακιῶν
3059 3522 3259 3592 ἀρετὰς
3287 3519 3667 3589 ἐργαζόμενοι,
3689 3515 3787 3584 τὴν
3825 3515 4028 3581 ὲγκράο

2472 3637 2640 3684 τειαν,
2671 3618 2769 3686 τὴν
2795 3614 3168 3684 σωφροσύνην,
3208 3613 3304 3681 τὴν
3345 3612 3586 3678 ἀγάπην,
3656 3609 3754 3676 τὴν
3802 3608 4028 3675 ἐλεημο-

2476 3713 2660 3779 σύνην,
2713 3712 2811 3779 τὴν
2839 3707 3202 3774 δικαιοσύνην,
3230 3705 3326 3774 τὴν
3364 3703 3644 3771 ἀλήθειαν,
3666 3693 3806 3751 οὗτοι
3833 3697 4028 3759 πάντες

2475 3804 2804 3861 ἀναστάντες
2856 3799 3175 3851 ἀκούσονται
3233 3795 3360 3864 παρ’
3412 3793 3573 3847 αὐτοῦ
3617 3793 3708 3845 τοῦ
3767 3790 4027 3860 βασιλέως

2475 3901 2580 3953 τῶν
2609 3899 2850 3965 οὐρανῶν
2882 3914 2893 3924 ·
2930 3914 2948 3946 r
2987 3893 3148 3947 Δεῦτε
3178 3895 3225 3944 οί
3279 3889 3634 3958 εὐλογημένοι
3675 3885 3766 3938 τοῦ
3819 3885 4028 3953 Πατρός

2480 4007 2601 4057 μου,
2637 3988 3079 4056 κληρονομήσατε
3105 3982 3203 4050 τὴν
3236 3981 3645 4049 ἡτοιμασμένην
3674 3977 3828 4053 ,ὑμῖν
3851 3991 3854 3993 ‘
3879 3973 4029 4042 βασι-

2478 4082 2626 4134 λείαν
2650 4080 2754 4133 ἀπὸ
2784 4077 3084 4143 καταϐολῆς
3120 4074 3322 4140 κόσμου
3349 4087 3362 4102 ’
3403 4090 3420 4122 ι
3451 4070 3543 4122 καλ⁵
3567 4068 3709 4122 οῦτω
3766 4065 4030 4135 συμϐασι-

2477 4166 2726 4218 λεύσουσι
2762 4163 2841 4234 τῷ
2868 4161 3109 4233 Χριστῷ,
3145 4158 3421 4229 βασιλείαν
3478 4158 3725 4227 οὐράνιον
3773 4154 3865 4206 καὶ
3899 4153 4032 4206 ἀσά-

2477 4256 2663 4306 λευτον
2694 4252 3216 4321 κληρονομήσαντες,
3248 4250 3336 4303 καὶ
3371 4250 3568 4311 ζῶντες
3597 4247 3685 4300 τὸν
3718 4247 3802 4298 ἀεὶ
3845 4245 4032 4313 χρόνον

2479 4349 2537 4399 ὲν
2567 4348 2704 4414 φωτὶ
2732 4345 3027 4414 ἀπορῤήτῳ
3053 4343 3140 4394 καὶ
3187 4342 3488 4410 ἀνεσπέρῳ,
3525 4341 3618 4391 καὶ
3645 4338 3879 4407 μηδεμιᾷ
3906 4353 4030 4388 ποτε

2479 4440 2636 4491 νυκτὶ
2656 4438 3090 4503 διακοπτομένῳ,
3142 4432 3233 4484 καὶ
3284 4431 3721 4498 συνδιαιτώμενοι
3771 4430 3882 4490 τοῖς
3938 4425 4030 4480 ἀπ’

819 4527 1265 4586 intellectttalittm
1307 4535 1507 4587 autem,
1535 4521 1746 4590 generis
1794 4518 2012 4571 humani
2047 4517 2189 4579 dico,
2233 4530 2372 4568 unus
2402 4520 2452 4580 ι)
2477 4528 2574 4584 atq,

2272 4530 2372 4568 ""3
2402 4520 2452 4580 υ
2477 4528 2667 4588 αἰῶνος
2697 4526 2867 4593 ἁγίοις
2894 4525 2949 4576 ὲν
2983 4525 3205 4594 ἀρρήτῳ
3231 4526 3430 4592 τρυφῇ,
3467 4524 3524 4573 ὲν
3553 4523 3661 4582 τοῖς
3688 4519 3909 4581 κόλποις
3934 4517 4027 4571 τοῦ

821 4633 903 4676 cst
929 4635 1089 4689 quem
1135 4616 1372 4669 diximus
1405 4628 1616 4665 messor
1643 4627 1704 4662 ex
1731 4608 2108 4662 incredulitate
2142 4621 2371 4674 congre-

819 4729 954 4783 gans
974 4710 1038 4763 ad
1066 4710 1223 4762 ﬁdem
1244 4722 1336 4759 eos
1361 4705 1450 4773 qui
1479 4703 1746 4769 rccipiunt
1769 4701 2039 4768 Evangelii
2073 4712 2370 4768 praecones.

823 4807 990 4874 Cujus
1025 4803 1216 4855 messis
1249 4812 1519 4851 messores
1544 4808 1665 4850 sunt
1698 4794 1926 4862 apostoli
1947 4801 1999 4844 et
2026 4791 2216 4845 horum
2252 4804 2376 4841 suc-

822 4909 1067 4952 cessores
1098 4904 1149 4947 et
1183 4906 1278 4961 pro
1324 4901 1562 4956 tempore
1598 4886 1853 4939 Ecclesite
1886 4884 2156 4937 doctores.
2193 4880 2265 4933 De
2294 4880 2378 4933 his

820 4990 1071 5043 Christus
1101 4999 1263 5052 supra
1289 4982 1423 5036 dixit
1452 4996 1464 5032 :
1499 4999 1514 5029 ι
1543 4978 1643 5043 Qui
1671 4977 1841 5036 metit.
1867 4975 2165 5029 mercedem
2189 4973 2382 5040 accipit

821 5093 874 5135 et
910 5085 1199 5145 congregat
1229 5075 1432 5125 fructus
1455 5073 1505 5123 itt
1527 5073 1687 5123 vitam
1716 5080 1991 5122 mternam.
2021 5066 2094 5119 Eo
2110 5065 2249 5119 enim
2271 5080 2385 5118 ma-

819 5176 992 5239 jorem
1017 5187 1043 5222 a
1063 5170 1169 5222 Deo
1191 5166 1448 5235 recipient
1463 5161 1948 5217 remunerationem
1971 5157 2183 5228 pietatis
2200 5157 2387 5210 docto-

825 5283 931 5325 res,
951 5278 1056 5330 quo
1074 5263 1252 5329 plures
1270 5261 1333 5311 ad
1357 5259 1515 5309 sitam
1541 5269 1794 5308 :eterttam
1828 5252 2228 5320 cettgregabuut
2263 5265 2385 5318 per-

825 5370 1037 5410 suasos.
1063 5352 1178 5404 Alia
1210 5352 1481 5403 adhuccst
1508 5346 1730 5400 messis:
1757 5344 2184 5410 uniusmtjusque
2203 5357 2260 5393 ca
2288 5356 2383 5394 no-

827 5451 907 5501 lis
946 5462 1035 5516 per
1070 5455 1294 5497 mortem
1323 5459 1347 5494 a
1372 5440 1622 5509 pra‘senti
1656 5439 1756 5489 vita
1777 5437 1840 5489 ad
1876 5435 2110 5487 futuram
2155 5435 2384 5487 transla-

831 5544 923 5602 tio,
965 5553 1084 5605 qua:
1118 5534 1310 5587 messis
1331 5547 1434 5584 non
1457 5531 1732 5600 apostolos
1755 5528 1844 5580 sed
1869 5527 2085 5596 angelos
2116 5540 2382 5579 messores

827 5633 1007 5695 habet,
1031 5629 1317 5698 quialiqtto
1341 5625 1502 5677 modo
1529 5621 1787 5692 apestolis
1817 5627 2092 5690 praestant,
2113 5619 2239 5686 quia
2265 5627 2383 5686 post

901 5807 1017 5837 "'"
1055 5807 1153 5860 lsa.
1198 5819 1342 5859 vat.
1375 5802 1462 5855 ‘2‘.
1541 5802 1583 5830 '”
1617 5801 1811 5870 ΙίρΙιυε.
1843 5814 1893 5863 ν,
1933 5797 1982 5850 5.
2061 5796 2103 5826 ⁷⁸
2142 5794 2301 5861 lbid.,
2326 5795 2376 5849 6.

2483 4620 2753 4688 Ἀϐραὰμ,
2805 4616 2931 4668 ἔνθα
2962 4615 3169 4683 ἀπέδρα
3204 4617 3348 4666 πᾶσα
3379 4613 3559 4680 ὀδύνη.
3594 4611 3689 4664 καὶ
3731 4610 3895 4679 λύπη,
3933 4609 4027 4663 καὶ

2471 4709 2794 4777 στεναγμός.
2833 4705 2965 4758 Ἐπὶ
3016 4706 3114 4774 μὲν
3166 4705 3272 4773 γὰρ
3325 4703 3432 4755 τῶν
3477 4702 3696 4770 ἀψύχων
3747 4701 4032 4768 ἀσταχύων

2476 4795 2553 4861 εἷς
2583 4803 2726 4851 ἐστιν
2758 4800 2783 4850 6
2814 4796 3090 4866 Θερισμὸς,
3127 4796 3217 4847 ἐπὶ
3244 4795 3298 4846 δὲ
3326 4795 3429 4845 τῶν
3455 4793 3683 4858 λογικῶν
3712 4792 4019 4859 ἀσταχύων,

2478 4892 2566 4945 τοῦ
2600 4891 2786 4958 γένους
2816 4888 2921 4940 τῶν
2961 4886 3260 4956 ἀνθρώπων
3303 4887 3466 4952 λέγω,
3505 4881 3580 4946 εἷς
3634 4885 3732 4952 μὲν
3783 4883 3926 4935 ἔστιν
3974 4883 4030 4934 ὃν

2483 4985 2711 5052 ἔφημεν,
2741 4983 2971 5047 θερίζων
3005 4981 3111 5032 ἀπὸ
3135 4979 3412 5040 ἀπιστίας,
3448 4979 3539 5029 καὶ
3569 4977 3817 5041 συνάγων
3845 4977 3922 5036 εἰς
3947 4973 4033 5024 πε-

2485 5093 2600 5127 στιν
2627 5076 2750 5135 τοὺς
2789 5072 3105 5140 δεχομένους
3130 5069 3219 5121 τοῦ
3259 5068 3590 5136 Εὑαγγελίου
3645 5067 3702 5117 τὸ
3756 5068 4031 5132 κήρυγμα,

2481 5166 2573 5217 καὶ
2608 5164 2793 5216 τούτου
2837 5161 2926 5213 τοῦ
2963 5159 3220 5229 θερισμοῦ
3264 5157 3506 5228 Θερισταί
3563 5159 3697 5207 εἰσιν
3721 5157 3769 5206 οἱ
3800 5153 3891 5205 τοῦ
3924 5157 4034 5206 Κν-

2488 5259 2598 5327 ρίου
2632 5255 2940 5316 ἀπόστολοι,
2969 5253 3062 5303 καὶ
3122 5252 3169 5302 οἱ
3205 5252 3406 5301 τούτων
3443 5248 3692 5317 διάδοχοι,
3744 5247 3838 5298 καὶ
3897 5245 4035 5297 κατὰ

2487 5349 2710 5416 καιροὺς
2750 5347 2796 5396 οἱ
2828 5345 2923 5413 τῆς
2952 5341 3279 5410 Ἐκκλησὶας
3301 5341 3628 5400 διδάσκαλοι,
3657 5339 3785 5406 περὶ
3820 5332 3893 5389 ὧν
3941 5336 4036 5387 καὶ

2483 5437 2737 5503 ἀνωτέρω
2779 5431 2929 5486 εἶπεν
2962 5437 2988 5486 6
3026 5435 3280 5502 Χριστὸς,
3305 5435 3383 5484 ὅτι
3415 5445 3426 5458 ·
3491 5448 3508 5480 t
3546 5432 3606 5481 'U
3651 5429 3879 5499 θερίζων
3942 5446 4030 5496 μι-

2485 5527 2610 5579 σθὶν
2640 5527 2927 5593 λαμϐάνει,
2965 5527 3055 5576 καὶ
3091 5524 3311 5590 συνάγει
3347 5523 3554 5591 καρπον
3607 5523 3683 5582 είς
3725 5519 3868 5586 ζωὴν
3901 5518 4028 5570 αἰώ-

2485 5637 2592 5671 νιον
2631 5635 2645 5650 ο
2684 5638 2700 5670 ι
2732 5619 2962 5688 ἀμοιϐὴυ
2990 5617 3096 5687 γὰρ
3127 5616 3380 5682 τοιαύτην
3434 5614 3688 5681 λήψονται
3727 5611 3876 5678 παρὰ
3903 5605 4038 5662 Θεοῦ

2454 5796 2495 5828 ⁷⁷
2532 5793 2703 5847 lCor.
2743 5807 2814 5857 γι,
2847 5791 2898 5845 9.
3008 5803 3020 5822 '
3048 5792 3212 5846 Matth
3291 5806 3410 5857 νιν,
3449 5788 3515 5842 54
