4444 6450
426 401 532 465 349
1736 408 2070 474 HOMILIA
2130 418 2378 482 XXVII.
3552 430 3656 492 350

427 514 524 568 καὶ
555 510 919 582 μακροθύμως
983 515 1339 585 ἐκδεχομένου
1388 516 1485 586 τὴν
1556 517 1760 571 τούτων
1805 523 2170 593 επιστροφήν.
2223 529 2286 580 Οί
2334 531 2390 582 δὲ
2453 531 2526 602 μὴ
2601 535 3037 603 μετανοήσαντες
3085 535 3337 598 ἐνταῦθα,
3398 537 3517 589 τότε
3561 539 3652 590 καί

427 605 526 673 τῆς
589 607 738 669 θείας
792 607 992 678 ἀνοχῆς
1050 609 1144 661 καὶ
1201 609 1589 679 μακροθυμίας
1616 611 1992 682 στερηθέντες.
2033 617 2126 669 καὶ
2181 620 2280 689 τῆς
2318 623 2424 677 ἀπὸ
2467 626 2574 678 τῶν
2636 630 2906 698 αίσθητῶν
2985 632 3076 682 τοῦ
3136 632 3270 684 θεοῦ
3341 635 3654 700 κτισμάτων

429 702 802 765 ἀπολαύσεως.
830 705 925 755 καὶ
950 704 1093 758 οὕτω
1121 706 1215 759 ⁴τοῦ
1237 705 1370 759 Θεοῦ
1395 707 1730 778 πορρωτέρω
1758 712 2040 777 γεγονότες
2071 713 2166 765 καὶ
2199 717 2368 789 αὐτῆς
2435 723 2534 791 τῆς
2601 725 2808 788 ἐλπίδος
2875 727 3330 794 ἀπεστερημένοι,
3385 730 3450 796 τῇ
3525 728 3656 778 αἰω-

429 798 528 868 νίῳ
563 800 1028 868 παραδοθήσονται
1059 801 1299 857 κολάσει.
1627 814 1630 816 ⁷

477 892 611 964 ,Καὶ
645 890 738 942 νῦν
767 891 864 959 μὲν
893 891 997 982 ἔξω
1019 893 1110 944 τοῦ
1137 891 1394 960 ἀληθινοῦ
1418 893 1594 961 φωτὸς
1628 893 1803 960 ὄντες,
1861 893 1992 959 ted)-
2021 900 2066 954 Α
2166 896 2232 950 Νι

1897 893 2066 959 ξώολ
2166 896 2319 951 Nunc
2346 898 2562 966 quidem
2597 899 2754 969 longe
2811 913 2992 956 sunt:
3063 916 3192 955 vero
3243 901 3465 962 lumine,
3521 913 3652 959 tunc

429 997 585 1050 τερον
614 981 691 1046 δὲ,
717 981 966 1053 καθάπερ
1008 985 1240 1051 ἔφημεν,
1274 985 1464 1038 τούτου
1509 985 1630 1039 τότε
1690 986 1990 1054 γεγονότες,
2097 1002 2184 1041 ver

1896 1003 1990 1048 τες,
2097 989 2416 1051 vero,'sicut
2436 990 2694 1054 diximus,
2718 992 2783 1044 ab
2813 1008 2875 1045 eo
2899 993 3109 1060 longius
3136 993 3284 1054 fient,
3311 1001 3364 1045 et
3409 993 3651 1046 exterio-

432 1075 525 1125 καὶ
565 1074 641 1143 τῷ
707 1074 955 1145 ὲξωτέρῳ
1019 1074 1114 1128 τοῦ
1175 1076 1324 1137 οντος
1377 1078 1552 1144 φωτδς
1599 1079 1991 1146 παραδοθέντες
2100 1080 2250 1134 ribus
2285 1095 2469 1133 avero
2501 1082 2707 1136 lumine
2739 1082 2977 1136 tenebris
3029 1083 3340 1144 traduntur,
3411 1093 3463 1136 et
3520 1097 3653 1135 con-

433 1167 633 1225 σκότει,
662 1166 752 1217 καὶ
781 1169 846 1235 τῇ
891 1168 1308 1236 ἀπαραμυθήτῳ
1349 1166 1524 1236 θλίψει
1576 1169 1670 1220 καὶ
1737 1185 1996 1238 στενοχω-

435 1259 544 1327 ρτᾳ,
577 1258 650 1320 ὡς
681 1258 772 1310 καὶ
793 1261 820 1310 6
861 1259 1179 1320 ’Δπόστολὸς
1209 1260 1491 1328 φησιν,ὅτι
1514 1274 1530 1290 ⁶
1593 1277 1612 1310 ε
1635 1261 1708 1312 Τὸ
1757 1261 1992 1330 χρηστὸν

433 1349 526 1402 τοῦ
557 1349 690 1400 Θεοῦ
709 1352 786 1413 είς
817 1351 1103 1417 μετάνοιάν
1136 1367 1194 1402 σε
1217 1351 1360 1416 ἄγει,
1393 1351 1531 1404 κατά
1571 1351 1627 1404 δὲ
1672 1351 1769 1421 τὴν
1830 1352 1993 1421 σκλη-

435 1441 636 1507 ρότητά
690 1458 783 1494 σου
823 1444 920 1504 καὶ
948 1443 1310 1511 ἀμετανόητον
1366 1443 1993 1514 καρδίαννθησαυρίζεις

435 1533 649 1603 σεαυτῷ
671 1534 841 1603 ὀργὴν
893 1537 950 1588 ἐν
992 1537 1176 1604 ἡμέρα
1216 1535 1388 1603 ὀργῆς
1445 1538 1537 1589 καὶ
1601 1537 1994 1605 δικαιοκρισίας

433 1627 528 1678 καὶ
564 1625 960 1694 ἀποκαλύψεως
1009 1626 1168 1680 Θεοῦ.
1203 1646 1218 1674 ι
1293 1628 1491 1697 Ὀργὴν
1547 1627 1602 1680 δὲ
1648 1629 1852 1697 Κυρίου
1911 1629 1993 1691 τίς

433 1717 680 1779 ὑποίσεις
731 1717 835 1779 Τίς-
868 1717 1127 1783 ὑπομενεί
1171 1717 1291 1769 τότε
1340 1719 1431 1770 τον
1483 1717 1698 1787 ἔλεγχον
1760 1719 1856 1771 καὶ
1896 1719 1993 1787 τὴν

433 1807 694 1877 αἰσχύνην
721 1807 954 1876 ἐκείνην,
980 1809 1045 1878 ἢν
1071 1809 1349 1870 ὑπέδειξεν
1367 1811 1497 1876 ἡμῖν
1522 1813 1548 1862 6
1583 1810 1784 1878 Κύριος
1833 1812 1890 1862 ιν
1919 1811 1993 1880 τῷ

433 1897 746 1964 Εὐαγγελίῳ
784 1897 870 1950 διὰ
919 1898 1014 1965 τῆς
1046 1899 1384 1965 παραϐολῆς,
1419 1900 1590 1965 λέγων
1623 1902 1758 1969 πρὸς
1794 1903 1884 1953 τὸν
1919 1903 1992 1964 ὡς

431 1988 669 2050 δυσειδὲς
700 1989 902 2056 ἔνδυμα
930 1990 1027 2057 τῆς
1059 1989 1331 2058 ἁμαρτίας
1361 1991 1742 2058 περικείμενον
1768 2007 1782 2022 ·
1815 2009 1833 2042 ι
1872 1993 1993 2054 Πῶς

432 2078 676 2143 εἰσῆλθες
706 2071 818 2144 ὧδει
847 2079 920 2146 μὴ
951 2078 1089 2147 ἔχων
1115 2079 1316 2147 ἔνδυμα
1339 2079 1520 2147 γάμου
1553 2098 1565 2144 ;
1601 2098 1617 2130 I
1643 2083 1732 2134 τὸν
1773 2098 1993 2152 κεχαρι-

432 2170 673 2237 τωμένον
719 2170 816 2238 τῆς
861 2171 1059 2239 ἀρετῆς
1083 2171 1325 2240 κόσμον;
1364 2173 1612 2233 κάκεῖνος
1646 2173 1750 2242 γάρ
1785 2173 1985 2241 ἐφιμώ-

432 2258 521 2326 θη,
550 2259 623 2327 μὴ
652 2261 789 2328 ἔχων
805 2261 990 2329 διᾶραι
1014 2261 1206 2328 στόμα.
1232 2262 1325 2323 Τίς
1372 2264 1633 2330 ύπομενεῐ
1686 2264 1784 2332 τὴν
1841 2264 1988 2315 θείαν

434 2351 551 2419 μετ’
587 2351 753 2416 ὀργῆς
781 2351 1056 2415 ἀπόφασιν
1085 2352 1320 2418 ἐκείνην,
1351 2356 1442 2405 καὶ
1481 2354 1579 2423 τὴν
1605 2355 1712 2406 τῶν
1744 2354 1988 2420 ἀγγέλων

432 2442 887 2509 εἱς-ἐκπλήρωσιν
914 2443 1126 2510 ἐκείνης
1153 2444 1524 2514 σψοδροτάτην
1579 2447 1772 2514 ὁρμὴν,
1831 2448 1989 2515 ἀναρο

434 2532 712 2596 παζόντων
738 2533 828 2585 τὸν
855 2534 1186 2602 κατάκριτον
1230 2536 1338 2588 ἀπὸ
1402 2536 1496 2588 τοῦ
1546 2537 1707 2606 χοροῦ
1760 2537 1867 2588 τῶν
1915 2538 1989 2589 δι-

432 2626 627 2686 καίων,
659 2627 749 2676 καὶ
771 2625 1112 2694 χωριζόντων
1130 2627 1203 2687 ῶς
1246 2629 1311 2678 τὰ
1357 2626 1576 2688 ζιζάνια
1613 2626 1718 2679 ἀπὸ
1751 2626 1844 2678 τοῦ
1909 2627 1987 2678 σί-

431 2733 548 2779 του,
585 2717 678 2770 καὶ
701 2716 1044 2783 δεσμούντων
1086 2717 1350 2783 ἀνηλεῶς,
1403 2718 1498 2769 καὶ
1540 2717 1819 2769 ὠθούντων
1884 2717 1983 2783 φεῦ

432 2808 510 2868 εἰς
543 2807 640 2874 τὴν
674 2808 927 2872 γέεννανί
956 2807 1050 2868 Τίς
1077 2807 1343 2870 ὑπομενεί
1369 2808 1430 2860 τδ
1471 2809 1754 2878 ἐξώτερον,
1788 2810 1881 2861 καὶ
1905 2811 1983 2870 εἰς

432 2895 635 2957 αίῶνας
662 2897 963 2963 ἀφώτιστον
982 2899 1155 2950 ἐκεῖνο
1189 2899 1397 2962 σκότος,
1428 2900 1516 2950 τὸν
1561 2899 1837 2954 ἄπαυστον
1893 2901 1985 2953 καὶ

431 2987 861 3057 ἀπαραμύθητον
915 2989 977 3040 ὲκ
1042 2989 1270 3059 σφοδροῦ
1328 2991 1553 3053 πένθους
1603 2991 1820 3053 κλόνον,
1893 2995 1985 3044 καὶ

432 3079 674 3146 βρυγμὸν
698 3080 791 3130 καὶ
815 3081 1188 3150 συγκρουσμὸν
1215 3081 1320 3133 τῶν
1347 3082 1572 3135 ὀδόντων
1593 3099 1606 3145 ;
1633 3083 1731 3152 τὴν
1752 3085 1983 3152 ἄληκτον

432 3173 526 3223 καὶ
559 3173 830 3238 ἀφόρητον
863 3173 925 3223 ὲκ
964 3171 1061 3240 τῆς
1098 3173 1342 3235 καύσεως
1377 3175 1568 3244 ὀδύνην
1606 3176 1698 3228 τοῦ
1720 3177 1982 3229 ἀσὸἐστου

429 3263 598 3330 πυρός
621 3281 633 3325 ;
659 3257 767 3314 οἷον
789 3263 844 3315 δὲ
874 3263 932 3314 τὸ
951 3263 1059 3332 πῦρ
1093 3264 1288 3327 ἐκεῖνο,
1330 3265 1356 3317 6
1389 3267 1480 3318 καὶ
1524 3267 1793 3334 σωμάτων
1819 3266 1985 3319 ἄπτε-

426 3365 534 3409 ται,
565 3349 656 3398 καὶ
684 3347 791 3398 τῶν
817 3350 872 3399 ὲν
900 3348 1142 3415 σώμασιν
1169 3351 1357 3412 ὄντων.
1388 3353 1479 3404 καὶ
1509 3353 1614 3404 τῶν
1639 3354 1736 3406 ούκ
1764 3356 1821 3405 ὲν
1881 3355 1984 3406 σώο

432 3451 566 3500 μασι
603 3437 987 3501 πνευματικῶν
1036 3437 1237 3489 ὀδυνῶν
1277 3440 1391 3506 ἅμα
1451 3442 1544 3493 καὶ
1603 3445 1983 3512 παρακατέχον

2100 1080 2250 1134 ribus
2285 1095 2312 1132 a
2341 1096 2469 1133 vero
2501 1082 2707 1136 lumine
2739 1082 2977 1136 tenebris
3029 1083 3340 1144 traduntur,

2101 1171 2307 1225 tritioni
2338 1173 2455 1227 sine
2481 1172 2588 1224 ullo
2645 1174 2906 1226 levamine
2935 1181 2987 1226 et
3053 1173 3342 1242 angustiis,
3392 1173 3653 1240 quemad-

2101 1265 2319 1317 modum
2355 1265 2491 1317 dixit
2519 1265 2845 1332 Apostolus:
2891 1285 2908 1316 ι
2942 1265 3274 1334 Benignitas,
3309 1267 3501 1330 inquit.
3556 1265 3652 1318 Dei

2101 1351 2164 1404 ad
2197 1351 2568 1416 paenitentiam
2599 1361 2650 1406 te
2689 1353 2944 1416 adducit;
2977 1354 3277 1406 secundum
3345 1363 3526 1407 autem
3553 1355 3655 1407 du-

2096 1444 2275 1496 ritiam
2335 1455 2478 1497 tuam
2532 1456 2586 1499 et
2621 1447 2968 1514 impmnitens
3015 1463 3129 1510 cor,
3177 1449 3513 1502 thesaurizas
3552 1448 3649 1502 tibi

2098 1536 2230 1586 iram
2261 1534 2312 1586 in
2339 1535 2555 1597 dieirze,
2581 1545 2633 1587 et
2660 1536 3004 1588 revelationis
3028 1536 3156 1604 justi
3189 1537 3380 1604 judicii
3409 1537 3500 1590 Dei
3520 1537 3589 1590 ".
3622 1555 3642 1587 ι

2098 1623 2233 1676 Iram
2270 1634 2449 1681 autem
2487 1626 2697 1680 Domini
2766 1628 2889 1694 quis
2950 1628 3276 1682 sustinebit?
3332 1628 3468 1693 Quis
3521 1639 3652 1682 tunc

2097 1715 2317 1771 suﬂ‘eret
2427 1719 2881 1786 vituperationem
2991 1720 3135 1770 illam
3230 1728 3285 1771 et
3371 1719 3654 1772 crnfusio-

2093 1823 2215 1860 nem
2252 1823 2412 1876 quam
2459 1811 2780 1862 monstravit
2836 1811 2992 1863 nobis
3038 1811 3297 1863 Dominus
3343 1811 3396 1863 ia
3467 1810 3648 1863 Evan-

2095 1902 2234 1970 gclio
2288 1915 2380 1966 per
2441 1901 2749 1963 parabolam
2799 1901 2985 1956 dicens
3021 1904 3086 1956 ad
3149 1917 3274 1956 enm
3324 1903 3415 1971 qui
3473 1902 3650 1956 defor-

2095 1993 2166 2044 mi
2223 1993 2536 2046 indumento
2599 1993 2804 2061 peccati
2864 1993 3243 2046 vestiebatur:
3283 2010 3300 2042 ι
3364 1993 3648 2056 Quomodo

2094 2082 2198 2134 huc.
2235 2083 2445 2134 intrasti
2491 2098 2594 2135 non
2653 2083 2857 2135 habens
2926 2092 3128 2135 vestem
3186 2082 3476 2150 nuptialem
3497 2083 3541 2111 "
3574 2121 3588 2143 ,
3623 2098 3643 2131 ι

2095 2175 2463 2242 gratissimum
2500 2175 2712 2228 virtutis
2758 2177 3005 2227 cultum?
3066 2174 3157 2226 Ille
3194 2175 3336 2226 enim
3379 2173 3650 2226 obmutuit

2094 2282 2195 2318 non
2228 2268 2432 2320 habens
2461 2282 2569 2334 quo
2591 2281 2650 2319 os
2678 2268 2936 2334 aperiret.
2971 2265 3103 2330 Quis
3133 2263 3430 2317 sustinebit
3452 2264 3647 2314 iratam

2094 2349 2358 2410 illam'Dei
2392 2356 2741 2419 sententiam,
2774 2365 2827 2408 et
2850 2353 3390 2408 vehementissimum
3451 2353 3516 2405 ad
3580 2352 3645 2404 il-

2092 2447 2197 2498 lam
2261 2448 2585 2515 implendam
2644 2447 2958 2513 angelorum
3030 2446 3312 2513 impetum,
3370 2442 3462 2511 qui
3515 2457 3646 2495 con-

2089 2538 2401 2590 demnatum
2425 2553 2453 2590 a
2487 2538 2704 2605 regione
2727 2537 3006 2605 justorum
3068 2535 3325 2602 eripient,
3347 2543 3400 2586 et
3465 2546 3648 2601 segre-

2089 2629 2292 2695 gahunt
2318 2628 2691 2680 velutzizania
2725 2642 2753 2679 a
2797 2628 2999 2688 tritico.
3027 2634 3082 2680 et
3117 2628 3236 2680 sine
3263 2623 3641 2678 misericordia

2088 2719 2389 2786 alligatum.
2419 2719 2520 2770 heu
2559 2719 2572 2768 !
2605 2718 2822 2770 mittent
2853 2718 2904 2768 in
2933 2716 3272 2784 gehennam!
3308 2713 3442 2777 Quis
3472 2712 3648 2766 suslio

2088 2810 2234 2862 nehit
2265 2809 2563 2862 exteriores
2595 2808 2712 2860 illas
2734 2818 2784 2860 et
2840 2807 2891 2858 in
2917 2807 3110 2861 smcula
3159 2805 3471 2872 spissandas
3500 2813 3650 2856 tene-

2088 2902 2235 2964 bras,
2264 2909 2317 2953 et
2348 2901 2668 2953 continuum
2723 2900 2912 2952 etsinc
2954 2897 3224 2950 levamine
3273 2894 3642 2948 miserandum

2087 3007 2151 3044 ex
2208 2992 2533 3044 vehementi.
2567 3005 2798 3043 maerore
2859 2990 3287 3059 tumultumhct
3357 2985 3646 3039 stridorem

2087 3085 2461 3149 crepitumque
2513 3079 2793 3132 dentium?
2824 3079 2946 3146 quis
2999 3078 3318 3131 continuum
3346 3085 3400 3129 et
3451 3075 3647 3129 intole-

2088 3175 2308 3227 rabilem
2349 3188 2457 3241 pra:
2489 3174 2773 3226 adustione
2803 3173 2946 3241 ignis
2999 3169 3456 3238 inexstinguibilis
3489 3168 3645 3221 dolo-

2086 3265 2395 3332 rem1quis
2427 3264 2574 3316 illum
2632 3263 2806 3332 ignem
2861 3260 2951 3328 qui
3005 3269 3108 3313 tam
3160 3273 3386 3326 corpora
3447 3258 3640 3326 tangit,

2086 3367 2247 3421 quam
2281 3352 2509 3418 spiritus
2536 3352 2649 3403 sive
2703 3350 3022 3417 corporibus
3066 3349 3174 3400 sint
3229 3349 3361 3398 uniti
3396 3347 3507 3399 sive
3533 3360 3642 3416 non

2086 3444 2214 3504 sint,
2240 3441 2570 3494 immortales
2607 3427 2907 3492 cruciando
2963 3437 3328 3504 amplectitur,
3367 3449 3460 3503 per
3480 3449 3640 3503 quem

416 3527 688 3592 ρθάνατα,
728 3526 794 3576 δι’
823 3520 881 3577 οὗ
927 3527 1017 3578 καὶ
1053 3528 1112 3578 τὸ
1161 3528 1280 3579 καθ’
1310 3529 1454 3594 ἡμᾶς
1507 3531 1616 3600 πῦρ
1661 3533 1980 3602 τακήσεται,
2008 3543 2052 3603 ρ
2085 3535 2171 3586 eti:

1884 3535 2245 3603 rat,cctiam
2273 3533 2414 3601 ignis
2469 3543 2647 3584 noster
2711 3531 3084 3592 comburetur,
3155 3537 3315 3598 prout
3375 3527 3639 3595 scriptum

427 3619 563 3669 κειτά
595 3619 648 3669 τδ
680 3619 1083 3686 γεγραμμένον,
1118 3621 1358 3687 στοιχεῖα
1388 3620 1442 3671 δὲ
1473 3621 1788 3691 πυρούμενα
1811 3626 1977 3688 τήκε-

425 3725 532 3759 ται.
579 3709 714 3777 Ὀση
776 3710 832 3760 δὲ
885 3710 980 3776 τῆς
1038 3709 1226 3776 ὀδύνης
1277 3711 1558 3780 προσθήκη
1803 3714 1979 3780 τὸτῆς

425 3799 844 3867 ἀπολυτρώσεως
875 3801 1280 3870 ἀπροσδόκητον
1309 3817 1321 3864 ;
1353 3802 1418 3852 Τί
1441 3801 1496 3853 δὲ
1529 3804 1590 3853 τὸ
1618 3803 1750 3871 μηδὲ
1775 3804 1904 3872 ὁρᾷν

426 3885 594 3939 κακοῦ
630 3886 856 3956 κείμεθα
887 3906 902 3953 ;
936 3890 1028 3940 καὶ
1055 3890 1163 3956 γὰρ
1189 3889 1492 3957 ἀφώτιστον
1523 3893 1703 3943 ἐκεῖνο
1733 3893 1791 3944 τὸ
1821 3894 1933 3962 πῦρ
1962 3910 1975 3923 ο

424 3975 574 4041 οὗτος
605 3980 658 4031 δὲ
685 3984 712 4031 6
744 3982 996 4051 θερισμὸς
1029 3983 1240 4046 όαύτός
1266 3985 1380 4034 ἔστι
1409 3986 1501 4035 καὶ
1542 3987 1607 4052 τῇ
1643 3980 1981 4037 ἆλωνίὲκεί-

424 4086 510 4141 νῃ.
552 4073 618 4140 ἥν
653 4075 678 4122 ὁ
713 4073 946 4140 Χριστὸς
999 4074 1242 4142 κατέχων
1279 4077 1345 4127 ’τὸ
1393 4077 1560 4127 πτύον
1615 4078 1673 4127 ὲν
1718 4078 1781 4144 τῇ
1836 4078 1979 4146 χειρὶ

424 4161 586 4212 αὑτοῦ
647 4161 1020 4229 διακαθαριεῖ,
1084 4165 1156 4226 ὡς
1208 4168 1235 4218 6
1294 4167 1605 4236 Πρόδρομος
1666 4167 1828 4220 αὑτοῦ
1886 4170 1980 4221 καὶ

424 4253 731 4321 Βαπτιστὴς
772 4255 975 4329 ἐδίδαξε
1020 4272 1032 4286 ·
1073 4258 1161 4308 καὶ
1202 4258 1292 4308 τὸν
1335 4259 1431 4326 μὲν
1463 4262 1608 4311 σῖτον
1655 4260 1868 4322 συνάξει
1900 4262 1978 4322 είς

421 4343 518 4412 τὴν
550 4346 832 4416 ἀποθήκην
857 4346 1042 4408 αὑτοῦ,
1073 4347 1133 4398 τὸ
1161 4347 1216 4400 δὲ
1250 4349 1451 4418 ἄχυρον
1481 4351 1819 4403 κατακαύσει
1844 4352 1978 4419 πυρὶ

422 4420 671 4502 ἀσϐέστῳ
700 4452 714 4466 ο
739 4435 835 4497 τὰς
869 4437 976 4504 γὰρ
1003 4437 1299 4503 ἀγγελικάς
1323 4439 1579 4506 δυνάμεις
1610 4440 1774 4491 πτύον
1803 4442 1858 4490 ἐν
1907 4443 1972 4510 τῇ

420 4528 562 4595 χειρὶ
586 4526 826 4595 ὑπάρχον
859 4527 952 4579 τοῦ
993 4529 1226 4598 Χριστοῦ
1280 4531 1306 4581 6
1349 4530 1654 4599 Βαπτιστὴς
1702 4531 1927 4584 ἐκάλεσε
1957 4550 1971 4561 ·

420 4617 586 4670 πτύον
613 4617 670 4669 δέ
708 4620 821 4669 ἐστι
851 4619 908 4669 τὸ
941 4619 1319 4689 λικμητήριον.

489 4711 702 4778 Ὥσπερ
733 4705 826 4761 οὖν
853 4709 1008 4761 τοῦτο
1037 4712 1090 4761 ὲν
1129 4713 1248 4772 ταῖς
1274 4713 1460 4781 χερσὶν
1498 4713 1558 4766 ὃν
1591 4714 1682 4767 τοῦ
1727 4709 1972 4786 γεωργοῦ

418 4799 785 4852 κινεῖταιὸποι
813 4799 876 4852 ἂν
909 4802 1000 4852 καὶ
1031 4802 1177 4863 ὅπως
1208 4805 1234 4852 6
1255 4805 1499 4872 γεωργὸς
1558 4806 1778 4878 θελήσῃ,
1827 4808 1969 4861 οὕτω

417 4893 509 4942 καὶ
542 4892 588 4941 oi
621 4892 840 4957 ἄγγελοι
873 4895 928 4944 ὲν
956 4896 1018 4961 τῇ
1046 4896 1188 4962 χειρὶ
1213 4895 1364 4957 ὄντες
1395 4899 1489 4950 καὶ
1520 4902 1583 4968 τῇ
1617 4900 1834 4967 ἐξουσίᾳ
1875 4900 1966 4951 τοῦ

417 4983 621 5050 Κυρῖου
653 4984 806 5050 ἡμῶν
835 4985 1008 5052 Ἰησοῦ
1033 4986 1295 5052 Χριστοῦ,
1334 4989 1604 5044 κινοῦνται
1643 4992 1760 5043 ὅποι
1788 4994 1852 5044 ἂν
1878 4993 1970 5044 καὶ

415 5075 559 5136 ὅπως
591 5075 748 5136 αὐτὸς
781 5075 1055 5143 βούληται,
1099 5081 1190 5130 καὶ
1216 5081 1481 5148 πληροῦσι
1512 5084 1570 5134 τὸ
1613 5082 1820 5152 θέλημα
1875 5087 1970 5136 αύ-

412 5166 530 5218 τοῦ.
553 5166 726 5233 Ὀπερ
757 5167 812 5216 δὲ
842 5169 897 5217 ὲν
930 5169 1120 5238 ἐκείνῳ
1164 5171 1239 5236 τῷ
1269 5171 1510 5242 θερισμῷ
1571 5175 1738 5242 ἀγρὸν
1795 5171 1968 5238 εἶπεν,

415 5255 593 5306 ἇλωνα
623 5257 850 5308 ὲνταῦοα
877 5263 1171 5327 προσεῖπεν
1206 5280 1218 5291 ο
1249 5265 1305 5314 ὲν
1340 5265 1446 5330 γὰρ
1488 5268 1550 5332 τῇ
1584 5265 1746 5318 ἄιωνι
1795 5269 1969 5318 πάντα

413 5353 480 5401 τὰ
516 5351 618 5402 ἀπὸ
644 5352 732 5401 τοῦ
767 5352 936 5420 ἀγροῦ
971 5354 1308 5420 συναγόμενα
1343 5354 1679 5421 λαμϐάνουσι
1727 5355 1824 5422 τὴν
1853 5356 1968 5407 διὰ-

411 5459 611 5510 κρισιν.
649 5446 750 5494 Ἤν
772 5445 824 5495 δὲ
860 5446 1122 5513 συλλογὴν
1154 5448 1266 5496 ἐκεῖ
1315 5446 1420 5520 τῶν
1457 5446 1712 5509 ζιζανίων
1775 5449 1969 5513 προσέ-

409 5535 536 5599 ταξε
566 5535 836 5599 γενέσθαι.
867 5537 1132 5605 κάθαρσιν
1166 5538 1394 5590 ἐνταῦθα
1427 5539 1522 5606 τῆς
1573 5541 1776 5598 ἅλωνος
1838 5539 1964 5590 ἐκά-

410 5628 549 5679 λεσε.
593 5626 674 5678 Τὰ
693 5627 745 5678 δε
775 5628 986 5691 ζιζάνια
1011 5630 1210 5698 ἄχυρον
1244 5629 1475 5681 ἐνταῦθα
1513 5631 1914 5700 προσηγόρευσε
1942 5648 1954 5660 ο

484 5809 526 5839 ’⁸
555 5806 712 5864 Rom.
746 5828 804 5878 ιι,
840 5812 889 5878 ί,
931 5813 980 5867 ὅ.
1063 5815 1105 5846 θ’
1156 5813 1338 5868 Matth.
1380 5829 1493 5879 xu,
1521 5813 1609 5871 12.

2079 3634 2162 3676 est
2196 3623 2499 3675 :elementa
2567 3621 2706 3689 ignis
2759 3621 2952 3673 ardore
3011 3621 3312 3672 tabescent.
3365 3616 3638 3681 Quantum

2082 3731 2208 3769 vero
2231 3716 2434 3770 doloris
2459 3716 2852 3768 incrementum
2894 3712 3040 3764 nulla
3079 3726 3203 3778 spes
3231 3708 3597 3776 exemptionis
3621 3739 3636 3759 ε

2080 3810 2352 3873 Quantum
2380 3807 2636 3860 etiamne
2698 3807 2880 3858 videre
2927 3805 3144 3872 quilem
3201 3803 3456 3870 abyssum
3512 3799 3638 3852 mali

2080 3900 2133 3953 in
2166 3914 2274 3965 quo
2301 3898 2590 3964 jacemus?
2623 3911 2765 3949 nam.
2789 3897 2928 3964 ignis
2977 3895 3064 3947 ille
3093 3895 3275 3946 lumen
3312 3907 3420 3944 non
3482 3891 3639 3943 emit-

2081 3990 2164 4046 tit.
2199 3989 2396 4042 Verum
2435 3988 2628 4042 messis
2687 3989 2774 4039 illa
2831 3987 2970 4039 idem
3035 3994 3191 4038 sonat
3247 3999 3310 4037 ac
3366 3983 3456 4035 illa
3511 3996 3636 4033 arca

2079 4099 2238 4152 quam
2267 4082 2518 4136 Christus
2545 4080 2902 4132 ventilahrnm
2962 4077 3165 4130 habens
3207 4077 3257 4128 in
3320 4089 3482 4129 manu
3535 4091 3634 4131 sua

2078 4173 2414 4236 emundahit,
2449 4173 2591 4224 sicut
2624 4185 2935 4240 prmcursor
2961 4169 3079 4237 ejus
3115 4169 3352 4235 Baptista
3409 4170 3631 4234 docuit;

2079 4275 2131 4318 et
2176 4265 2414 4317 triticum
2461 4263 2678 4331 quidem
2740 4262 3089 4328 congregabit
3141 4259 3194 4312 in'
3255 4261 3449 4313 horreo
3512 4275 3631 4320 suo.

2079 4356 2288 4423 paleam
2324 4366 2500 4406 autem
2563 4353 2844 4405 comburet
2902 4350 3022 4419 igne
3061 4349 3486 4417 inexstingnihili
3563 4351 3630 4404 θ’,

2079 4449 2213 4502 Nam
2251 4449 2522 4517 angelicas
2583 4456 2880 4515 potestates
2937 4446 3302 4499 ventilabrum
3357 4448 3406 4498 in
3468 4463 3629 4498 manu

2077 4541 2302 4594 Christi.
2346 4545 2577 4607 positum
2649 4538 2888 4606 Baptista
2951 4539 3205 4600 vocavit;
3266 4519 3628 4594 ventilabrum

2079 4643 2258 4685 autem
2287 4641 2366 4683 est
2392 4646 2622 4683 vannus.

2148 4723 2315 4788 Igitur
2362 4721 2818 4787 quemadmodum
2864 4709 3011 4775 istud
3063 4723 3113 4774 in
3165 4735 3326 4775 manu
3381 4720 3631 4786 agricoLe

2076 4814 2259 4866 datum
2297 4824 2539 4865 movetur
2573 4814 2878 4880 ubicunque
2910 4822 2962 4866 et
3023 4814 3468 4880 quandocunque
3530 4827 3620 4860 vo.

2070 4902 2502 4968 lueritagricola,
2549 4902 2618 4954 ita
2654 4912 2704 4954 et
2742 4905 2914 4970 angeli
2950 4918 3073 4956 cum
3131 4904 3239 4958 sint
3274 4904 3325 4956 in
3364 4920 3526 4956 manu
3572 4914 3625 4956 ct

2070 5003 2330 5061 potestate
2359 4993 2568 5047 Domini
2605 4993 2775 5046 nostri
2799 4992 2927 5048 Jesu
2954 4995 3154 5048 Christi
3182 5006 3467 5048 moventur
3510 4997 3624 5047 nhi-

2069 5100 2283 5151 cunque
2325 5093 2379 5137 et
2423 5085 2914 5154 quomodocunque
2950 5087 3065 5153 ipse
3107 5087 3626 5146 voluerit,etadim-

2070 5177 2218 5241 plent
2245 5174 2368 5243 ejus“
2391 5174 2741 5229 voluntatem.
2775 5177 2841 5226 At
2869 5178 3010 5242 quod
3039 5178 3089 5226 in
3116 5177 3204 5228 illa
3229 5191 3405 5229 messe
3435 5193 3620 5246 agrum

2073 5266 2227 5323 dixit,
2263 5267 2349 5317 hic
2379 5281 2558 5317 aream
2591 5267 2910 5329 nominavit,
2941 5266 3140 5323 etenim
3173 5267 3228 5318 in
3253 5281 3378 5317 arca
3409 5266 3620 5319 discer-

2071 5364 2276 5407 nuntur
2311 5357 2494 5408 omnia
2529 5373 2646 5424 qua:
2685 5358 2733 5408 in
2768 5373 2899 5425 agro
2925 5359 3147 5410 collecta
3168 5367 3311 5410 sunt.
3348 5355 3502 5420 Quod
3549 5357 3620 5409 ibi

2067 5447 2396 5497 zizaniorum
2471 5448 2841 5500 collectionem
2919 5449 3276 5515 ntrncupavil,
3343 5447 3427 5500 hic
3483 5461 3622 5498 arca:

2063 5540 2441 5606 purgationem
2468 5541 2787 5609 designavit.
2823 5539 2917 5593 Hic
2949 5541 3155 5592 zizania
3190 5539 3398 5607 paleam
3452 5552 3618 5589 voca-

2060 5633 2135 5684 vit
2164 5648 2176 5693 ;
2209 5631 2416 5686 zizania
2446 5632 2610 5697 enim,
2635 5647 2754 5686 cum
2785 5632 2918 5699 Levia
2945 5633 3053 5685 sint
3074 5641 3124 5687 et
3193 5631 3367 5685 fructu
3419 5643 3614 5696 vacua,

1689 5817 1729 5854 ’τ’
1769 5813 2048 5879 llattlmn,
2086 5816 2166 5867 18.
