4444 6450
403 410 507 473 353

1688 412 2019 476 HOMILIA
2055 418 2332 480 XXVIII.

3524 445 3628 506 354

400 539 489 574 ναι
515 521 614 589 τῆς
640 521 873 589 ἀλήκτου
902 521 1174 585 κολάσεως
1202 522 1438 592 ἐκείνης,
1495 524 1589 576 καὶ
1631 523 1730 593 τῆς
1787 523 1959 578 ἀϊδίου
1992 534 2030 588 Α
2064 526 2149 594 pal

1867 523 1959 578 ilou
1992 534 2030 588 Α
2064 526 2238 594 palea,
2273 528 2344 581 ita
2377 529 2594 595 quidem
2631 530 2765 588 levis
2808 544 2864 589 ut
2901 539 3146 607 rapiatur
3187 557 3318 598 aura
3342 556 3390 598 et
3420 549 3622 615 impr-tu

398 616 491 667 τοῦ
530 618 663 668 Θεοῦ
688 617 963 686 βασιλείας
1011 618 1346 685 κληρονόμος
1375 617 1650 684 γενέσθαι,
1696 618 1771 685 μὴ
1803 617 1959 681 ζιζά-

400 725 512 759 νιον
545 707 705 770 ἔστω,
731 709 952 778 σπέρμα
981 709 1217 777 πονηρὸν
1245 710 1340 760 καὶ
1375 708 1690 775 βλαπτικὸν,
1719 707 1794 770 ὡς
1821 703 1960 761 εἶναι

398 801 552 867 κοινὴ
581 802 726 869 λύμη
754 800 968 868 σώμασί
1001 816 1060 851 τε
1082 802 1176 852 καὶ
1201 800 1404 869 ψυχαῖς
1449 799 1556 851 τῶν
1607 798 1956 866 ἐγγιζόντων,

400 892 750 958 παράδειγμα
779 892 1028 959 θεομισὲς
1061 891 1422 960 προκείμενος
1476 890 1730 960 πονηρῶν
1783 890 1959 958 ἑργων

396 999 450 1032 τε
485 983 580 1034 καὶ
608 983 800 1048 λόγων,
829 984 961 1051 μηδὲ
997 984 1216 1052 καλάμη
1261 983 1356 1036 καὶ
1392 984 1611 1052 ἄχυρον,
1667 981 1809 1035 οὕτω
1860 982 1958 1051 μὲν

395 1074 618 1142 κοῦφος,
655 1074 725 1136 ὡς
756 1075 1066 1144 εὐρίπιστος
1100 1072 1240 1127 εἶναι
1265 1078 1384 1136 ταῖς
1405 1075 1498 1128 τοῦ
1524 1073 1760 1144 πονηροῦ
1797 1077 1960 1126 πνεύ-

399 1183 566 1234 ματος
590 1165 855 1233 αῦραιςτε
904 1167 998 1217 καὶ
1035 1166 1377 1232 προσόολαίς,
1424 1166 1562 1219 οὕτω
1610 1165 1668 1217 δὲ
1715 1166 1952 1234 ἀχρεῖος,

393 1257 468 1317 ὡς
500 1259 581 1318 εἰς
622 1256 823 1324 βρῶσιν
850 1257 1038 1308 παθῶν
1060 1257 1272 1322 ἀλόγων
1302 1268 1396 1310 καὶ
1424 1257 1698 1325 δαιμόνων
1731 1255 1954 1326 προκεῖ-

397 1348 560 1398 σθαι·
599 1348 730 1399 ἀλλὰ
765 1350 910 1409 σῖτος
957 1347 1114 1412 ἔστω,
1158 1349 1370 1400 πάντων
1417 1349 1524 1400 τῶν
1571 1347 1807 1415 ἀχρείων
1862 1346 1955 1398 καὶ

394 1438 648 1506 πονηρῶν
673 1437 847 1506 ἑργων
874 1439 963 1490 καὶ
988 1438 1159 1504 λόγων
1211 1439 1566 1507 ἀπεχόμενος,
1599 1439 1691 1490 καὶ
1728 1439 1820 1499 τὰς
1865 1439 1956 1489 ἀν-

396 1527 638 1589 τιθέτους
670 1529 864 1596 ἀρετὰς
898 1529 1280 1596 ἐργαζόμενος,
1310 1531 1401 1581 καὶ
1446 1530 1626 1596 φέρων
1674 1531 1798 1590 τοῦς
1855 1529 1953 1595 τῆς

399 1621 682 1682 μετανοίας
709 1619 951 1688 καρπούς
979 1637 994 1652 ·
1031 1619 1174 1672 οὕτω
1201 1621 1308 1689 γὰρ
1340 1622 1404 1678 ἂν
1438 1622 1523 1687 εἴη
1567 1622 1662 1688 τῆς
1698 1621 1950 1687 οὐρανίου

394 1708 674 1777 ἁποθήκης
710 1709 874 1772 ἄξιος,
917 1711 1009 1762 καὶ
1037 1712 1151 1772 υίὸς
1176 1711 1396 1778 κληθείη
1425 1712 1516 1762 τοῦ
1552 1711 1814 1764 ἀνωτάτω
1840 1711 1946 1761 llat-

2064 615 2288 683 spiritus
2321 634 2582 686 nequam;
2623 624 2692 676 ita
2721 633 2898 681 autem
2934 630 3050 683 vilis
3093 642 3148 684 ut
3176 634 3226 686 in
3259 651 3436 690 escam
3467 640 3628 694 dctur

2067 703 2200 758 feris
2234 705 2625 774 cupiditatibus
2663 721 2716 765 et
2753 714 3116 784 dmmonibus,
3141 724 3234 774 sed
3286 727 3357 780 sit
3387 729 3623 784 triticum

2062 794 2129 845 ab
2185 797 2330 848 omni
2359 797 2534 852 inutili
2561 809 2613 853 et
2648 818 2815 870 pravo
2860 819 3024 874 opere
3060 810 3141 863 w-l
3173 826 3424 868 sermone
3453 819 3624 872 absti-

2064 900 2222 946 nens,
2263 889 2491 944 virtutes
2523 895 2828 950 contrarias
2882 914 3148 955 exercens
3201 916 3254 956 et
3316 908 3622 974 producens

2060 976 2268 1032 fructus
2301 983 2648 1048 poenitentire.
2681 986 2756 1040 Ita
2817 989 2958 1042 enim
2987 995 3090 1046 erit
3147 995 3344 1051 horreo
3411 1002 3620 1054 ccelesti

2059 1069 2276 1138 dignus,
2301 1085 2351 1124 et
2387 1075 2528 1130 ﬁlius
2560 1080 2846 1132 vocabitur
2879 1081 3060 1138 Patris
3091 1087 3374 1155 altissimi,
3406 1101 3459 1145 et
3491 1108 3624 1160 gau-

2058 1161 2194 1216 dens
2242 1165 2463 1247 intrabit
2529 1176 2586 1220 ut
2666 1170 2839 1228 haeres
2888 1174 2940 1228 in
2982 1192 3204 1247 regnum
3239 1181 3377 1246 ejus,
3435 1185 3618 1240 divina

2057 1251 2226 1321 gloria
2266 1243 2620 1323 ‘splendidus,
2681 1276 2840 1328 quam
2898 1279 2998 1319 nos
3084 1283 3275 1324 omnes
3362 1277 3619 1341 consequi

2057 1345 2292 1397 donetur
2321 1348 2490 1415 gratia
2521 1359 2572 1402 ct
2625 1350 2904 1407 clementia
2974 1356 3187 1411 Domini
3251 1362 3419 1415 nostri
3477 1362 3613 1417 ,ιι-τυ

2055 1434 2277 1503 Christi,
2347 1453 2507 1506 quem
2605 1442 2759 1496 decet
2809 1447 2976 1513 gloria
3055 1465 3174 1502 cum
3235 1462 3442 1506 atezno
3491 1456 3610 1520 ejus

2054 1528 2214 1581 Patre
2264 1537 2316 1581 et
2378 1532 2720 1587 sanctissimo
2783 1551 2992 1592 necnon
3025 1541 3165 1593 bono
3199 1550 3360 1610 atque
3390 1544 3611 1598 ViVIIiCO

2055 1616 2257 1685 Spiritu
2324 1635 2467 1674 nunc
2515 1637 2569 1676 et
2599 1639 2812 1694 semper
2843 1631 2972 1683 etin
3015 1631 3208 1685 sarcula
3271 1636 3614 1691 saeculorum.

2052 1710 2244 1763 Amen.

390 1799 538 1866 τρδς,
569 1801 660 1849 καὶ
690 1803 768 1862 είς
799 1801 896 1870 τὴν
928 1803 1134 1853 ἐκείνου
1168 1803 1444 1872 βασιλείαν
1487 1803 1560 1863 ὡς
1621 1801 1952 1871 κληρονόμος
1990 1800 2220 1852 εἰσέλθοι
2250 1802 2473 1872 χαίρων,
2502 1808 2567 1874 τῇ
2597 1805 2714 1878 θείᾳ
2747 1808 2872 1880 δόξῃ
2940 1813 3418 1884 περιλαμπόμενος
3457 1839 3463 1846 ·
3547 1814 3615 1890 ἧς

390 1892 600 1956 γένοιτο
654 1893 856 1954 πάντας
887 1895 1030 1963 ἡμᾶς
1069 1882 1342 1964 ἐπιτυχεῖν
1374 1897 1553 1966 χάριτι
1583 1895 1672 1948 καὶ
1724 1894 2100 1962 φιλανθρωπίᾳ
2145 1895 2238 1946 τοῦ
2271 1896 2472 1965 Κυρίου
2505 1898 2661 1967 ήμῶν
2732 1902 2902 1970 Ἰησοῦ
2973 1905 3230 1974 Χριστοῦ,
3263 1882 3271 1884 ὴ
3303 1903 3346 1974 ᾦ
3415 1882 3610 1981 πρέπει

389 1983 514 2046 δόξα
548 1984 644 2034 σὺν
677 1984 752 2051 τῷ
782 1984 1000 2054 ἀνάρχῳ
1028 1985 1188 2037 αὺνοῦ
1218 1988 1388 2054 Πατρὶ
1438 1987 1530 2040 καὶ
1575 1986 1652 2056 τῷ
1700 1983 1948 2054 παναγίῳ
1985 1986 2078 2036 καὶ
2121 1986 2312 2056 ἀγαθῷ
2365 1988 2456 2039 καὶ
2480 1988 2724 2060 ζωοποιῷ
2764 1993 3040 2063 Πνεύματι
3102 1998 3192 2050 νῦν
3233 1999 3324 2052 καὶ
3371 2001 3476 2066 ἀεὶ,
3521 2001 3610 2056 καὶ

389 2075 466 2133 είς
497 2073 620 2135 τοὺς
645 2074 846 2134 αίῶνας
879 2075 985 2126 τῶν
1016 2074 1246 2128 αἰώνων.
1277 2075 1470 2147 Ἀμην.

910 2193 1145 2246 omam
1176 2191 1289 2246 κη’
1317 2195 1415 2262 (ι).

403 2279 847 2354 Ἐκςεωνηθεῖσα
878 2284 1024 2336 κατὰ
1050 2285 1163 2351 τὴν
1192 2287 1407 2352 ἑορτὴν
1453 2285 1570 2339 τῶν
1620 2288 1800 2354 ἁγίων
1840 2285 1941 2339 καὶ

458 2351 798 2418 κορυφαίων
827 2354 1188 2407 ἀποστόλων
1223 2351 1446 2422 Πέτρου
1473 2357 1568 2409 καὶ
1604 2351 1866 2410 Παύλου.

473 2444 532 2492 Ἥ
560 2443 666 2494 τῶν
696 2445 868 2511 ἁγίων
905 2446 1138 2499 ἑκάστου
1179 2449 1387 2517 μνήμη,
1421 2450 1559 2501 κατά
1585 2453 1680 2518 τὴν
1729 2451 1938 2520 ἑόρτιον
1989 2517 2002 2521 Α,

389 2534 654 2585 ἐπιστᾶσα
687 2535 889 2602 ταύτης
911 2537 1142 2605 ἡμέραν,
1184 2538 1454 2606 θυμηδίας
1489 2539 1742 2600 ὑπόθεσις
1785 2539 1940 2608 κοινὴ

390 2629 479 2675 καὶ
512 2625 702 2692 δήμοις
738 2626 832 2678 καὶ
857 2627 1065 2689 πόλεσι,
1116 2629 1209 2681 καὶ
1265 2630 1508 2694 πολίταις
1563 2631 1654 2684 καὶ
1687 2631 1941 2698 πολιτάρι

387 2734 510 2783 χαις
542 2720 698 2780 ἐστὶ,
736 2722 828 2771 καὶ
875 2719 1139 2786 ὠφελείας
1204 2722 1469 2791 μεγίστης
1521 2725 1778 2792 πρόξενος
1828 2727 1940 2786 'to't;

389 2810 702 2876 ἑορτάζουσι
761 2815 892 2864 πᾶσι
941 2814 1192 2879 γίνεται·
1255 2834 1272 2865 ι
1310 2796 1511 2884 Μνήμη
1570 2818 1675 2884 γὰρ
1733 2818 1940 2869 δικαίου

394 2902 510 2967 μετ’
533 2901 837 2969 ἐγκωμίων,
887 2921 905 2952 ι
946 2905 972 2956 ό
1004 2906 1160 2970 σοφός
1189 2921 1319 2972 φησι
1366 2907 1632 2975 Σολομῶν,
1698 2925 1715 2958 r
1740 2909 1943 2975 Ἐγκω·

392 2987 716 3056 μιαξσμένου
749 2991 803 3043 δὲ
836 2992 1043 3045 δικαίου
1067 2996 1527 3064 εὐφρανθήσονται
1547 2997 1682 3050 λαοί.
1713 3017 1730 3048 ι
1767 2999 1945 3052 Καθά-

389 3098 493 3148 περ
525 3084 630 3150 γὰρ
663 3084 720 3133 ὲν
749 3087 923 3149 νυκτὶ,
949 3085 1227 3154 λαμπάδος
1260 3089 1612 3157 ἀναφθείσης,
1646 3090 1723 3150 είς
1752 3075 1948 3159 χρείαν

389 3177 482 3226 καὶ
534 3175 830 3229 ἀπόλαυσιν
886 3180 994 3231 τῶν
1042 3182 1325 3251 παρόντων
1387 3183 1604 3234 πάντων
1659 3184 1836 3250 φαίνει
1883 3185 1943 3235 τὸ

389 3265 526 3332 φῶς,
591 3265 732 3318 οὕτω
789 3269 880 3320 καὶ
931 3272 956 3320 ό
1003 3272 1110 3322 τῶν
1158 3273 1327 3338 ἁγίων
1365 3272 1594 3325 ἑκάστου
1655 3274 1940 3342 θεάρεστος

391 3355 525 3423 βίος,
555 3357 735 3408 καὶτὸ
773 3359 893 3410 κατ’
924 3360 1084 3412 αὐτὸν
1125 3363 1392 3432 μακάριον
1429 3365 1599 3427 τέλος,
1638 3365 1730 3417 καὶ
1778 3367 1810 3434 ἠ
1857 3366 1942 3417 διὰ

388 3449 488 3517 τὴν
515 3447 607 3499 τοῦ
645 3448 758 3518 βίου
795 3450 1143 3520 καθαρότητα
1177 3455 1325 3524 παρά
1351 3455 1482 3506 Θεοῦ
1505 3455 1758 3524 δεδομένη
1787 3459 1945 3526 χάρις

1968 2193 2018 2253 Β

2539 2206 2824 2264 IIOMILIA
2873 2211 3109 2271 XXVIII.

2047 2297 2113 2353 In
2137 2298 2270 2368 festo
2301 2309 2606 2353 sanctorum
2625 2310 3099 2428 errori/phrygiam
3128 2312 3483 2376 apostolorum
3513 2317 3613 2370 Ps-

2625 2383 2695 2424 m
2721 2385 2766 2426 et
2843 2393 2909 2428 au
2939 2395 2976 2428 ι.

2625 2383 2695 2424 ιη
2721 2385 2766 2426 et
2793 2383 2976 2429 Pauli.

2120 2457 2561 2531 Uniuscujusque
2616 2472 2932 2520 sanctorum
2989 2473 3249 2527 memoria
3302 2474 3355 2528 in
3409 2475 3603 2530 festiva

2043 2566 2150 2620 qua
2183 2552 2470 2620 contigerit
2501 2554 2610 2618 die,
2646 2557 2982 2614 conﬁdentiae
3019 2565 3259 2618 mat-riae
3289 2570 3602 2621 communis

2039 2649 2123 2695 est
2175 2652 2226 2696 et
2271 2645 2483 2712 populis
2513 2655 2566 2700 et
2593 2647 2819 2704 urbibus
2853 2661 2906 2704 et
2947 2654 3208 2723 subjectis
3238 2666 3292 2711 et
3348 2659 3606 2728 principi-

2043 2733 2166 2799 bus,
2200 2749 2406 2788 necnon
2443 2738 2730 2791 maximam
2781 2742 2980 2807 prrebet
3029 2747 3312 2801 utilitatem
3359 2751 3606 2805 omnibus

2043 2840 2159 2878 eam
2192 2826 2618 2884 celebrantibus.
2658 2831 2790 2886 Nam
2821 2852 2840 2885 ι
2876 2839 3139 2891 memoria
3169 2840 3304 2908 justi
3333 2858 3453 2895 cum
3487 2843 3605 2895 lau-

2043 2915 2253 2976 dihusn
2288 2919 2505 2984 sapiens
2535 2921 2608 2972 ait
2644 2919 2948 2988 Salomon',
2985 2927 3158 2991 «justi
3190 2939 3370 2984 autem
3402 2932 3607 3001 glorifi-

2044 3008 2183 3057 catio
2215 3006 2397 3060 laetitia
2428 3018 2507 3061 cst
2555 3012 2824 3088 populis.»
2864 3013 2996 3069 Nam
3047 3024 3502 3086 quemadmodum
3551 3026 3603 3078 in

2045 3104 2202 3146 nocte
2236 3110 2461 3150 accensa
2492 3098 2757 3168 lampade,
2799 3104 2851 3156 in
2879 3109 3223 3161 commodum
3259 3122 3312 3164 et
3349 3112 3593 3169 delecta-

2050 3185 2246 3239 tionem
2291 3190 2532 3244 omnium
2569 3197 2916 3261 praesentium
2946 3199 3112 3269 fulget
3147 3203 3352 3267 lumen,
3394 3205 3467 3258 ita
3502 3222 3600 3260 cu-

2039 3274 2262 3341 juslibet
2300 3289 2610 3335 sanctorum
2638 3286 2741 3338 vita
2773 3292 3112 3344 sanctissima
3167 3292 3441 3362 hujusque
3471 3296 3594 3348 hea-

2046 3376 2132 3422 tus
2175 3368 2321 3433 linis,
2353 3382 2404 3425 et
2441 3384 2661 3441 propter
2696 3377 2816 3430 vitae
2863 3380 3225 3449 integritatem
3269 3386 3443 3452 gratia
3492 3387 3595 3454 ipsi

2047 3457 2263 3526 largita,
2295 3460 2440 3513 velut
2467 3462 2554 3514 fax
2580 3464 2862 3531 splendida
2902 3469 2952 3520 in
2987 3472 3222 3524 medium
3253 3489 3346 3540 per
3383 3490 3596 3529 memo-

393 3538 564 3610 αὐτῷ.
596 3540 847 3609 καθάπερ
880 3559 965 3604 τις
987 3521 1289 3613 περιφανὴς
1317 3546 1521 3614 πυρσὸς
1574 3521 1942 3617 προαγόμενος
1973 3521 2012 3576 C
2050 3555 2148 3606 ria:

1860 3521 1869 3526 ν
2136 3521 2156 3526 _
2251 3521 2257 3523 ,
2612 3521 2626 3531 _
3052 3521 3220 3524 __,_.__
3253 3521 3334 3540 Γ--

1848 3566 1942 3610 νος
1973 3521 2012 3576 C
2050 3555 2184 3606 riam
2213 3552 2441 3605 adducta
2466 3568 2810 3610 communem
2837 3558 2992 3614 offert
3017 3566 3330 3619 convocatis
3348 3567 3603 3634 spiritua-

390 3632 470 3690 εἰς
508 3632 669 3699 μέσον
695 3633 778 3684 διὰ
825 3634 923 3700 τῆς
955 3637 1192 3704 μνήμης,
1235 3638 1425 3705 καινὴν
1485 3639 1779 3707 παρέχεται
1835 3641 1945 3700 τοῖς

393 3723 830 3791 συνειλεγμένοις
892 3725 988 3794 τὴν
1053 3728 1427 3798 πνευματικὴν
1471 3729 1806 3796 εὐφροσύνην
1853 3733 1944 3783 καὶ

392 3814 489 3884 τὴν
525 3815 809 3882 ὠφέλειαν.
844 3818 950 3869 Καὶ
975 3819 1222 3889 καθάπερ
1246 3821 1501 3889 εὑφορίας
1727 3823 1947 3890 γενομέ-

391 3924 486 3973 νης
512 3908 601 3959 ἐπὶ
632 3908 726 3975 τῆς
758 3909 879 3976 γῆς,
915 3909 1011 3978 οὐχ
1050 3911 1098 3962 οί
1144 3913 1377 3980 γεωργοὶ
1436 3913 1611 3980 μόνον,
1665 3914 1797 3964 ἀλλὰ
1833 3916 1944 3966 ’καὶ

389 3997 586 4058 πάντες
613 3997 887 4065 ἄνθρωποι
909 4000 1226 4068 τέρπονται·
1257 4003 1288 4069 ἡ
1328 4002 1554 4068 γὰράπὸ
1582 4005 1687 4055 τῶν
1721 4007 1815 4073 τῆς
1844 4005 1943 4072 γῆς

381 4085 617 4155 ’καρπῶν
646 4087 944 4149 ἀπόλαυσις
978 4089 1128 4158 κοινὴ
1169 4091 1330 4142 πᾶσίν
1368 4094 1542 4144 ἑστιν·
1591 4091 1730 4145 οὕτω
1787 4097 1940 4164 καὶὴ

392 4176 527 4242 πρὸς
573 4177 662 4228 τὸν
721 4177 851 4231 Θεὸν
908 4178 974 4231 δι’
1015 4181 1216 4250 ἀρετῆς
1263 4182 1369 4235 τῶν
1410 4184 1578 4250 ἁγίων
1602 4187 1944 4254 καρποφορία

390 4266 486 4316 οὐκ
510 4266 669 4319 αὑτὸν
699 4269 977 4337 εὐφραίνει
1015 4271 1173 4338 μόνον
1204 4275 1296 4323 τὸν
1326 4273 1569 4341 γεωργὸν
1599 4275 1705 4327 τῶν
1737 4276 1940 4344 ψυχῶν,

386 4346 524 4410 ἀλλα
557 4360 650 4410 καλ
679 4361 824 4428 ἡμᾶς
853 4362 1076 4424 πάντας,
1111 4363 1182 4423 ὡς
1231 4365 1310 4425 είς
1360 4365 1545 4432 κοινὴν
1588 4365 1795 4434 τρυφὴν
1851 4367 1944 4418 καὶ

392 4450 690 4502 ἀπόλαυσιν
717 4453 1052 4520 προκειμένη
1084 4454 1192 4505 τῶν
1223 4455 1723 4524 ἡμετέρωνηψυχῶν
1755 4473 1768 4485 ’
1823 4459 1943 4508 ἐπεὶ

392 4542 484 4591 καὶ
510 4543 565 4590 ἐν
595 4541 668 4609 τῷ
694 4541 792 4612 βίῳ
825 4544 996 4612 τούτῳ
1023 4546 1287 4613 παρόντες
1313 4547 1510 4607 πάντες
1542 4549 1589 4597 ol.
1619 4546 1762 4612 ἆγιοι
1815 4564 1944 4616 προ-

387 4631 563 4701 τροπὴ
624 4634 758 4700 πρὸς
813 4636 1012 4703 ἀρετὴν
1075 4637 1178 4686 εἱσι
1236 4638 1363 4687 πᾶσι
1392 4640 1499 4696 τοίς
1548 4638 1803 4689 ἀκούουσι
1851 4639 1942 4690 καὶ

385 4723 558 4790 ὁρῶσι
581 4724 802 4786 τούτους
839 4725 972 4789 μετὰ
998 4732 1259 4787 συνζσεως
1296 4743 1310 4757 ο
1358 4727 1588 4796 ἐμψνχοι
1637 4729 1743 4796 γάρ
1805 4730 1942 4779 εἰσιν

2047 3644 2150 3697 lem
2179 3643 2416 3697 laetitiam
2450 3653 2503 3696 et
2533 3646 2852 3714 utilitatem;
2883 3659 2936 3703 et
2962 3652 3122 3706 sicuti
3158 3664 3298 3708 terra
3335 3658 3590 3712 uberibus

2048 3737 2318 3790 messibus
2369 3737 2659 3805 gaudente,
2705 3755 2810 3794 non
2861 3744 3107 3811 agricohe
3148 3756 3356 3801 tantum
3403 3753 3498 3804 sed
3549 3761 3602 3804 et

2047 3841 2237 3881 omnes
2284 3829 2529 3881 homines
2580 3831 2883 3893 exsultant,
2917 3835 3041 3901 quia
3076 3852 3104 3890 a
3138 3837 3398 3895 lructihus
3445 3851 3603 3898 terra:

2048 3919 2354 3971 communis
2385 3920 2636 3972 omnibus
2664 3920 2780 3974 ﬂuit
2809 3925 3014 3988 lruitio,
3041 3928 3116 3980 sic
3148 3933 3352 3985 sanctis
3379 3947 3600 4002 propter

2047 4011 2213 4063 Deum
2268 4026 2359 4078 per
2437 4011 2689 4065 virtutem
2739 4013 3010 4072 feracibus
3053 4035 3159 4073 non
3210 4024 3356 4076 SOIus
3403 4030 3601 4094 gaudet

2049 4103 2354 4154 animarum
2390 4103 2588 4160 Cultor,
2624 4105 2716 4157 scd
2765 4116 2817 4158 et
2850 4123 2950 4161 nos
2992 4124 3181 4165 omnes
3208 4117 3430 4182 perimlc
3457 4133 3519 4171 ac
3557 4121 3600 4173 si

2048 4193 2173 4246 inde
2207 4195 2401 4246 anima:
2431 4205 2628 4247 nostrae
2657 4201 2932 4251 communi
2970 4202 3246 4271 voluptate
3276 4217 3327 4260 ct
3355 4223 3600 4261 commo‘

2046 4284 2213 4338 ditate
2234 4283 2550 4336 adiciantur.
2599 4283 2655 4338 In
2700 4286 2802 4341 ista
2861 4290 3079 4356 quidem
3130 4295 3236 4346 vita
3269 4301 3440 4350 sancti
3475 4311 3600 4353 sunt

2047 4372 2299 4426 Omnibus
2329 4371 2420 4438 qui
2455 4386 2549 4425 eos
2580 4384 2756 4427 mente
2796 4377 3009 4430 sincera
3043 4381 3274 4434 audiunt
3301 4393 3350 4436 et
3383 4392 3602 4456 conspi-

2045 4463 2194 4515 ciunt
2226 4463 2624 4514 hortamentum
2654 4466 2716 4517 ad
2747 4465 3035 4534 virtutem;
3067 4483 3191 4524 sunt
3220 4475 3358 4524 enim
3393 4478 3599 4529 aninm-

2045 4562 2112 4605 tae
2139 4552 2353 4606 virtutis
2384 4553 2665 4619 imagines,
2693 4557 2922 4611 tnobiles
2945 4563 3124 4614 omnis
3155 4563 3365 4617 decoris
3389 4568 3597 4620 colum-

2044 4658 2148 4708 nae,
2182 4644 2303 4698 libri
2335 4643 2456 4696 vitre
2488 4655 2538 4696 et
2564 4647 2823 4702 docentes
2856 4664 2914 4702 ea
2947 4666 3066 4718 qua:
3105 4655 3168 4707 ad
3205 4658 3443 4712 melidris
3472 4663 3596 4716 vita:

2046 4732 2436 4785 institutionem
2487 4737 2779 4801 pertinent,
2815 4748 2868 4791 et
2900 4756 2961 4791 ex
3014 4742 3115 4795 hac
3149 4755 3254 4797 vrta
3294 4749 3596 4814 migrantes

386 4812 592 4871 εἰκόνες
622 4811 719 4880 τῆς
759 4813 954 4881 ἀρετῆς
991 4830 1004 4843 '
1029 4815 1368 4881 αὐτοκίνητοι
1391 4816 1577 4885 στῆλαι
1613 4817 1808 4877 παντὸς
1843 4835 1940 4869 κα·
1973 4839 2016 4894 D
2047 4837 2141 4892 per

1843 4835 1940 4869 κα·
1973 4839 2016 4894 D
2047 4837 2141 4892 per
2175 4826 2490 4877 memoriam
2530 4841 2720 4879 eorum
2755 4845 2872 4896 quae
2907 4835 3044 4884 bona
3085 4847 3438 4901 patravcrunt
3467 4858 3596 4910 epe-

387 4899 478 4951 λοῦ
504 4914 517 4927 ·
552 4899 720 4968 βίϐλοι
742 4901 911 4964 ζῶσαι
945 4920 1001 4953 τε
1039 4905 1128 4954 καὶ
1157 4903 1408 4956 λαλοῦσαι
1443 4907 1505 4956 τὰ
1536 4906 1667 4974 πρὸς
1718 4907 1936 4978 όδη-,νίαν

383 4989 480 5040 τοῦ
516 4993 816 5060 κρείττονος
848 5013 854 5021 ν
883 4995 974 5045 καὶ
1006 4995 1370 5061 μεταστάντες
1398 4995 1488 5046 τοῦ
1524 4999 1648 5065 τῇδε
1680 4997 1792 5065 βίου
1849 5000 1938 5052 διὰ

384 5081 486 5149 τῆς
525 5085 745 5152 μνήμης
773 5083 878 5134 τῶν
909 5085 966 5135 ἐν
995 5085 1220 5146 ἐκείνοις
1262 5085 1460 5148 καλῶν,
1513 5088 1776 5141 ἀθάνατον
1813 5091 1940 5160 ἡμῖν

383 5175 484 5242 τὴν
513 5175 638 5242 παρ’
675 5175 881 5226 ἑαυτῶν
903 5175 1254 5243 συντηροῦσιν
1288 5177 1570 5246 ὠφέλειαν.
1626 5178 1688 5232 Ἦ
1721 5180 1775 5232 δὲ
1803 5183 1941 5251 μνή-

389 5283 464 5334 μη
487 5264 582 5332 τῆς
607 5264 826 5316 ἐκείνων
852 5264 1212 5333 ἁγαθοεργίας
1231 5268 1500 5335 ἐγκώμιον
1527 5269 1749 5322 ἐκείνων
1773 5274 1936 5335 ἐστὶν,

383 5360 796 5427 ἑπεφειλόμενον
831 5360 928 5427 μὲν
963 5360 1092 5428 παρ’
1125 5361 1278 5429 ἡμῶν
1313 5362 1540 5423 ἐκείνοις
1569 5363 1654 5416 διά
1681 5365 1779 5433 τὴν
1837 5373 2267 5441 προγενεστέραν
2361 5375 2647 5444 ὠφέλειαν.

2046 4930 2164 4967 rum
2202 4917 2556 4969 immortalem
2599 4920 2753 4973 nobis
2785 4936 2812 4973 a
2845 4925 3156 4992 semetipsis
3198 4943 3418 4986 servant
3452 4937 3599 4988 utili-

2050 5012 2234 5059 tatem.
2269 5004 2371 5059 Sed
2412 5008 2670 5061 memoria
2708 5012 2908 5078 optima
2940 5031 3126 5067 eorum
3161 5028 3596 5080 conversation.s

2047 5095 2287 5164 ipsorum
2331 5108 2412 5151 est
2453 5103 2757 5153 encomium
2807 5120 2833 5156 a
2870 5108 3026 5158 nobis
3060 5109 3164 5161 illis
3211 5112 3447 5165 debitum
3499 5133 3597 5183 pro

2046 5191 2318 5241 veteribus
2354 5190 2562 5252 olliciis,
2601 5195 2756 5244 nobis
2778 5209 2903 5245 νυνι»
2940 5200 3170 5261 perutile
3205 5215 3419 5271 propter
3449 5221 3598 5260 com-

2051 5281 2206 5332 moda
2236 5296 2302 5332 ex
2340 5280 2443 5332 illis
2483 5285 2545 5334 al
2578 5298 2675 5337 nos
2706 5301 2895 5340 rursus
2924 5289 3248 5345 derivantia.

2739 5385 3000 5449 χρήσιμον
3057 5383 3110 5435 δὲ
3151 5386 3276 5452 ἡμῖν
3362 5390 3455 5442 καὶ
3504 5391 3598 5444 νῦν

388 5451 630 5520 ὕπαρχον
660 5452 746 5503 διὰ
808 5453 869 5504 τὸ
904 5451 1030 5521 παρ’
1056 5454 1232 5507 αὐτῶν
1262 5456 1353 5504 καὶ
1405 5453 1496 5505 νῦν
1526 5457 1657 5523 ἡμῖν
1713 5460 2138 5528 προσγενόμενον
2167 5464 2371 5530 ὄφελος.

455 5590 475 5621 ⁷
503 5590 659 5646 Prov.
696 5608 749 5660 ι,
781 5592 832 5646 7.

455 5775 527 5834 (1)
557 5775 688 5826 Inter
724 5791 805 5828 eas
830 5794 950 5841 quas
982 5783 1128 5831 edidit
1154 5781 1425 5831 Matthmius
1452 5797 1592 5846 uena,
1629 5803 1672 5848 μ.
1705 5791 1804 5837 tot).
