4444 6450
351 423 455 484 3ὁῖ

1653 404 1970 468 HOMILIA
2020 407 2295 466 XXVIII.

3482 410 3587 473 358

353 534 438 583 δν;
467 550 518 591 εις
540 529 828 589 Οειισεὸῶν,
850 526 946 579 καί
976 525 1071 594 οὐχ
1097 523 1235 593 ὁρῶν
1264 524 1441 593 μιενον.
1480 520 1610 571 ἀλλὰ
1635 521 1727 571 καὶ
1758 517 1923 570 ἀκού·
1955 521 2000 579 Α
2028 531 2108 569 aui

1833 517 1923 569 ού·
1955 521 2000 579 Α
2028 517 2235 570 audivit
2258 520 2321 571 ad
2348 517 2490 573 hunc
2517 519 2785 574 dicentem
2818 537 2829 572 :
2865 537 2883 569 ι
2924 520 2999 571 Tu
3032 535 3090 576 es
3114 520 3327 585 Petrus,
3353 530 3403 573 (et
3428 537 3588 589 super

356 642 449 678 an;
475 623 639 677 αὐτοῦ
668 622 799 690 πρὸς
833 620 993 671 αὑτὸν
1028 617 1305 677 εἰπόντος·
1343 634 1360 666 t
1400 616 1469 664 Σὺ
1503 608 1551 663 εἷ
1580 612 1802 679 Πέτρος,
1826 610 1923 662 καὶ

354 718 442 765 tu:
487 712 660 783 ταύτῃ
710 714 774 780 τῇ
810 712 985 781 πέτρᾳ
1030 708 1363 776 οἰκοδομήσω
1414 720 1515 774 μου
1560 704 1657 772 τὴν
1702 700 1924 769 Ἐκκλη-

356 823 385 856 σ
412 822 475 856 αν
496 821 508 833 ·
548 824 564 852 ι
597 802 754 854 τοῦτο
786 802 972 867 μαθὼν
999 804 1025 852 ὁ
1054 798 1358 869 ἀρχέκακος
1383 793 1697 861 αὐτοῳθόνῳ
1728 793 1920 861 κακίᾳ,

354 897 453 946 καὶ
484 894 562 964 τῷ
601 895 885 965 ἀρχηγέτῃ
908 894 1112 961 Πέτρῳ
1160 889 1252 943 τοῦ
1282 889 1389 940 τῶν
1438 884 1703 938 θεοσεθῶν
1732 884 1923 951 γένους

355 988 672 1059 ὲπηρεάζει,
703 989 777 1049 ὡς
808 987 901 1039 καὶ
933 985 1007 1054 τῷ
1039 985 1318 1055 ἀρχηγέτῃ
1350 980 1443 1034 τοῦ
1480 981 1587 1032 τῶν
1618 978 1920 1049 ἀνθρώπων

358 1081 545 1147 γένους
568 1080 736 1147 Ἀδὰμ
770 1077 917 1132 ποτέ.
943 1076 1110 1140 Εἰδὼς
1133 1077 1189 1129 δὲ
1212 1074 1398 1126 τοῦτον
1417 1074 1627 1126 συνέσει
1653 1084 1924 1137 κεκοσμη-

361 1171 540 1240 μένον,
588 1172 680 1222 καὶ
708 1171 774 1239 τῇ
817 1170 952 1236 πρὸς
992 1166 1226 1237 Χριστὸν
1267 1165 1458 1236 ἀγάπῃ
1505 1161 1921 1231 πεπυρωμένον,

358 1264 456 1332 τὴν
487 1264 584 1331 μὲν
617 1263 759 1315 κατά
800 1263 1087 1332 πρόσωπον
1129 1259 1189 1310 οὐ
1223 1259 1415 1329 θαρρεῖ
1448 1252 1773 1322 προσὸολὴν,
1808 1246 1924 1304 ἀλλ’

357 1350 469 1407 οἷον
502 1357 565 1407 ὲκ
603 1355 831 1421 πλαγίου
856 1392 870 1416 ,
902 1354 996 1405 καὶ
1034 1353 1221 1405 τούτου
1253 1349 1344 1402 τοῦ
1377 1346 1574 1410 δεξιοῦ,
1607 1344 1786 1413 πολλῷ
1828 1345 1923 1397 σὺν

358 1447 496 1517 δόλῳ
530 1448 774 1499 κλέπτων
814 1444 995 1514 ᾇττειν
1033 1438 1440 1512 παρασκευάζει
1475 1437 1661 1490 τοῦτον
1694 1436 1831 1507 ὑπὲρ
1863 1435 1922 1487 τὸ

358 1538 476 1590 δέον
495 1553 509 1567 ·
532 1540 623 1590 καὶ
649 1538 788 1589 κατά
811 1538 900 1589 τὸν
929 1537 1116 1605 καιρὸν
1146 1533 1239 1584 τοῦ
1268 1530 1535 1600 σωτηρίου
1572 1527 1797 1592 πάθους,
1824 1526 1919 1578 τοῦ

362 1629 566 1698 Κυρίου
609 1629 740 1699 πρὸς
785 1629 909 1690 τοὺς
946 1626 1187 1696 μαθητὰς
1237 1624 1513 1685 εἰπόντος·
1553 1641 1571 1672 t
1633 1619 1817 1688 Ταύτῃ
1855 1621 1919 1688 τῇ

360 1720 517 1771 νυκτὶ
552 1720 747 1781 πάντες
780 1715 1304 1784 σκανδαλισθήσεσθε
1337 1716 1394 1766 ἐν
1426 1712 1599 1782 spot,»
1636 1712 1794 1773 αὐτὸς
1825 1711 1924 1762 ἀν·

358 1811 575 1877 τέλεγεν
608 1810 867 1862 ἀπειθῶν.
898 1810 1005 1861 Καὶ
1034 1808 1094 1860 οὐ
1124 1806 1280 1859 τοῦτο
1310 1805 1467 1876 μόνον
1491 1843 1506 1868 ,
1544 1802 1678 1855 ἀλλὰ
1702 1800 1922 1853 καὶτῶν

360 1900 534 1954 ἀλλων
555 1901 741 1953 ἑαυτὸν
776 1898 1102 1969 ὑπερετίθει,
1148 1882 1327 1964 ’λέγων
1350 1913 1364 1927 υ
1412 1914 1431 1947 t
1464 1895 1584 1946 Κᾶν
1628 1895 1675 1945 εἰ
1725 1891 1922 1952 πάντες
1957 1881 1996 1936 Β

363 1990 923 2060 σκανδαλισθήσονται,
946 1989 1058 2042 ἀλλ’
1079 1990 1325 2056 οὑκὲγώο
1350 2005 1368 2038 ι
1392 1983 1922 2055 ἑγκαταλιμπάνεται

361 2083 427 2153 δὴ
458 2082 655 2151 μᾶλλον
696 2082 803 2135 τῶν
834 2081 1036 2143 ἀλλων,
1082 2078 1153 2142 ὡς
1188 2078 1280 2131 ὑπ’
1315 2074 1629 2138 ἀλαζονείας
1665 2073 1923 2140 κλαπεὶς,

364 2174 450 2226 ἶνα
482 2177 571 2226 καὶ
604 2172 803 2242 μᾶλλον
825 2172 932 2224 τῶν
959 2171 1131 2225 ἀλλων
1162 2167 1541 2229 ταπεινωθεὶς,
1573 2165 1710 2219 κατά
1734 2164 1924 2233 καιρὸν

364 2266 610 2334 ἀναφανῇ
657 2263 1052 2332 λαμπρότερος,
1089 2258 1185 2329 οὐχ
1222 2259 1298 2319 ὡς
1335 2257 1362 2309 ὁ
1405 2257 1575 2324 Ἀδὰμ
1610 2254 1925 2327 πειρασθείς

362 2355 499 2424 ὁμοῦ
522 2372 577 2406 τε
602 2357 694 2406 καὶ
714 2354 976 2423 νικηθεὶς,
1001 2357 1094 2406 καὶ
1118 2354 1196 2416 είς
1224 2352 1373 2413 τέλος
1399 2347 1760 2416 κατενεχθεὶς,
1791 2346 1928 2397 ἀλλά

365 2447 682 2517 πειρασθεὶς
716 2446 813 2514 μὲν
840 2447 933 2498 καὶ
968 2444 1304 2513 παρασυρεὶς
1354 2442 1569 2509 μικρὸν,
1611 2439 1838 2506 νικήσας
1872 2436 1927 2488 δὲ

367 2539 458 2590 τὸν
480 2539 822 2607 πειράζοντα.
856 2537 1006 2601 litin;
1038 2536 1116 2605 Τῇ
1140 2533 1332 2586 ἑαυτοῦ
1359 2532 1615 2600 πάραυτα
1650 2528 1927 2597 καταγνώ-

370 2645 452 2680 σει
504 2629 598 2679 καὶ
647 2630 710 2697 τῇ
766 2627 967 2694 σφοδρᾷ
1016 2624 1159 2694 λύπῃ
1217 2621 1309 2674 καὶ
1370 2619 1644 2690 μετανοίᾳ,
1703 2618 1796 2670 καὶ
1850 2618 1926 2687 τῷ

367 2716 641 2788 δραστικῷ
693 2718 827 2787 πρὸς
889 2717 1112 2785 ἱλασμὸν
1169 2713 1443 2783 φαρμάκῳ
1492 2714 1603 2772 τοῖς
1660 2710 1924 2780 δάκρυσι⁶

376 2828 395 2861 t
444 2811 685 2879 Καρδίαν
712 2810 841 2876 γὰρ,
879 2808 1031 2875 φησὶ,
1059 2804 1521 2873 συντετριμμένην
1553 2803 1645 2852 καὶ
1677 2816 1929 2853 τεταπει-

369 2904 618 2969 νωμένην
662 2901 689 2950 ὁ
735 2898 864 2960 Θεὸς
914 2898 1012 2950 οὐκ
1063 2894 1441 2959 ὲξουδενώτειο
1498 2910 1515 2941 ι
1564 2892 1653 2943 καὶ
1711 2892 1741 2959 ἡ
1792 2891 1931 2944 κατὰ

2032 611 2170 664 hanc
2202 620 2405 678 petram
2455 613 2729 667 mdilicaho
2783 612 3073 666 Ecelesiam
3130 628 3302 665 meam
3329 616 3368 664 ’.
3410 631 3431 666 ι
3472 614 3590 678 Quo

2030 703 2234 765 audito,
2266 704 2531 770 pessimus
2556 704 2641 757 ille
2671 719 2922 773 perversa
2952 705 3284 773 malignitate
3312 706 3475 758 Petro
3498 719 3592 758 su-

2031 808 2218 861 premo
2245 796 2457 863 generis
2490 794 2726 849 tidelium
2768 797 2928 865 capiti
2974 796 3262 849 insidiatur
3290 798 3431 849 sicut
3456 797 3585 849 olim

2032 884 2242 940 Adamn
2273 900 2528 955 supremo
2563 888 2775 955 generis
2803 890 3027 941 humani
3060 888 3246 956 capiti.
3280 888 3433 941 {\‘unc
3461 903 3591 958 ergo

2031 979 2207 1032 sciens
2262 978 2537 1032 intellectu
2600 990 2850 1032 ornatum
2903 981 3169 1034 eharitate
3222 990 3404 1033 autem
3460 994 3588 1049 erga

2029 1066 2303 1121 Christum
2349 1083 2596 1132 vacuum,
2647 1084 2752 1122 non
2790 1068 2844 1122 in
2895 1068 3085 1123 faciem
3140 1070 3304 1124 audet
3339 1071 3580 1139 aggredi,

2030 1157 2124 1213 sed
2152 1159 2307 1227 quasi
2333 1174 2397 1213 ex
2426 1160 2645 1229 obliquo
2667 1170 2719 1214 et
2745 1176 2773 1214 a
2801 1160 3007 1215 dextris
3045 1162 3213 1215 multa
3242 1178 3363 1215 cum
3400 1161 3593 1215 fraude

2031 1250 2303 1305 lacessens
2349 1261 2502 1319 urget
2531 1252 2596 1305 ad
2641 1253 2956 1308 violamlum
3009 1252 3270 1307 ofiieium.
3326 1252 3592 1320 Tempore

2031 1343 2297 1414 passionis
2322 1342 2617 1399 Salvatoris
2645 1361 2767 1399 eum
2789 1345 3071 1413 discipulis
3085 1345 3342 1398 dixisset:
3368 1362 3386 1395 ι
3408 1348 3459 1397 In
3488 1345 3590 1396 ista

2030 1448 2188 1493 nocte
2218 1452 2409 1492 omnes
2452 1453 2543 1492 vos
2571 1439 2883 1493 scandalum
2904 1439 3179 1507 patiemini
3204 1439 3255 1490 in
3285 1453 3390 1501 me,
3426 1457 3445 1489 ι
3475 1437 3590 1505 ipsi:

2031 1531 2354 1585 contradixit
2390 1531 2727 1597 incredulus,
2769 1544 2864 1584 nec
2894 1530 3065 1583 solum
3096 1530 3445 1593 contradixit,
3493 1528 3587 1581 sed

2029 1630 2082 1676 et
2112 1623 2232 1676 aliis
2257 1625 2490 1691 seipsum
2519 1623 2756 1691 praetulit
2778 1621 2967 1675 dicens
2995 1638 3009 1675 :
3043 1638 3060 1671 t
3087 1619 3199 1674 Etsi
3222 1634 3411 1673 oinnes
3438 1634 3594 1674 scan-

2030 1713 2248 1767 dalizati
2302 1713 2505 1767 fuerint
2532 1714 2584 1766 in
2624 1722 2696 1776 te,
2741 1728 2842 1782 ego
2924 1729 3200 1781 nunquam
3251 1713 3592 1766 scandaliza-

2032 1805 2214 1859 ὕοι-⁸⁸.
2254 1824 2271 1855 ι
2302 1804 2435 1859 Aliis
2469 1806 2820 1870 semetipsum
2849 1806 3132 1872 anteponit
3163 1804 3318 1874 quasi
3342 1818 3477 1857 vana
3506 1805 3593 1858 sui

2032 1896 2174 1951 ictus
2228 1897 2427 1951 fiducia
2460 1908 2517 1951 ut
2550 1896 2720 1967 magis
2763 1897 2884 1951 aliis
2910 1897 3243 1959 humiliatus,
3271 1898 3323 1949 in
3353 1904 3595 1964 tempore

2032 1996 2217 2057 surgat
2241 1988 2411 2057 magis
2435 1990 2774 2059 perSpieuus,
2802 1987 2908 2043 non
2936 1998 3190 2057 tanquam
3217 1987 3384 2041 Adam
3414 1997 3591 2041 tenta-

2033 2086 2123 2131 tus
2154 2080 2313 2132 simul
2352 2090 2406 2131 et
2457 2089 2750 2148 superatus
2785 2089 2838 2134 ct
2880 2082 2932 2133 in
2970 2082 3128 2135 tinem
3179 2090 3461 2148 enecatus,
3496 2080 3591 2135 sed

2032 2174 2272 2222 tentatus
2330 2168 2547 2235 quidem
2598 2179 2651 2222 et
2696 2171 2839 2223 brevi
2878 2182 3120 2240 tempore
3155 2171 3421 2235 devictus,
3470 2186 3593 2223 mut

2034 2268 2212 2310 autem
2242 2260 2306 2311 de
2349 2266 2615 2314 tcntatore
2647 2260 3013 2329 triumphans.
3050 2261 3377 2326 Quomodo?
3410 2260 3596 2329 Sniip-

2029 2350 2146 2403 sius
2183 2350 2536 2415 conscientia,
2586 2352 2777 2404 acerba
2831 2353 3050 2406 tristitia
3080 2361 3134 2406 et
3185 2352 3500 2421 paenitentia
3543 2360 3595 2403 et

2029 2437 2307 2507 lacrymis,
2338 2439 2532 2492 izloneo
2577 2441 2642 2494 ad
2695 2442 3136 2509 propitiationcm
3194 2442 3430 2495 remedio
3466 2461 3480 2493 :
3517 2441 3594 2495 ait

2028 2532 2170 2580 enim
2208 2528 2499 2583 Psalmista
2542 2548 2554 2581 :
2612 2549 2630 2581 ι
2662 2530 2767 2584 Cor
2817 2534 3109 2585 contritum
3143 2541 3196 2585 et
3245 2532 3592 2585 humiliatum

2030 2616 2174 2673 Deus
2204 2634 2311 2672 non
2349 2620 2611 2689 despiciet
2641 2623 2703 2674 ”.
2746 2641 2762 2673 ι
2811 2621 2873 2675 Et
2912 2638 3039 2677 vero
3082 2625 3298 2677 tristitia
3342 2639 3461 2691 qua:
3512 2632 3597 2676 est

2031 2710 2329 2762 secundum
2376 2711 2540 2763 Deum
2573 2712 2942 2780 paenitentiam
2971 2715 3036 2766 ad
3072 2714 3302 2767 salutem
3345 2714 3592 2767 stabilem

2033 2809 2324 2868 operatur;
2358 2813 2409 2855 et
2439 2803 2528 2871 qui
2561 2804 2791 2856 seminat
2834 2804 2884 2857 in
2916 2806 3168 2875 lacrymis
3193 2805 3491 2858 orationem
3541 2804 3595 2858 in

2037 2892 2399 2946 exsultatione
2434 2902 2599 2947 metet
2628 2895 3026 2951 remis~ionem.

368 2994 501 3044 θεὸν
548 2992 691 3059 λύπη
747 2990 1035 3057 μετάνοιαν
1089 2985 1498 3060 ἀμεταμέλητον
1551 2982 1919 3052 ἀπεργάζεται
1960 2982 2093 3053 πρὸς
2128 2984 2434 3053 σωτηρίαν*
2468 2985 2561 3039 καὶ
2594 2986 2622 3037 δ
2656 2988 2893 3056 σπείρων
2930 2990 2986 3041 ὲν
3013 2988 3240 3059 δάκρυσι
3304 2990 3398 3060 τὴν
3481 2992 3595 3044 lx:-

374 3080 493 3132 σίαν
526 3080 581 3130 ὲν
609 3078 920 3145 ἀγαλλιάσει
947 3077 1115 3145 θεριεί
1143 3075 1237 3142 τὴν
1266 3074 1478 3142 ἄφεσιν.

444 3171 571 3223 Ἰδοι
604 3169 646 3221 δ’
672 3170 733 3221 ἀν
767 3184 850 3226 τις
876 3167 1036 3219 αὐτὸν
1067 3165 1326 3229 ἐξετάσας
1360 3166 1418 3218 οὗ
1457 3166 1614 3235 μόνον
1642 3166 1737 3235 τὴν
1762 3166 1927 3234 ἄρνη-
1960 3168 2003 3228 C
2115 3161 2197 3216 Vit

1844 3180 1927 3233 νη·
1960 3168 2003 3228 C
2115 3161 2334 3216 Vidt‘rct
2364 3162 2486 3232 quis
2515 3180 2636 3217 eum
2672 3166 3016 3235 conspiciens
3054 3182 3159 3221 non
3198 3178 3405 3222 tantum
3441 3185 3599 3239 nega-

373 3280 456 3314 σιν
515 3263 593 3324 εἰς
638 3261 704 3330 ῆν
759 3257 1044 3328 παρεσύρη
1087 3258 1175 3310 διὰ
1219 3259 1313 3326 τῆς
1368 3258 1649 3325 μετανοίας
1694 3258 1786 3308 καὶ
1838 3255 1931 3308 τοῦ

372 3351 680 3405 κατωδύνου
728 3351 953 3411 πένθους
986 3350 1179 3410 ἱκανῶς
1217 3349 1527 3417 ἰασάμενον,
1574 3349 1708 3400 ἀλλὰ
1751 3350 1843 3399 καὶ
1875 3348 1934 3400 τὸ

375 3441 547 3504 πάθος
579 3440 645 3493 δι’
676 3441 703 3493 ὃ
738 3441 935 3510 μᾶλλον
976 3441 1082 3493 τῶν
1114 3439 1286 3493 ἄλλων
1313 3438 1730 3507 ἐγκατελείφθη,
1761 3438 1935 3506 πρόρ-

376 3534 522 3602 ρεζον
543 3533 639 3597 τῆς
668 3533 873 3593 οἰκείας
902 3531 1073 3599 ψυχῆς
1105 3532 1511 3583 ἀνασπάσαντα.
1539 3531 1644 3582 Καὶ
1673 3528 1828 3581 τοῦτο
1853 3527 1938 3580 θέ-

373 3623 483 3673 λων
512 3620 681 3685 δεῖξαι
704 3623 816 3682 τοῖς
853 3622 1019 3672 πᾶσιν
1044 3622 1071 3672 ὁ
1102 3620 1325 3688 Κύριος,
1360 3620 1495 3689 μετά
1524 3619 1583 3671 τὸ
1611 3619 1697 3671 διὰ
1738 3620 1937 3686 σαρκὸς

375 3713 515 3781 ὑπὲρ
538 3712 693 3779 ἡμῶν
722 3710 884 3763 αὑτοῦ
914 3710 1104 3773 πάθος,
1140 3712 1232 3762 καὶ
1256 3714 1354 3779 τὴν
1383 3711 1447 3763 ἐκ
1481 3713 1687 3780 νεκρῶν
1712 3711 1939 3779 τριήμε-

379 3821 471 3875 ρον
497 3803 733 3871 ἔγερσιν,
764 3804 883 3862 ταῖς
910 3802 1002 3852 νῦν
1034 3801 1471 3870 ἀνεγνωσμέναις
1496 3802 1553 3853 ἐν
1580 3801 1653 3868 τῷ
1687 3799 1796 3853 Εὐα
1810 3816 1939 3868 γγε-

375 3899 476 3968 λξῳ
503 3899 701 3965 φωναῖς
736 3896 871 3962 πρὸς
905 3896 995 3946 τὸν
1039 3895 1241 3963 Πέτρον
1276 3895 1566 3963 ἐχρήσατο,
1599 3894 1769 3960 λέγων
1804 3895 1940 3964 πρὸς

378 3990 540 4041 αὐτόν
558 4002 569 4014 ·
592 3987 682 4038 ιΣί
688 4004 799 4055 μων
816 3987 988 4048 Ἰωνᾶ,
1013 3986 1229 4054 ἀγαπᾷς
1255 4002 1320 4053 με
1348 3986 1529 4038 πλεῖον
1548 3985 1767 4051 τούτωνς
1791 4002 1809 4035 ι
1835 3985 1940 4037 τῶν

378 4081 401 4133 ὲ
412 4080 529 4148 μῶν
556 4079 796 4147 δηλονότι
833 4077 1086 4148 μαθητῶν
1112 4094 1127 4142 ;
1160 4077 1264 4129 Τοῦ
1294 4078 1349 4130 δὲ
1378 4080 1475 4146 ὃρα
1512 4079 1607 4148 τὴν
1635 4080 1727 4131 ἐπὶ
1758 4078 1818 4130 τὸ
1848 4096 1940 4130 τας

379 4170 690 4240 πεινότερον
736 4168 1073 4237 μεταϐολήν·
1116 4171 1144 4220 ὁ
1177 4170 1283 4238 γάρ
1332 4170 1424 4220 καὶ
1468 4170 1542 4236 μὴ
1593 4170 1940 4237 ἐρωτώμενος

378 4263 590 4330 πρώην,
643 4260 952 4330 ὑπερτιθεὶς
990 4261 1097 4312 τῶν
1125 4260 1296 4313 ἄλλων
1348 4260 1561 4324 ἑαυτὸν,
1595 4261 1686 4311 καὶ
1726 4259 1899 4326 λέγων
1923 4274 1937 4289 ο

380 4357 501 4409 Κᾶν
530 4355 749 4416 πάντες,
785 4352 896 4405 ἀλλ’
923 4353 1020 4405 οὐκ
1052 4352 1182 4419 ἐγὼ,
1217 4352 1310 4404 νῦν
1342 4352 1691 4421 ἐρωτώμενος
1713 4354 1759 4403 εἰ
1779 4350 1941 4401 πλέον

377 4446 486 4498 τῶν
525 4446 697 4498 ἄλλων
726 4444 935 4513 ἀγαπᾷ,
973 4443 1034 4496 τὸ
1085 4444 1182 4512 μὲν
1213 4444 1436 4512 ἀγαπᾷν
1487 4445 1741 4506 συναινεῐ,
1788 4442 1848 4493 τὸ
1885 4441 1941 4493 δὲ

380 4539 540 4592 πλέον
575 4537 789 4607 ἀφίησι,
829 4535 1041 4601 λέγων’
1096 4532 1129 4584 ι’
1158 4531 1283 4597 Ναὶ,
1324 4533 1516 4603 Κύριε,
1561 4535 1624 4586 σὺ
1673 4532 1818 4594 οἶδας
1861 4532 1943 4584 ὅτι

382 4630 524 4699 φιλῶ
552 4646 633 4683 σε.
672 4647 690 4679 ι
732 4628 795 4679 Τί
824 4624 915 4680 οὖν
957 4629 984 4678 ὀ
1030 4625 1265 4694 κύριος;
1311 4623 1524 4692 Ἐπειδὴ
1563 4624 1749 4677 τοῦτον
1778 4624 1946 4690 ἔδειξε

382 4722 521 4789 μήτε
571 4720 668 4787 τῆς
710 4718 845 4786 πρὶς
894 4716 1054 4770 αὑτὸν
1099 4716 1318 4783 ἀγάπης
1351 4715 1670 4777 ἐκπεσόντα,
1710 4716 1801 4767 καὶ
1849 4716 1945 4785 τὴν

377 4810 705 4865 ταπείνωσιν
732 4808 1191 4878 προσλαϐόμενον,
1216 4806 1412 4873 πληροῖ
1441 4804 1720 4874 παρρησίᾳ
1753 4805 1849 4874 τὴν
1880 4807 1944 4857 ὲκ

379 4900 579 4954 πολλοῦ
616 4900 751 4970 πρὸς
786 4900 971 4953 τοῦτον
1007 4897 1361 4966 ἐπαγγελίαν,
1394 4895 1485 4948 καί
1519 4910 1652 4964 φησι
1683 4896 1817 4964 πρὸς
1847 4896 1942 4948 aib-

381 4992 498 5043 τόν·
531 5008 549 5040 t
582 4989 840 5055 Ποίμαινε
870 4990 937 5040 τὰ
964 4987 1124 5051 ἀρνία
1154 5004 1254 5055 μου
1278 5000 1290 5014 ⁸
1331 5004 1349 5036 ι
1388 4986 1515 5037 ὅταν
1548 4984 1646 5054 μὲν
1672 4982 1947 5052 γὰρόίκοο

382 5080 554 5150 δομὴν
577 5080 714 5150 καλῇ
748 5080 843 5150 τὴν
862 5077 968 5131 τῶν
992 5080 1071 5141 εἰς
1088 5079 1247 5131 αὑτὸν
1273 5077 1632 5129 πιστευόντων
1664 5076 1945 5146 συλλογὴν,

386 5173 632 5241 θεμέλιον
656 5172 817 5223 αὑτὸν
844 5172 1028 5241 θήσειν
1050 5168 1442 5237 ἐπαγγέλλεται
1464 5185 1476 5200 ·
1503 5185 1521 5218 ι
1561 5169 1630 5220 Σὺ
1654 5159 1724 5230 εί,
1756 5166 1947 5233 λέγων,

386 5266 628 5334 Πέτρος,
663 5264 759 5316 κ).
801 5264 893 5315 ἐπὶ
934 5263 1105 5331 ταύτῃ
1156 5262 1221 5331 τῇ
1266 5260 1440 5329 πέτρα
1476 5258 1814 5327 οἰκοδομήσω
1849 5273 1950 5325 μου

384 5358 483 5424 τὴν
525 5354 871 5424 Ἐκκλησίαν.
905 5372 924 5405 ι
962 5354 1130 5406 Ὅταν
1164 5353 1221 5405 δὲ
1255 5354 1381 5420 περὶ
1414 5350 1600 5412 ἀλείας
1638 5350 1665 5401 ὁ
1706 5348 1859 5415 λόγος
1893 5343 1950 5421 ᾖ,

386 5450 543 5502 ἁλιέα
572 5446 757 5500 τοῦτον
794 5444 1094 5514 ἀνθρώπων
1119 5447 1296 5497 ποιεῖ’
1333 5460 1379 5495 ι·
1399 5442 1531 5495 Ἀπὸ
1562 5440 1655 5494 τοῦ
1708 5440 1802 5492 νῦν
1822 5478 1837 5502 ,
1867 5439 1955 5493 λέ-

386 5557 520 5604 γων,
546 5536 859 5604 ἀνθρώπους
885 5534 983 5604 ἔσῃ
1000 5534 1225 5600 ζωγρῶν
1244 5548 1257 5561 ·
1284 5552 1304 5584 δ
1326 5533 1451 5584 ὅταν
1480 5530 1536 5583 δὲ
1560 5529 1806 5599 πρόϐατα
1826 5532 1951 5592 τοὺς

2039 3256 2238 3309 tionem
2273 3257 2323 3308 in
2353 3272 2514 3325 quam
2547 3268 2835 3324 superatus
2861 3259 3083 3327 illapsus
3124 3269 3261 3321 erat,
3298 3279 3390 3330 per
3430 3264 3603 3330 pa'ni-

2037 3351 2260 3403 tentiam
2300 3351 2724 3420 dolorosumque
2754 3368 3042 3405 maerorem
3079 3355 3408 3408 suilicicnter
3434 3371 3598 3410 sana-

2038 3442 2206 3504 visse,
2252 3441 2345 3494 sed
2391 3442 2555 3495 etiam
2585 3443 2908 3511 arrogantiae
2954 3444 3140 3496 vitium
3179 3460 3284 3513 quo
3328 3461 3446 3500 sese
3480 3448 3600 3501 aliis

2039 3531 2369 3600 praetulerat,
2401 3533 2557 3600 longe
2604 3532 2671 3584 ab
2700 3533 2877 3585 anima
2928 3537 3218 3588 amovisse.
3272 3535 3425 3600 Quod
3473 3551 3595 3590 cum

2042 3622 2303 3676 Dominus
2350 3623 2511 3677 vellet
2559 3624 2810 3677 omnibus
2856 3624 3167 3688 ostendere,
3212 3638 3495 3695 postquam
3547 3629 3601 3680 in

2038 3728 2204 3768 carne
2236 3729 2331 3783 pro
2363 3715 2519 3769 nobis
2552 3731 2746 3783 passus
2776 3716 2975 3770 fuisset
3003 3726 3055 3770 et
3088 3720 3242 3771 tertia
3275 3719 3363 3771 die
3395 3735 3423 3772 a
3459 3734 3598 3773 mor-

2042 3805 2149 3857 tuis
2180 3804 2592 3866 resurrexisset,
2634 3804 2791 3857 hodie
2828 3805 3007 3860 relatis
3046 3807 3101 3858 in
3140 3807 3426 3877 Evangelio
3455 3807 3601 3861 vcei-

2042 3899 2143 3951 bus
2183 3895 2247 3949 ad
2292 3896 2504 3949 Petrun
2538 3912 2669 3951 usus
2699 3907 2802 3960 est,
2835 3899 3020 3952 dicens
3051 3901 3114 3952 ad
3153 3916 3276 3953 eum
3306 3916 3321 3952 :
3354 3918 3373 3951 ‹
3409 3900 3598 3955 Simon

2039 3984 2282 4051 Joannis,
2301 4003 2450 4043 amas
2474 4003 2558 4042 me
2581 3990 2699 4055 plus
2720 3989 2803 4042 his
2825 3990 2875 4042 ?i
2906 3993 3039 4046 meis
3060 3992 3265 4045 scilicet
3282 3992 3603 4060 discipulis?

2042 4079 2215 4148 llujus
2247 4090 2428 4133 autem
2470 4083 2714 4149 perspice
2750 4084 2815 4135 ad
2878 4084 3248 4136 humilitatem
3287 4085 3603 4137 conversio-

2042 4187 2188 4226 nem.
2220 4169 2379 4224 Prius
2407 4173 2549 4225 enim
2578 4174 2681 4227 etsi
2716 4188 2822 4227 non
2851 4174 3217 4240 interrogatus
3250 4176 3601 4244 semetipsum

2043 4262 2251 4316 caeteris
2304 4271 2697 4330 anteposuerat
2747 4265 2991 4319 dicens:
3039 4284 3057 4315 ι
3094 4267 3203 4321 Etsi
3255 4282 3467 4332 omnes,
3506 4268 3603 4321 sed

2044 4365 2151 4405 non
2173 4365 2325 4418 ego,»
2350 4368 2491 4405 nunc
2507 4353 2865 4420 interrogatus
2886 4372 2951 4407 an
2976 4356 3095 4423 plus
3115 4357 3233 4410 aliis
3255 4366 3606 4426 amet,qnan-

2048 4450 2160 4495 tum
2196 4442 2261 4495 ad
2297 4456 2534 4496 amorem
2566 4444 2884 4508 assentitur,
2922 4446 3049 4498 illud
3091 4462 3213 4500 vero
3237 4449 3358 4515 plus
3393 4448 3602 4503 omittit

2052 4532 2237 4588 dicens
2270 4552 2282 4587 :
2331 4552 2349 4585 ι
2388 4535 2581 4598 Etiam,
2610 4533 2859 4598 Domine,
2900 4545 2955 4589 tu
2989 4538 3097 4591 scls
3147 4540 3273 4606 quia
3303 4554 3427 4591 amo
3482 4550 3550 4593 te.
3580 4558 3598 4590 ι

2050 4624 2189 4690 Quid
2220 4637 2348 4695 ergo
2378 4625 2685 4678 Dominus?
2711 4623 2867 4679 Nunc
2888 4642 3009 4680 cuin
3042 4631 3362 4681 monstravit
3384 4628 3604 4683 Petrum

2050 4730 2159 4769 non
2181 4729 2210 4767 a
2242 4715 2506 4769 charitate
2529 4731 2653 4784 erga
2683 4715 2833 4769 illum
2866 4717 3135 4771 excidisse
3167 4728 3220 4771 et
3246 4718 3603 4773 humilitatem

2047 4807 2389 4875 concepisse,
2417 4816 2597 4875 aperte
2634 4808 2819 4875 implet
2846 4808 3114 4875 quodjam
3140 4808 3347 4877 pridem
3383 4811 3448 4864 ad
3482 4828 3607 4867 eum

2047 4898 2409 4960 nuntiaverat,
2426 4906 2478 4951 et
2502 4899 2576 4951 ait
2603 4899 2675 4951 illi
2704 4918 2715 4952 :
2750 4899 2946 4953 «Pasce
2962 4914 3131 4969 agnos
3156 4916 3326 4956 meos.
3349 4919 3367 4951 ι
3390 4903 3443 4955 Si
3463 4903 3605 4956 enim

2053 4989 2461 5044 aedificationem
2485 4999 2641 5043 vocat
2662 4991 3037 5047 collectionem
3073 4994 3405 5047 credentium
3438 4994 3489 5046 in
3524 4995 3606 5063 ip-

2055 5095 2196 5145 sum,
2233 5079 2645 5135 fundamentum
2680 5083 2832 5136 illum
2889 5084 3153 5153 promittit
3190 5100 3246 5139 se
3282 5086 3608 5152 positurum.

2054 5170 2109 5224 Si
2139 5168 2207 5223 de
2257 5171 2553 5238 piscatione
2591 5171 2659 5223 sit
2712 5185 2914 5235 sermo,
2951 5172 3276 5240 piscatorem
3324 5170 3605 5223 h0minum

2058 5260 2206 5314 illum
2224 5261 2350 5315 facit
2367 5261 2549 5314 dicens
2570 5278 2583 5314 :
2603 5262 2707 5315 «Ex
2731 5278 2875 5316 nunc
2890 5264 2997 5315 eris
3017 5262 3295 5315 hominum
3322 5263 3572 5329 piscator.
3589 5277 3606 5309 ι

2063 5350 2118 5403 Si
2167 5367 2295 5406 vero
2345 5368 2473 5406 suos
2529 5368 2741 5422 gregem
2792 5353 3053 5419 nominat,
3090 5365 3355 5422 pastorem
3390 5351 3609 5404 Petrum

2066 5442 2301 5511 prmfecit
2336 5460 2347 5496 :
2378 5463 2396 5495 ι
2430 5442 2619 5509 Pasce,
2655 5446 2847 5515 inquit,
2883 5459 3050 5513 agnos
3093 5459 3264 5508 meos,
3290 5457 3450 5513 pasce
3485 5456 3616 5496 oves

2061 5548 2207 5587 meas
2239 5535 2302 5588 “.
2341 5552 2359 5584 ι

386 5630 582 5685 ἑαυτοῦ
634 5627 790 5697 159
835 5630 983 5695 ποιῇ,
1036 5625 1204 5693 νομέα
1266 5626 1358 5678 τὸν
1409 5625 1608 5692 Πέτρον
1658 5624 1941 5691 ἐφίστησι,
1992 5624 2330 5692 «Ποίμαινε,
2362 5627 2555 5694 λέγων,
2590 5628 2656 5679 τὰ
2688 5626 2848 5695 ἀρνία.
2879 5643 3002 5697 μου,
3044 5626 3294 5695 ποίμαινε
3362 5626 3427 5677 τὰ
3482 5623 3617 5695 πρό’

388 5724 529 5777 ϐατά
560 5739 681 5790 μου.
721 5738 739 5770 ι

523 5847 542 5875 ¹⁵
573 5840 755 5894 )lalth.
788 5854 896 5904 tm,
931 5838 990 5891 l8
1106 5841 1145 5871 ¹⁰
1175 5838 1369 5895 Matth.
1408 5853 1555 5904 xxvi,
1582 5836 1671 5891 55.

1758 5836 1797 5866 τι
1832 5833 1975 5890 Ρδιιὶ.
2013 5850 2064 5903 1.,
2106 5835 2183 5888 ιν.

2265 5834 2305 5862 ¹²
2337 5831 2491 5886 Juatt.
2542 5848 2652 5896 ut,
2704 5832 2761 5886 15
2790 5848 2939 5899 srqq.
