4444 6450
829 370 927 436 371

2044 378 2419 438 GREGORII
2465 380 2785 442 ΡΑιΑΜιΕ

3941 384 4044 448 372

830 485 985 538 mecli
1036 485 1242 552 primus
1275 487 1532 540 scribitur
1578 486 1829 555 elIugisse
1865 500 1957 554 per
1999 490 2373 557 penitentiam
2406 495 2447 550 Α
2482 507 2585 544 σου

2295 504 2373 541 am
2406 495 2447 550 Α
2482 507 2598 551 σου,
2631 493 2715 544 ἵνα
2739 492 3029 563 δικαιωθῇς
3049 505 3094 543 'i
3122 493 3148 544 ὃ
3171 491 3264 545 καὶ
3294 494 3320 544 6
3363 490 3683 553 Ἀπόστολος
3715 491 3852 558 μετὰ
3877 492 4050 546 ταῦτά

826 572 1178 639 doloremque
1211 573 1278 626 de
1310 575 1545 641 peccatis
1592 575 1859 644 justitiam
1908 577 2203 632 cmlestem.
2254 577 2382 632 Post

826 679 950 716 cum
987 673 1191 726 autem,
1215 664 1696 727 Ninivit:e,civitas
1730 676 1836 721 tota
1872 678 1925 722 ct
1953 670 2239 723 multitudo
2271 669 2380 723 l'cre

823 757 1258 809 innumerabilis.
1281 756 1342 810 Hi
1369 766 1546 809 autem
1568 773 1670 810 non
1695 758 1850 811 modo
1868 769 2244 826 peccaverunt,
2284 763 2377 816 sed

826 859 1039 915 recepta
1073 847 1417 915 prtedictione
1447 849 1691 901 vindicta:
1724 850 1925 903 violare
1954 865 2070 903 eam
2103 853 2219 905 ausi
2257 861 2381 904 sunt

825 955 921 1008 per
949 940 1383 1003 Conversioncm,
1417 950 1470 994 et
1497 941 1658 993 simul
1682 941 1921 994 dolorem
1958 943 2235 996 acerbum.
2271 945 2380 994 Au-

823 1033 1047 1084 diernnt
1080 1032 1225 1084 enim
1255 1031 1448 1085 Jonam
1496 1033 1947 1100 credideruntqne
1977 1033 2246 1087 nuntianti
2286 1033 2380 1085 de-

824 1135 1032 1178 cretum
1085 1124 1324 1177 divinum
1371 1143 1383 1177 :
1419 1145 1434 1174 ι
1468 1124 1656 1180 Adhuc
1696 1136 1806 1179 tres
1851 1126 2222 1194 (quadraginta
2271 1141 2378 1179 sec.

825 1217 1005 1284 Vulg.)
1037 1217 1150 1271 dies
1167 1228 1218 1271 et.
1240 1217 1430 1270 Ninive
1459 1219 1899 1271 subveitclur".i
1927 1219 2128 1272 Auditis
2157 1219 2256 1272 ﬁde
2290 1220 2386 1271 atl-

826 1311 1020 1373 hibita,
1064 1326 1169 1363 non
1211 1311 1509 1377 praecipites
1540 1325 1596 1363 sc
1621 1310 1881 1364 dederunt
1906 1313 1956 1364 in
1980 1312 2383 1379 desperationis

821 1405 1101 1472 abyssum,
1158 1417 1254 1454 nec
1293 1401 1654 1456 indurationis
1686 1402 1914 1469 l.upidem
1961 1404 2216 1459 cordibus
2267 1408 2383 1460 suis

827 1495 1214 1561 imposuerunt.
1268 1491 1371 1545 Sed
1405 1491 1644 1546 dicentes
1702 1493 1840 1545 intra
1886 1509 1942 1547 se
1995 1493 2061 1546 ad
2105 1494 2330 1548 invicem
2368 1513 2379 1546 :

829 1586 992 1649 «Quis
1021 1585 1124 1640 scit
1150 1585 1193 1638 si
1224 1592 1574 1637 Convertatur
1602 1593 1654 1637 ct
1681 1585 1921 1652 ignoscat
1944 1585 2099 1647 Deus,
2132 1595 2184 1639 et
2209 1602 2387 1640 rever-

824 1686 970 1728 tatur
1004 1691 1032 1728 a
1063 1674 1249 1728 furore
1281 1675 1373 1727 iraa
1406 1689 1540 1736 sum,
1577 1684 1629 1728 et
1668 1689 1772 1727 non
1807 1675 2104 1740 peribimus
2131 1677 2209 1728 "?
2258 1696 2274 1728 ›
2324 1676 2386 1728 Et

825 1780 1124 1820 conversus
1162 1775 1240 1819 est
1274 1766 1650 1833 unusquisque
1694 1783 1722 1818 a
1756 1766 1839 1818 via
1881 1781 1975 1820 sua
2023 1767 2184 1829 mala,
2238 1768 2386 1821 etab

2487 598 2649 651 φησιν
2675 599 2689 612 ·
2731 601 2751 633 ι
2798 581 2857 633 El
2893 582 3001 651 γὰρ
3030 583 3252 644 ἑαυτοὺς
3285 582 3646 650 διεκρίνομεν,
3677 581 3774 633 οὐκ
3801 579 3865 634 ᾶν
3905 584 4053 646 ἐκρι-

2487 674 2710 742 νόμεθα.
2754 692 2771 724 ι
2810 673 3029 743 Πρῶτος
3080 674 3177 742 μὲν
3207 668 3300 727 οῦν
3331 674 3360 725 6
3395 676 3586 742 Λάμεχ
3637 674 4051 741 ἀναγέγραπται

2486 765 2573 816 διὰ
2608 765 2914 831 μετανοίας,
2945 765 3038 816 καὶ
3070 766 3166 833 τῆς
3199 767 3283 834 ἐφ’
3315 766 3679 834 ἁμαρτήμασι
3725 765 3922 830 λύπης,
3954 766 4053 832 τὴν

2487 856 2692 908 ἄνωθεν
2715 857 2868 926 δίκην
2898 855 3220 923 ἀποφυγών.
3255 856 3407 909 Μετᾶ
3439 856 3495 908 δὲ
3541 856 3728 910 τοῦτον
3759 855 3806 907 οί
3837 851 4051 906 Νινευῖο

2487 967 2593 1012 ται,
2625 949 2808 1010 πόλεις
2839 949 2956 1002 ὅλαι
2990 951 3081 1000 καὶ
3122 948 3323 1015 πλῆθος
3352 949 3451 1000 οὐκ
3478 947 3865 1016 εὐαρίθμητον.
3893 941 4050 998 Οὗτοι

2487 1041 2540 1092 δὲ
2574 1040 2646 1110 μὴ
2692 1039 2852 1108 μόνον
2883 1039 3237 1108 ἀμαρτᾶντες,
3263 1038 3397 1090 ἀλλὰ
3426 1039 3518 1090 καὶ
3568 1037 3716 1106 παρὰ
3743 1035 3876 1089 Θεοῦ
3900 1034 4049 1098 δεξα-

2491 1148 2638 1198 μενοι
2670 1130 2768 1196 τὴν
2803 1131 3077 1196 ἀπόφασιν
3101 1131 3200 1198 τῆς
3245 1129 3422 1181 αὐτῶν
3469 1127 3785 1193 καταδζκης.
3813 1126 4051 1196 ὲθάρῤηο

2490 1240 2587 1274 σαν
2641 1222 2807 1292 αὐτὴν
2862 1223 3164 1293 ὑπερόἧναι
3218 1222 3306 1274 διὰ
3369 1221 3680 1290 μετανοίας,
3715 1219 3938 1286 καὶτῆς
3995 1221 4050 1269 ὲν

2489 1317 2620 1383 αὐτῇ
2671 1316 2920 1384 λυπηρᾶς
2978 1313 3361 1376 κατανύξεως·
3412 1313 3648 1382 ἥκουσαν
3706 1313 3812 1380 γὰρ
3873 1310 4048 1368 Ἰωνᾶ,

2489 1410 2582 1459 καλ.
2632 1406 2956 1457 ἐπίστευσαν
3011 1405 3312 1458 ἀναϐοῶντι
3365 1404 3462 1473 τὴν
3528 1403 3678 1456 θείαν
3733 1402 4045 1469 ἀπόφασιν·

2494 1520 2509 1549 ι
2551 1500 2670 1550 Ἔτι
2699 1501 2844 1566 τρεῖς
2873 1499 3094 1566 ἡμέραι,
3129 1500 3224 1550 καὶ
3252 1497 3450 1564 Νινευὴ
3474 1496 4005 1564 καταστραφήτεται.
4025 1513 4043 1546 ι

2501 1589 2852 1649 Ἀκούσαντες
2886 1589 2939 1639 δὲ
2971 1589 3066 1640 καὶ
3095 1587 3508 1649 πιστεύσαντες,
3543 1587 3639 1637 οὐκ
3675 1586 3902 1655 ἔρριᾲαν
3926 1588 4052 1637 ἐαυ-

2488 1681 2608 1741 τοὺς
2645 1678 2784 1731 κατὰ
2815 1679 2907 1730 τοῦ
2935 1677 3168 1747 πονηροῦ
3220 1677 3492 1746 βαράθρου
3539 1677 3636 1743 τῆς
3666 1675 3995 1743 ἀπογνώσεω
4017 1695 4046 1734 ·,

2488 1773 2607 1824 οὐδὲ
2636 1773 2725 1824 τὸν
2753 1772 2896 1822 λίθον
2922 1774 3018 1838 τῆς
3062 1769 3368 1838 πωρώσεως
3404 1771 3520 1831 ταῖς
3549 1767 3757 1821 ἑαυτῶν
3805 1765 4047 1834 καρδίαις

826 1857 1116 1924 iniquitate
1143 1870 1400 1908 manuum
1430 1870 1676 1918 suarum,
1703 1865 1757 1910 et
1782 1856 2382 1924 praedicantjcjuniutn,
2418 1873 2456 1926 Β
2491 1863 2581 1912 ἐπέ

2292 1874 2382 1920 Im,
2418 1873 2456 1926 Β
2491 1862 2801 1930 ἐπέθηκαν
2851 1861 2966 1912 ἀλλ’
2997 1859 3239 1921 εἰπόντες
3294 1859 3428 1926 πρὸς
3460 1859 3687 1918 ἑαυτοὺς
3734 1860 3829 1911 καὶ
3880 1856 4047 1924 ἀλλή-

823 1949 1133 2003 vestiuntur
1167 1949 1339 2002 saccis
1387 1963 1415 2001 a
1447 1950 1651 2010 maiore
1683 1964 1852 2017 usque
1885 1949 1948 2001 ad
1983 1951 2270 2013 minorem,
2310 1950 2380 2002 ita

827 2051 884 2094 nt
919 2057 1011 2094 rex
1043 2041 1157 2109 ipse
1179 2056 1301 2094 cum
1334 2041 1414 2094 eis
1440 2042 1658 2094 indutus
1690 2055 1847 2094 sacco
1876 2041 2085 2096 sederet
2116 2043 2168 2094 in
2201 2043 2383 2097 cinere

829 2130 1114 2194 pmnitens,
1145 2137 1199 2182 et
1224 2129 1322 2195 ipsi
1355 2129 1586 2182 infantes
1623 2130 1787 2183 ubera
1828 2145 1932 2182 non
1965 2141 2236 2196 sugerent;
2269 2148 2382 2184 ma-

821 2232 932 2274 tres
958 2222 1100 2273 enim
1134 2237 1322 2274 eorum
1359 2230 1415 2273 ut
1445 2222 1651 2274 videtur
1682 2238 1788 2290 pra:
1823 2223 1988 2275 nimio
2028 2224 2210 2277 dolore
2241 2225 2382 2277 obli-

825 2312 1173 2365 viscehantur
1200 2313 1345 2378 ipsos
1377 2312 1635 2366 lactentes
1669 2328 1885 2381 pueros,
1919 2316 2058 2368 sicut
2106 2317 2180 2367 ait
2227 2315 2380 2368 Psal-

825 2406 985 2459 ntista
1045 2421 1058 2456 :
1115 2424 1132 2455 ι
1180 2404 1394 2458 Oblitus
1426 2420 1546 2458 sum
1591 2405 1875 2458 comedere
1911 2419 2102 2474 panem
2138 2421 2315 2457 meum
2353 2420 2383 2458 a

823 2512 956 2550 voce
1004 2497 1235 2564 gemitus
1281 2497 1380 2549 mei
1419 2496 1486 2549 ⁸¹.
1523 2515 1540 2546 i
1571 2497 1639 2550 Et
1673 2509 1910 2550 armenta
1943 2512 2046 2549 non
2090 2497 2387 2565 pasceban-

825 2598 954 2651 tur;
997 2589 1335 2656 reliquerunt
1384 2588 1528 2641 enim
1556 2629 1569 2652 ,
1610 2598 1664 2641 ut
1710 2588 1948 2655 cogitare
1975 2598 2077 2652 εει,
2105 2602 2164 2640 ea
2201 2587 2382 2640 bubuli

826 2690 1180 2749 pastoresque
1234 2681 1286 2732 iu
1341 2680 1576 2733 ovilibus
1631 2689 1684 2732 et
1732 2678 1957 2731 stabulis
2011 2678 2238 2738 inclusa,
2284 2679 2384 2745 ipsi

826 2775 970 2824 enim
1009 2773 1175 2824 nimio
1208 2772 1398 2825 dolore
1439 2771 1644 2824 immoti
1695 2772 2106 2826 detinebantur.
2137 2769 2229 2822 Sic
2261 2785 2388 2822 Con-

828 2872 1047 2915 ccntum
1092 2864 1387 2915 salutarem
1439 2861 1700 2915 salutaris
1749 2861 2047 2913 secundum
2091 2859 2255 2913 Deum
2292 2862 2386 2913 tri-

827 2956 990 3007 stitite
1010 2953 1382 3016 eﬂortiiantes,
1412 2961 1751 3006 mutaverunt
1779 2952 2022 3007 divinum
2055 2968 2215 3021 snper
2241 2953 2386 3020 ipsos

827 3049 1127 3110 decretum,
1163 3050 1348 3114 iraque
1383 3046 1603 3100 caeleste
1641 3047 1852 3114 placata
1879 3046 2114 3099 divinam
2160 3047 2384 3114 gratiam

829 3150 1165 3194 ωριύετιιιιι.

2484 1951 2642 2014 λους·
2686 1971 2702 2002 ι
2733 1953 2826 2013 Τίς
2871 1949 3010 2004 οἶδεν
3042 1954 3090 2005 εί
3141 1951 3518 2018 μετανοήσειὸ
3553 1950 3704 2012 Θεὸς,
3760 1949 3855 2001 καὶ
3914 1950 4050 2000 ἀπο·-

2487 2047 2704 2114 στρέψει
2735 2047 2792 2113 ἐξ
2838 2045 3009 2115 ὀργῆς
3039 2045 3211 2114 Θυμοῦ
3259 2046 3447 2108 αὑτοῦ,
3479 2050 3571 2099 καὶ
3617 2046 3675 2098 οὔ
3718 2043 3792 2113 μὴ
3831 2043 4048 2096 ἀπολώο

2488 2138 2651 2207 μεθα;
2702 2159 2719 2190 i
2763 2137 3104 2206 ἀπέστρεψεν
3145 2137 3371 2199 ἕκαστος
3406 2136 3512 2189 ἀπὸ
3555 2136 3654 2206 τῆς
3709 2135 3831 2188 ὁδοῦ
3881 2133 4046 2187 αὐτοῦ

2484 2230 2579 2294 τῆς
2616 2231 2873 2296 πονηρᾶς,
2916 2228 3127 2296 καὶτῆς
3167 2228 3376 2287 ἀδικίας
3408 2228 3506 2296 τῆς
3541 2229 3597 2279 ὲν
3629 2227 3815 2295 χερσὶν
3850 2225 4048 2289 αὐτῶν,

2488 2323 2580 2373 καὶ
2613 2324 2942 2390 κηρύττουσι
2995 2321 3271 2389 νηστείαν,
3319 2320 3412 2372 καὶ
3447 2319 3864 2389 περιϐάλλονται
3921 2319 4054 2369 σάκ-

2490 2430 2636 2475 κους,
2669 2413 2776 2464 ἀπδ
2829 2411 3026 2479 μικροῦ
3071 2413 3176 2476 ἕως
3216 2411 3449 2477 μεγάλου
3499 2409 3696 2471 αὐτῶν,
3730 2409 3800 2467 ὼς
3835 2409 3925 2459 καὶ
3959 2409 4049 2458 τὸν

2489 2503 2711 2574 βασιλέα
2745 2504 2860 2572 μετ’
2891 2502 3069 2554 αὐτῶν
3104 2504 3164 2554 ὲν
3200 2503 3388 2565 σάκκῳ
3422 2502 3515 2552 καὶ
3565 2499 3742 2566 σποδῷ
3781 2497 4050 2565 καθῆσθαι

2491 2599 2874 2665 μετανοοῦντα,
2904 2599 2972 2649 τά
2998 2613 3054 2647 τε
3082 2598 3248 2665 νήπια
3282 2597 3354 2664 μὴ
3391 2595 3643 2664 θηλάζειν
3669 2607 3682 2620 ·
3719 2595 3773 2644 αδ
3805 2593 3911 2660 γὰρ
3945 2608 4048 2658 μη-

2487 2697 2644 2758 τέρες
2681 2690 2752 2752 ὡς
2783 2689 2955 2741 ἔοικεν
2998 2688 3100 2740 ὑπὸ
3130 2688 3226 2739 τοῦ
3260 2687 3491 2754 σφοδροῦ
3526 2685 3774 2746 πένθους,
3807 2685 3898 2736 καὶ
3938 2681 4047 2734 τῶν

2489 2777 2808 2845 ὑπομαζίων
2836 2778 3163 2829 ἐπελάθοντο
3192 2775 3412 2837 παίδων,
3443 2774 3694 2842 καθάπερ
3724 2772 3816 2824 καὶ
3842 2772 3869 2822 6
3900 2767 4053 2820 Ψαλ-

2491 2869 2699 2938 μῳδός·
2745 2888 2764 2918 ι
2813 2867 3210 2934 Ἐπελαθὸμην,
3248 2869 3402 2935 φησὶ,
3436 2863 3526 2917 τοῦ
3557 2865 3749 2931 φαγεῖν
3773 2862 3861 2914 τὸν
3888 2861 4052 2929 ἄρτον

2490 2975 2616 3026 μου,
2671 2956 2780 3010 ὰπὸ
2836 2957 3017 3024 φωνῆς
3069 2955 3162 3008 τοῦ
3223 2955 3530 3022 στεναγμοῦ
3581 2972 3704 3022 μου,
3760 2972 3776 3001 ι
3833 2951 3928 3002 καὶ
3987 2951 4054 3000 τα

2492 3049 2658 3118 κτήνη
2729 3050 2802 3118 μὴ
2853 3048 3155 3117 νέμεσθαι’
3212 3047 3306 3099 καὶ
3359 3045 3525 3096 ταῦτα
3570 3045 3687 3111 ’γαρ
3742 3041 3814 3103 ὡς
3873 3041 4050 3091 ἔοικεν

2488 3141 2536 3192 οἱ
2568 3140 2808 3208 βουκόλοι
2859 3156 2917 3190 τε
2976 3140 3071 3190 καὶ
3109 3138 3364 3206 ποιμένες
3409 3136 3598 3188 εἴασαν
3631 3137 3748 3196 ταῖς
3797 3131 4054 3200 μάνδραις

831 3238 924 3288 καὶ
977 3237 1087 3296 τοῖς
1145 3235 1481 3305 βουστασίοις
1527 3232 1969 3305 ὲγκεκλεισμένα,
2012 3235 2076 3302 τῇ
2131 3233 2334 3301 σφοδρᾷ
2378 3233 2665 3298 κατανύξει
2719 3233 3039 3300 πεδηθέντες
3091 3230 3241 3284 αὐτοί
3273 3246 3285 3257 ’
3341 3229 3429 3280 καὶ
3467 3228 3607 3279 οὕτω
3635 3229 3732 3293 τὴν
3780 3227 4050 3293 σωτήριον

833 3331 1121 3387 συναυλίαν
1170 3332 1261 3384 τοῦ
1297 3333 1560 3400 σωτηρίου
1601 3329 1826 3390 πένθους
1859 3328 1996 3380 κατὰ
2043 3327 2174 3379 Θεὸν
2215 3326 2610 3395 ἀρμοσάμενοι,
2661 3327 2756 3394 τὴν
2789 3327 2908 3378 κατ’
2963 3325 3138 3378 αὐτῶν
3171 3323 3321 3375 θείαν
3362 3322 3632 3387 ἀπόφασιν
3667 3320 4054 3386 μετεποίησαν,

833 3427 927 3480 καὶ
954 3427 1051 3492 τὴν
1082 3423 1289 3478 ἄνωθεν
1327 3423 1492 3492 ὀργὴν
1531 3422 1786 3489 ἔστησαν,
1827 3423 1920 3472 καὶ
1964 3420 2299 3488 μετέστησαν
2328 3420 2404 3479 είς
2431 3420 2581 3471 θείαν
2610 3418 2914 3487 εὐμένειαν.

904 3521 1040 3572 (Zum
1076 3533 1226 3588 ergo,
1263 3516 1479 3579 fratres,
1526 3527 1630 3570 tota
1684 3516 1794 3572 lere
1841 3519 1946 3569 vita
1995 3527 2175 3570 nostra
2228 3516 2297 3570 sit
2341 3516 2392 3569 in
2423 3536 2465 3591 ο

837 3614 1094 3684 peeatis,
1150 3621 1208 3665 ut
1262 3612 1401 3664 hanc
1447 3612 1739 3664 salutarem
1791 3610 2062 3662 tristitiam
2100 3608 2398 3677 amplecta-

839 3720 980 3767 mur,
1044 3703 1206 3756 vitam
1271 3703 1322 3754 in
1383 3702 1696 3770 pmuitcntia
1740 3700 1999 3768 degamus
2044 3715 2262 3754 necesse
2293 3709 2393 3754 est.

837 3795 952 3849 Nisi
1002 3793 1146 3846 enim
1193 3793 1292 3846 hoc
1360 3791 1672 3854 fecerimus,
1733 3791 1874 3845 sicut
1933 3791 2069 3843 dixit
2117 3791 2397 3855 Dominus,

839 3886 1277 3939 condemnahut‘it
1343 3898 1440 3937 nos
1522 3882 1772 3934 Ninivita:
1848 3883 1898 3934 in
1981 3881 2397 3942 resurrectione,

837 3980 963 4046 quia
1014 3977 1386 4046 penitentiam
1454 3986 1681 4044 egerunt
1751 3977 1802 4027 in
1862 3973 2246 4043 praedicatione
2306 3971 2399 4024 Jo-

843 4089 921 4124 me
946 4071 1009 4134 ³³,
1048 4079 1097 4121 ct
1146 4085 1242 4120 nos
1298 4067 1687 4135 pcnuitentiam,
1733 4082 1838 4119 non
1868 4067 2075 4133 egimus
2122 4066 2171 4117 in
2211 4063 2403 4132 pracdi-

841 4164 1050 4213 tatiom:
1093 4160 1290 4215 Christi
1324 4160 1413 4226 qui
1457 4170 1540 4211 est
1582 4157 1748 4212 Jonas
1790 4156 1902 4211 Dei.
1958 4158 2020 4210 Et
2070 4168 2245 4211 tamen
2293 4171 2400 4210 non

842 4254 1169 4321 [ll'wtiit‘aitﬂl
1219 4252 1384 4304 Jonas
1442 4252 1834 4318 ptenitentiam,
1882 4249 1996 4314 sed,
2061 4250 2199 4302 sicut
2260 4251 2400 4302 dixi-

843 4363 984 4403 mus,
1017 4345 1262 4397 vindictae
1302 4343 1578 4396 decretum
1599 4382 1615 4406 ,
1646 4341 1996 4410 privationem
2025 4343 2165 4402 vitae,
2194 4342 2406 4394 destru-

845 4440 1084 4491 ctionem
1123 4447 1174 4489 et
1215 4450 1464 4497 mortem,
1497 4435 1811 4499 exitumque
1860 4432 2210 4499 completum.
2248 4431 2405 4483 (thri-

850 4537 968 4578 stus
1003 4541 1125 4575 vero
1157 4524 1300 4577 venit
1347 4534 1402 4575 ut
1440 4523 1602 4574 vitam
1643 4522 1965 4574 haberemus
2015 4531 2066 4573 et
2120 4521 2403 4572 abundau-

850 4620 959 4669 tius
995 4616 1338 4675 haberemus,
1387 4615 1736 4681 adoptionem
1788 4613 2024 4665 divinam
2072 4623 2122 4665 el
2176 4627 2400 4680 regnum

845 4708 1072 4760 cmleste
1136 4706 1523 4773 reciperemus.
1568 4705 1738 4758 Jonas
1785 4705 2002 4772 quidem
2068 4707 2402 4758 eversionem

843 4800 1142 4868 prtedicans
1169 4813 1271 4851 non
1291 4799 1664 4866 ptenitcutiam
1692 4798 2034 4866 suggerebat,
2055 4812 2152 4849 nec
2181 4813 2400 4866 regnum

2581 3516 2733 3568 Ἐπεὶ
2799 3514 2979 3568 τοίνυν
3035 3515 3128 3568 καὶ
3174 3515 3306 3580 ἡμῖν
3351 3511 3536 3581 σχεδὸν
3579 3513 3605 3562 ὀ
3662 3510 3772 3578 βίος
3825 3509 3944 3569 ὅλος
3998 3511 4056 3562 ὲν

2502 3609 2818 3677 ἁμαρτίαις,
2851 3607 3076 3674 ταύτην,
3126 3605 3365 3673 ἀδελφοὶ,
3419 3606 3513 3672 τὴν
3566 3605 3833 3668 σωτήριον
3881 3600 4057 3667 λύπην

2502 3703 2595 3754 καὶ
2622 3702 2712 3753 τὸν
2745 3701 2802 3752 ὲν
2835 3697 3095 3768 μετανοίᾳ
3123 3698 3233 3768 βίον
3264 3697 3357 3748 καὶ
3384 3697 3528 3764 ἡμᾶς
3568 3695 3812 3754 ἅπαντας
3846 3693 4050 3745 ἑλέσθαι

2506 3792 2654 3860 165
2689 3790 2885 3860 χρεών.
2942 3791 3000 3842 Εἰ
3024 3791 3132 3858 γὰρ
3169 3788 3243 3856 μὴ
3274 3787 3430 3838 τοῦτο
3482 3785 3778 3853 πράξομεν,
3809 3781 4059 3850 καθάπερ

2501 3886 2528 3936 ὁ
2559 3886 2763 3953 Κύριος
2811 3878 2984 3943 εἶπεν,
3025 3884 3072 3934 οἱ
3111 3880 3388 3934 Νινευῗται
3445 3875 3870 3947 κατακρινοῦσιν
3914 3875 4056 3943 ἡμᾶς

2503 3981 2560 4031 ὲν
2597 3980 2662 4046 τῇ
2707 3976 3026 4036 ἀναστάσει,
3073 3977 3156 4029 ὅτι
3197 3975 3531 4044 μετενόησαν
3579 3973 3656 4033 είς
3697 3971 3757 4021 τὸ
3796 3970 4060 4038 κήρυγμα

2515 4069 2688 4132 Ἰωνᾶ,
2731 4071 2824 4120 καὶ
2858 4068 3021 4135 ἡμεῖς
3054 4067 3115 4118 οὐ
3168 4065 3572 4135 μετενοήσαμεν
3605 4065 3683 4122 είς
3718 4062 3778 4113 τὸ
3804 4061 3897 4112 τοῦ
3929 4061 4057 4128 Χριο

2507 4160 2630 4214 στοῦ
2691 4162 2976 4229 κήρυγμα,
3022 4159 3113 4211 τοῦ
3163 4159 3257 4211 καὶ
3311 4157 3402 4209 τοῦ
3449 4158 3602 4209 Ἰωνᾶ
3655 4153 3832 4208 Θεοῦ·
3881 4153 4059 4205 καίτοι

2517 4256 2699 4315 Ἰωνᾶς
2730 4254 2829 4305 οὐκ
2868 4255 3132 4321 ἐκήρυττε
3171 4251 3481 4318 μετάνοιαν,
3525 4248 3659 4301 ἀλλὰ
3695 4246 3945 4314 καθάπερ
3987 4245 4061 4296 εί-

2506 4360 2678 4412 πομεν
2725 4343 3027 4411 καταδίκης
3073 4342 3368 4407 ἀπόφασιν,
3417 4343 3510 4393 καὶ
3547 4338 3694 4405 ζωῆς
3745 4337 4058 4405 ἀφαίρεσιν,

2507 4438 2601 4489 καὶ
2661 4434 3042 4505 καταστροφὴν
3098 4435 3190 4486 καὶ
3225 4433 3474 4497 θάνατον,
3527 4432 3624 4484 καὶ
3654 4430 3865 4483 τελείαν
3910 4426 4062 4481 ἀπώο

2508 4529 2679 4580 λειαν.
2723 4529 2783 4579 ’0
2828 4526 2882 4578 δὲ
2919 4525 3149 4596 Χριστὸς
3179 4520 3362 4596 ἦλθεν,
3395 4525 3479 4576 ἶνα
3511 4523 3653 4591 ζωὴν
3691 4523 3922 4591 ἔχωμεν,
3965 4523 4058 4570 καὶ

2509 4619 2766 4688 περισσὸν
2793 4619 3026 4687 ἔχωμεν,
3064 4617 3211 4669 θείαν
3243 4617 3634 4669 υίοθεσίανκαὶ
3663 4612 3936 4682 βασιλείαν
3965 4611 4059 4663 οὗ·

2513 4713 2714 4780 ράνιον.
2763 4711 2822 4763 Ὀ
2855 4711 2953 4778 μὲν
2984 4704 3075 4761 οὖν
3117 4708 3298 4772 Ἰωνᾶς
3341 4706 3722 4772 καταστροφὴν
3753 4705 4060 4772 κηρύττων,

2514 4804 2802 4870 μετάνοιαν
2862 4801 2959 4869 οὐχ
2997 4800 3302 4860 ὑπετίθετο,
3335 4798 3454 4850 οὐδὲ
3495 4796 3770 4865 βασιλείαν
3816 4797 4062 4863 οὐρανῶν

847 4892 1112 4944 caelorum
1155 4891 1544 4958 promittebat;
1581 4889 1831 4943 Christus
1867 4903 1992 4941 vero
2029 4889 2404 4957 paenitentiam
2442 4877 2483 4929 Ῑ)
2513 4899 2602 4946 ἐπι

2307 4892 2404 4941 iam
2442 4877 2483 4929 Ῑ)
2513 4895 2879 4960 ἐπηγγέλλετο
2903 4906 2917 4919 ⁶
2944 4895 2970 4944 6
2993 4891 3047 4943 δὲ
3072 4891 3301 4961 Χριστὸς
3333 4890 3626 4954 μετάνοιαν
3653 4886 3940 4954 κηρύττων
3971 4885 4062 4936 καὶ

848 4984 1152 5051 praedicans
1186 5021 1200 5043 ,
1259 4995 1594 5050 regnumque
1654 4981 2008 5048 promittens,
2065 4995 2403 5034 communem

850 5078 1357 5145 ineluctabilemque
1381 5077 1697 5142 perniciem.
1727 5075 1879 5129 Sicut
1900 5077 2069 5139 enim,
2099 5076 2194 5140 ait,
2226 5076 2277 5128 iu
2297 5075 2410 5129 die-

849 5168 951 5222 laus
983 5167 1094 5220 Noe
1138 5169 1388 5221 homines
1421 5172 1625 5237 absque
1660 5172 1858 5221 timore.
1886 5178 1937 5221 et
1975 5167 2127 5222 freno
2164 5167 2409 5234 volupta-

857 5264 996 5317 tibus
1028 5249 1184 5315 er.int
1213 5260 1397 5326 dediti,
1429 5263 1681 5328 venitque
1711 5260 1889 5314 subito
1915 5250 2176 5314 diluvium
2209 5269 2260 5313 et
2288 5274 2407 5311 om-

855 5371 949 5408 nes
987 5353 1232 5416 alistulit,
1262 5357 1338 5406 sic
1367 5355 1469 5406 erit
1504 5355 1554 5406 in
1590 5353 2061 5406 consummatiOne
2093 5351 2276 5404 saeculi
2312 5353 2412 5404 litt-

846 5446 961 5514 jus,
1009 5447 1243 5511 praeterit
1284 5445 1427 5498 enim
1480 5446 1649 5512 ﬁgura
1697 5443 1857 5511 hujus
1909 5443 2118 5495 mundi.
2159 5441 2222 5493 Et
2247 5441 2410 5495 Jonas

850 5539 1069 5604 quidem
1103 5538 1267 5591 solam
1307 5539 1654 5590 amissionem
1689 5552 1868 5589 rerum
1905 5536 2277 5603 apparentium
2314 5533 2407 5586 Ni-

855 5630 1038 5682 nivitis
1071 5629 1396 5692 minabatur,
1449 5646 1555 5682 non
1605 5629 1941 5682 tremendum
1994 5627 2246 5692 tribunal,
2299 5641 2404 5679 non

932 5809 974 5838 ³ο
1002 5803 1121 5862 Jotl.
1160 5824 1238 5872 nl,
1274 5809 1324 5862 5.
1395 5805 1429 5835 ³’
1471 5806 1594 5863 Jon.
1634 5823 1714 5872 nt,
1746 5807 1798 5860 9.
1877 5806 1915 5836 ³²
1948 5804 2067 5859 Psal
2113 5820 2186 5867 (ιι,
2214 5803 2266 5857 ’5.

2513 4987 2790 5057 βασιλείαν
2824 4983 3310 5051 ἐπαγγελλόμενος,
3337 4983 3429 5031 καὶ
3462 4979 3559 5046 τὴν
3588 4978 3772 5045 κοινὴν
3800 4975 3893 5028 καὶ
3927 4976 4062 5043 ἁμε-

2508 5077 2729 5129 τάθετον
2763 5079 2989 5144 προεῖπε
3022 5073 3402 5138 καταστροφήν
3424 5087 3438 5101 ο
3475 5070 3682 5137 Ὠσπερ
3709 5068 3838 5136 γὰρ,
3877 5066 4060 5132 φησὶν,

2508 5170 2557 5221 οἱ
2593 5170 2682 5221 ἐπὶ
2720 5167 2813 5219 τοῦ
2844 5167 2964 5218 Νῶε
3015 5163 3182 5227 ἀδεῶς
3222 5164 3312 5214 καὶ
3351 5161 3553 5220 ἁνέτως
3588 5159 3695 5209 τῶν
3739 5155 4063 5225 σωματικῶν

2509 5260 2775 5328 ἐχόμενοι,
2813 5259 2905 5309 καὶ
2948 5255 3204 5323 ἐξαίφνης
3236 5248 3396 5320 ἦλθεν
3442 5250 3469 5300 6
3527 5246 3911 5312 κατακλυσμὸς
3967 5241 4064 5294 καὶ

2514 5345 2647 5418 ἦρεν
2674 5349 2938 5410 ἅπαντας,
2970 5344 3139 5405 οὕτως
3175 5343 3326 5394 ἔσται
3351 5341 3442 5392 καὶ
3477 5341 3532 5391 ὲν
3560 5340 3623 5406 τῇ
3666 5334 3943 5402 συντελείᾳ
3972 5329 4066 5383 τοῦ

2517 5439 2708 5500 αἰῶνος
2743 5439 2932 5489 τούτου
2959 5452 2974 5466 '
3020 5437 3258 5504 παράγει
3294 5435 3402 5503 γὰρ
3435 5433 3491 5484 τδ
3523 5431 3707 5499 σχῆμα
3739 5427 3831 5480 τοῦ
3859 5427 4067 5490 κόσμου

2515 5531 2725 5584 τούτου.
2754 5529 2863 5582 Καὶ
2888 5531 2914 5578 6
2951 5529 3047 5598 μὲν
3088 5528 3271 5587 Ἰωνᾶς
3301 5523 3684 5592 καταστροφὴν
3715 5522 3826 5581 τοῖς
3857 5515 4072 5569 Νινευῖ-

2514 5639 2635 5683 ταις
2692 5622 2799 5672 τῶν
2846 5621 3076 5676 ἐνταῦθα
3132 5619 3468 5690 φαινομένων
3520 5614 3736 5684 ἠπείλει
3769 5605 4068 5680 τηνικαῦτα

2344 5802 2386 5833 ³³
2424 5799 2611 5858 Matth.
2641 5815 2732 5865 xu,
2765 5801 2850 5853 41.
