4444 6450
458 350 560 419 381

1800 363 2123 422 llDMlIJA
2158 365 2348 427 XXX.

3585 368 3684 430 389

455 460 639 526 λέγειν
695 461 836 517 οὕτω
881 464 971 518 τὸν
1030 466 1446 537 εύαγγελιστὴν,
1500 471 1755 541 ἀφορμὴν
1813 474 2023 527 διδόντα
2058 479 2099 532 Δ
2130 476 2210 527 mi:

1959 493 2023 527 τα
2058 479 2099 532 Δ
2130 476 2289 527 miam
2351 484 2659 540 penetraret
2700 474 2838 528 hane
2885 474 2938 528 itt
2992 474 3092 527 hac
3164 475 3389 531 hismria
3458 492 3708 544 compen-

457 558 571 617 τοῖς
625 557 863 618 συνετῶς
914 558 1289 628 ἀκροωμένοις
1335 563 1428 616 καὶ
1459 560 1826 635 ἀναγωγικῶς
1879 569 2031 620 ὲκδὲ-

458 646 649 715 χεσθαι
702 647 773 701 τά
804 650 1199 720 ἱστορούμεναο
1238 653 1337 706 ίὸοι
1392 657 1501 721 γὰρ
1546 656 1611 709 ἄν
1643 673 1730 718 τις
1782 658 2027 727 ἀκριϐῶς

455 739 773 792 ἐπισκοπῶν
816 744 1002 796 πᾶσαν
1029 745 1126 814 τὴν
1172 746 1262 799 διὰ
1297 749 1500 815 σαρκὸς
1529 749 1854 819 δεσποτικὴν
1888 756 2026 804 οἱκο-

455 833 671 900 νομίαν.
705 841 1171 906 συνεπτυγμένως
1220 840 1666 910 ὑπογράφουσαν,
1700 847 1795 895 καὶ
1844 845 2022 911 σοφῶς

456 926 548 977 καὶ
585 926 906 995 θαυμασίως
934 931 1421 1001 ἀνακηρύττουσαν
1457 936 1557 1004 τὴν
1610 936 1852 1003 ἱστορίαν
1894 938 2021 989 ταύ-

454 1031 572 1081 την.
605 1018 900 1073 Κατοικίαν
922 1021 1076 1092 γὰρὸ
1111 1023 1310 1088 Κύριος
1340 1025 1494 1096 ἔσχεν
1524 1031 1578 1078 ἐν
1608 1027 1980 1095 Καπερναούμ
2000 1044 2014 1057 ·

458 1124 476 1154 ι
523 1106 723 1159 Ἐλθὼν
773 1112 903 1180 γὰρ,
940 1116 1095 1180 φησὶ,
1151 1118 1471 1184 κατῴκησεν
1508 1118 1588 1178 εἰς
1635 1119 2014 1185 Καπερναουμ

2135 565 2289 620 diose
2333 566 2688 635 descriptam,
2735 569 3010 634 sapienter
3069 569 3494 633 mirahiliterque
3516 569 3677 636 βτί»όὶ

2129 669 2306 712 catam
2338 659 2560 714 videret.
2594 657 2989 715 llahitationem
3010 661 3229 725 quidem
3269 662 3500 716 habebat
3527 662 3705 714 Domi-

2130 765 2234 803 nus
2264 752 2314 802 iu
2341 751 2742 817 Capharnaum.
2775 753 2860 805 Ait
2887 754 3031 804 enim
3089 754 3423 822 evangelista
3452 770 3466 806 :
3501 772 3518 803 ι
3552 751 3709 806 Venit

2127 853 2178 897 et
2221 843 2482 898 habitavit
2511 845 2563 898 in
2597 845 2977 909 Capharnaum
3015 848 3147 898 urhe
3180 847 3448 900 maritima
3476 848 3573 898 ⁸⁷.»
3614 846 3705 899 Illa

2124 944 2302 988 autem
2335 936 2591 989 habitatio
2619 937 2812 991 emlum
2841 939 3061 990 omnino
3091 938 3388 999 referebat;
3427 939 3538 1006 ipsa
3559 939 3703 991 enim

2124 1028 2540 1091 continebatqui
2557 1029 2758 1082 habitat
2783 1031 2832 1082 in
2853 1030 3028 1083 cmlis.
3051 1030 3173 1082 ldeo
3195 1031 3456 1083 Dominus
3476 1029 3602 1082 alihi
3622 1030 3706 1081 di-

2121 1120 2188 1172 cit
2217 1132 2230 1168 :
2255 1139 2270 1168 ι
2286 1120 2346 1172 Et
2364 1130 2435 1182 tu,
2456 1120 2858 1186 Capharnautn.
2879 1136 2972 1188 usq
2984 1136 3049 1174 ue
3063 1123 3125 1173 ad
3147 1121 3342 1174 coelum
3359 1120 3665 1174 etaltata".
3681 1138 3698 1168 ι

452 1200 552 1266 τὴν
583 1203 1074 1270 παραθαλασσίανο
1116 1228 1134 1262 ι
1169 1210 1200 1276 ἠ
1237 1211 1293 1264 δὲ
1344 1211 1510 1265 αύτοῠ
1562 1212 1863 1279 τηνικαῦτα
1903 1213 2156 1266 κατοικία
2219 1214 2310 1267 τὸν
2353 1215 2582 1279 οὐρανὸν
2636 1214 2918 1281 ὑπέγραφε
2969 1215 3210 1276 πάντως,
3265 1215 3322 1266 ὲν
3391 1215 3554 1282 ἑαυτῇ
3607 1212 3703 1278 φέο

458 1310 624 1362 ρουσα
662 1297 754 1350 τὸν
788 1302 1146 1353 κατοικοῦντα
1177 1305 1233 1355 ἐν
1264 1307 1372 1365 τοῖς
1405 1305 1680 1373 οὐρανοῖς.
1743 1308 1834 1358 Διὸ
1866 1310 1960 1358 καὶ
1989 1309 2015 1358 ὁ
2056 1307 2261 1372 Κύριος
2300 1306 2532 1374 ἀλλαχοῦ
2555 1322 2569 1337 ο
2609 1326 2626 1357 ι
2663 1308 2770 1359 Καὶ
2807 1308 2892 1369 σῖ),
2946 1308 3344 1375 Καπερναοϋμ,
3415 1307 3602 1374 φησὶν,
3666 1307 3696 1375 ἡ

453 1388 560 1449 ἓως
585 1388 677 1440 τοῦ
708 1391 938 1458 ούρανοῦ
974 1393 1269 1458 sedeam.
1309 1415 1327 1446 ι

533 1482 623 1544 Ὦς
642 1478 735 1535 οὖν
760 1485 823 1534 ἐκ
853 1488 949 1552 τῆς
976 1484 1153 1546 οἰκίας
1177 1487 1414 1557 ἐκείνης,
1439 1488 1582 1542 οὕτω
1607 1490 1693 1542 διὰ
1713 1489 1807 1543 τοῦ
1835 1489 2017 1558 σάρκα

453 1573 640 1626 λαϐεῖν
669 1576 694 1627 ό
720 1575 922 1644 Κύριος
952 1574 1183 1639 ἐξελθὼν
1210 1579 1269 1643 ἐξ
1291 1580 1542 1648 ούρανοῦ,
1577 1583 1845 1650 παράγων
1874 1583 2016 1634 ἐκεί-

452 1663 564 1724 θεν.
599 1667 649 1717 εἰ
683 1665 780 1733 μὲν
810 1665 906 1734 τὴν
935 1665 995 1730 ἐξ
1018 1668 1250 1737 ούρανοῦ
1285 1673 1499 1739 νοήσεις
1548 1669 1746 1736 ἔξοδον,
1788 1671 1914 1734 τούς
1957 1690 2015 1727 τε

453 1757 780 1819 ἀποστόλους
810 1759 1063 1827 εὑρήσεις
1125 1761 1509 1830 ἐκλεξάμενον,
1548 1768 1641 1817 καὶ
1667 1765 1767 1834 τῆς
1799 1766 2014 1835 φύσεως

2193 1484 2346 1540 Sicut
2380 1500 2509 1552 ergo
2545 1501 2608 1539 ex
2644 1486 2743 1539 hac
2793 1487 2958 1538 domo
2990 1486 3179 1550 exivit,
3212 1486 3290 1538 sic
3322 1501 3416 1552 per
3449 1486 3698 1539 incarna-

2121 1579 2323 1633 tionem
2358 1593 2388 1632 e
2419 1580 2576 1633 cmlis
2603 1581 2793 1633 exiens
2822 1578 3108 1641 Dominus,
3164 1578 3435 1631 transiens
3471 1579 3616 1638 inde.
3650 1581 3693 1631 si

2119 1687 2149 1726 e
2178 1674 2316 1727 caelo
2351 1673 2609 1740 intelligis
2642 1689 2945 1738 egressum,
2984 1683 3038 1725 et
3089 1675 3364 1739 apostolos
3407 1672 3692 1739 eligentem

2117 1773 2170 1818 et
2205 1774 2410 1816 naturze
2470 1774 2670 1817 nostra!
2728 1763 2793 1817 ad
2848 1764 3216 1831 impuritatem
3283 1763 3691 1815 inclinationem

451 1848 609 1914 ἡμῶν
641 1849 740 1917 τὴν
778 1852 911 1918 πρὸς
961 1853 1302 1923 ἀκαθαρσίαν
1329 1856 1484 1925 ῥύσιν
1527 1858 1837 1924 ἰασάμενονο
1880 1861 1925 1909 εἰ
1958 1860 2012 1911 δὲ
2045 1887 2091 1946 Β
2120 1869 2206 1920 rep

1958 1860 2012 1911 δέ
2045 1887 2091 1946 Β
2120 1855 2354 1920 reperies
2387 1868 2689 1909 sanantem.
2721 1854 2775 1908 Si
2808 1865 2984 1908 autem
3021 1873 3085 1909 ex
3110 1857 3270 1907 tlmno
3301 1857 3685 1923 Capharnautn

450 1940 514 1992 ἐκ
538 1939 638 2006 τῆς
672 1941 728 1992 ἐν
754 1944 818 2010 τῇ
850 1943 1228 2014 Καπερναοὺμ
1262 1945 1439 2008 οἰκίας
1482 1946 1671 2000 τοῦτον
1701 1948 2016 2015 παράγοντα

450 2034 688 2096 νοήσεις,
717 2033 972 2103 εὑρήσεις
1023 2035 1185 2088 αὑτὸν
1223 2037 1290 2088 τά
1327 2039 1701 2108 προειρημένα
1739 2040 1805 2093 δι’
1844 2039 2018 2110 ἔργων

449 2123 829 2188 ύποδείξαντα·
879 2129 968 2180 τόν
1002 2146 1060 2181 τε
1108 2132 1216 2198 γὰρ
1271 2131 1550 2186 Ματθαίον
1592 2135 1671 2197 είς
1723 2136 2017 2188 ἀπόστολον

450 2212 514 2261 ἐκ
541 2211 772 2265 τελώνου
795 2213 915 2267 τότε
943 2219 1333 2282 μετεσκεύασε,
1367 2223 1458 2274 καὶ
1490 2222 1588 2291 τὴν
1617 2225 2014 2292 αίμοῤῥοοῦσαν

453 2305 643 2357 ἰάσατο
672 2307 727 2356 ἐν
758 2307 834 2371 τῷ
862 2309 1152 2376 παράγειν.
1187 2311 1345 2364 Ἀλλά
1378 2314 1473 2366 καὶ
1507 2316 1663 2381 μέχρι
1698 2316 1792 2382 τῆς
1825 2316 2015 2368 θαννιύς

452 2413 553 2461 σης
584 2397 676 2449 τοῦ
724 2399 950 2468 Ἰαείρου
1004 2402 1194 2463 παιδὸς
1227 2403 1417 2464 ἐλθὼν,
1473 2405 1568 2456 καὶ
1615 2405 1702 2457 διὰ
1750 2407 1843 2458 τοῦ
1877 2408 2012 2468 Caio-

450 2489 673 2554 ποιῆσαι
721 2491 919 2558 τούτην
960 2492 1191 2562 νικητὴν
1226 2491 1365 2547 εἰναι
1404 2495 1498 2547 τοῦ
1554 2497 1784 2550 θανάτου
1835 2499 2012 2563 δείξας

448 2581 662 2646 ἐαυτὸν,
703 2584 1062 2655 ἐπανέρχεται
1099 2587 1265 2639 πάλιν
1298 2587 1419 2640 ὅθεν
1459 2589 1700 2656 ἐξῆλθεν.
1752 2591 2014 2656 Ἐπανερ-

447 2675 676 2741 γόμενος
731 2674 846 2738 οὖν,
905 2678 1000 2729 καὶ
1036 2680 1300 2748 παράγων
1353 2676 1506 2740 αὖθις
1543 2682 1772 2744 ἐκεῖθεν,
1808 2683 2011 2746 ἀνοίγει

446 2768 553 2818 τῶν
601 2767 1087 2831 ἀκολουθησάντων
1136 2771 1340 2822 τούτων
1370 2771 1586 2839 τυφλῶν
1628 2773 1697 2825 τὰ
1751 2774 2008 2839 ὄμματα,

445 2860 519 2922 ὡς
547 2862 641 2912 καὶ
668 2860 828 2930 μέχρι
853 2862 1082 2915 θανάτου
1105 2863 1346 2925 καταϐὰς
1365 2863 1545 2927 αὐτὸς,
1568 2865 1660 2918 καὶ
1687 2865 1753 2917 δι’
1777 2865 2014 2918 ἀναστά-

449 2968 585 3013 σεως
617 2951 823 3014 οἰκείας
852 2952 945 3005 τοῦ
998 2954 1229 3007 θανάτου
1282 2956 1639 3024 καταργήσας
1684 2957 1742 3008 τὸ
1791 2959 2010 3025 κράτος,

445 3043 736 3111 ἐπανάγων
788 3044 945 3106 αὖθις
1001 3047 1092 3098 καὶ
1141 3048 1417 3115 παράγων
1480 3047 1722 3111 ἐκεῖθεν,
1777 3048 2009 3115 διήνοιξε

447 3136 588 3187 κατά
621 3134 682 3188 τδ
707 3135 1091 3204 γεγραμμένον
1122 3136 1213 3189 τὸν
1256 3135 1380 3188 νοῦν
1415 3137 1523 3190 τῶν
1553 3136 1716 3189 αὑτοῦ
1750 3137 2007 3204 μαθητῶν

2117 1956 2401 2000 exeuntem
2452 1947 2808 2008 intellexeris.
2847 1947 2990 2000 hunc
3047 1963 3140 2014 per
3175 1962 3335 2015 opera
3395 1951 3550 2000 vei-lia
3594 1964 3690 2000 Sua

2119 2038 2526 2091 conﬁrmantem
2590 2039 2852 2092 invenies.
2902 2038 3211 2090 Muttlneum
3266 2040 3407 2092 enim
3457 2051 3584 2093 tunc
3619 2057 3684 2093 ex

2118 2128 2316 2182 telouio
2369 2141 2616 2180 \oeatutn
2670 2128 2771 2181 sihi
2821 2129 2874 2181 iu
2926 2130 3230 2196 apostolum
3264 2129 3577 2195 'arquisivit
3634 2140 3689 2181 et

2116 2220 2444 2272 transeundo
2472 2219 2943 2272 Ιιτιξιηθπίιοίδετὶιιι
2979 2221 3208 2271 sanavit.
3240 2218 3294 2270 Et
3325 2222 3577 2288 usquead
3608 2237 3691 2274 rt:-

2113 2312 2505 2363 surrertionem
2564 2311 2685 2362 [ilhc
2735 2311 2864 2363 Jairi
2900 2312 3141 2374 veniens,
3181 2327 3302 2364 cum
3350 2327 3441 2380 per
3480 2314 3579 2363 hoc
3617 2315 3688 2364 si—

2114 2417 2276 2468 gnum
2325 2417 2380 2454 se
2431 2417 2552 2454 esse
2602 2402 2792 2456 mortis
2843 2402 3099 2455 victm-em
3132 2402 3487 2464 ostendis-tet,
3558 2404 3686 2457 illuc

2116 2495 2255 2545 unde
2302 2503 2525 2545 venerat
2567 2493 2878 2546 revertitur.
2939 2493 3210 2546 Reversus
3255 2509 3383 2562 ergo
3413 2504 3465 2548 et
3495 2509 3688 2552 rursn:

2113 2585 2234 2639 inde
2286 2587 2594 2649 transiens,
2653 2587 2844 2637 oculus
2911 2587 3102 2637 horum
3159 2592 3330 2651 aperit
3389 2601 3683 2650 mecm-um,

2113 2676 2202 2741 qui
2270 2693 2443 2744 ipsimi
2510 2679 2910 2743 se-tuehantur;
2993 2678 3207 2729 tan'letn
3280 2687 3329 2730 et
3392 2694 3504 2746 Ipse
3558 2695 3682 2732 cum

2113 2768 2166 2818 in
2220 2777 2447 2820 mortem
2502 2768 2874 2820 descendisset
2928 2775 2982 2816 et
3024 2784 3116 2836 per
3166 2769 3439 2836 propriam
3497 2786 3682 2823 resur-

2114 2859 2404 2912 rectionem
2432 2860 2621 2913 tDOt‘llS
2663 2860 2983 2919 abomssel.
3037 2863 3340 2927 imperium,
3382 2864 3683 2917 ascendens

2113 2965 2305 3004 rursus
2343 2958 2395 3002 et
2441 2951 2735 3012 transiens,
2795 2955 2916 3003 inde
2953 2952 3198 3015 aperuit,
3249 2952 3389 3004 sicut
3419 2953 3682 3020 scriptum

2113 3050 2220 3102 est,
2255 3048 2488 3093 mentem
2523 3039 2908 3105 discipulorum
2941 3056 3183 3103 suorum,
3233 3050 3289 3093 ttt
3323 3043 3684 3110 intelligerent

2111 3130 2423 3199 Seripturas
2470 3133 2570 3198 lpSI
2606 3141 2785 3183 autent
2810 3145 3074 3184 exeuntes
3107 3132 3524 3199 pratlicaverunt
3554 3149 3678 3186 cum

443 3227 538 3278 τοῦ
571 3232 806 3280 συνιέναι
836 3226 934 3289 τάς
966 3228 1202 3296 Γραφάς.
1239 3230 1300 3280 Ol
1351 3228 1404 3280 δὲ
1441 3229 1765 3294 ἐξελθόντες.
1807 3231 2006 3297 ἐκήρυ-
2035 3223 2078 3280 C
2115 3224 2164 3275 in

1926 3248 2006 3282 νυ-
2035 3223 2078 3280 C
2115 3224 2164 3275 in
2200 3225 2447 3275 universa
2489 3235 2654 3282 terra.
2691 3221 2823 3275 sicut
2864 3234 2915 3276 et
2958 3224 3024 3277 de
3057 3226 3216 3277 caecis
3250 3228 3453 3278 sanatis
3495 3235 3681 3281 narrat

445 3318 540 3380 ξαν
569 3317 728 3368 αὑτὸν
765 3317 1037 3383 πανταχοῦ
1061 3320 1164 3383 τῆς
1200 3321 1321 3385 γῆς,
1360 3321 1434 3382 ὡς
1462 3323 1552 3372 καλ
1584 3322 1709 3388 περὶ
1737 3323 1847 3372 τῶν
1885 3325 2014 3374 ἁνα-

443 3412 757 3479 6).εψάντων
790 3411 883 3465 νῦν
915 3411 1128 3480 τυφλῶν
1163 3414 1190 3464 ό
1238 3414 1631 3484 εὐαγγελιστής
1671 3431 1857 3484 φησιν,
1904 3415 2008 3468 ὅτιο

452 3505 820 3569 «Ἐξελθόντες
839 3506 1170 3573 διεφήμισαν
1194 3506 1354 3558 αὑτὸν
1377 3507 1432 3557 ἐν
1449 3507 1546 3577 ὅλῃ
1571 3509 1635 3576 τῇ
1671 3510 1740 3576 γῇ
1771 3508 2006 3577 ἐκείνῃ.»

458 3596 652 3666 Ὁρᾶτε
681 3596 823 3664 σαφῆ
857 3595 955 3665 τὴν
988 3595 1315 3665 ὑπογραφὴν
1344 3597 1438 3664 τῆς
1473 3595 1794 3666 θεανδρικῆς
1827 3597 2011 3664 σχεδὸν

441 3690 752 3757 οἶκονομίας
786 3690 964 3757 πάσης
1017 3690 1074 3740 ἐν
1125 3691 1189 3757 τῇ
1245 3689 1453 3759 ἰστορίᾳ
1482 3689 1692 3757 ταύτης
1728 3691 1824 3740 Διά
1855 3689 2011 3742 τοῦτο

443 3781 539 3834 καὶ
567 3781 646 3843 δὶς
676 3780 891 3850 εἴρηται
926 3780 1005 3844 τὸ,
1039 3781 1312 3850 Παράγων
1340 3780 1573 3845 ἐκεῖθεν,
1598 3781 1685 3834 ἵνα
1705 3779 1802 3850 τὴν
1833 3782 2009 3846 ἔξοδον

443 3877 538 3928 καὶ
561 3877 662 3942 τὴν
693 3875 952 3927 ἐπάνοδον
980 3873 1144 3926 αὑτοῦ
1176 3875 1624 3945 κατανοήσωμεψ
1662 3877 1802 3928 κατὰ
1834 3877 2010 3944 μίμη-

443 3985 529 4020 σιν
563 3968 671 4036 γάρ
698 3965 902 4034 ταύτης
931 3967 1029 4034 τῆς
1074 3966 1258 4032 ἐξόδου
1291 3983 1349 4020 τε
1405 3967 1498 4020 καὶ
1541 3967 1800 4020 ἐπανόδου
1853 3971 1948 4022 καὶ
1981 3970 2007 4021 ὁ

445 4062 622 4130 ἰερεὺς
645 4059 803 4126 ἐξιὼν
830 4059 923 4112 τοῦ
949 4059 1096 4112 θείου
1123 4059 1385 4128 βήματος.
1406 4060 1497 4113 καὶ
1522 4061 1683 4129 μέχρι
1706 4061 1819 4113 τῶν
1841 4061 2005 4130 ἐσχά-

440 4171 550 4205 των
581 4152 804 4213 κατιὼν,
854 4150 1093 4204 ἐπανιὼν
1149 4151 1310 4204 πάλιν
1353 4150 1474 4203 ὅθεν
1521 4151 1746 4218 ἐξῆλθεν
1800 4154 2007 4205 ἀποκα-

444 4247 713 4299 θίσταται.
745 4243 1053 4313 Παράγοντι
1083 4240 1174 4297 οὖν
1213 4244 1270 4296 ἐν
1308 4246 1372 4314 τῇ
1423 4245 1670 4313 ἐπανόδῳ
1707 4243 1783 4312 τῷ
1813 4247 2005 4315 Κυρίῳ

439 4335 813 4404 ἠκολούθησαν
838 4334 984 4401 αύτῷ
1018 4334 1111 4387 δύο
1141 4336 1351 4403 τυφλοίο
1382 4336 1508 4396 τοὺς
1558 4335 1652 4388 δύο
1681 4336 1846 4396 λαοὺς
1875 4337 2006 4388 ὕπο-

440 4428 762 4496 γράφοντες,
805 4427 897 4478 τόν
938 4443 999 4478 τε
1034 4426 1092 4490 ἐξ
1137 4427 1408 4479 Ἰουδαίων
1459 4428 1555 4479 καὶ
1600 4429 1692 4480 τὸν
1724 4428 1780 4493 ἐξ
1813 4427 2002 4482 ἐθνῶν.

443 4517 714 4584 Ἐκραζον
744 4519 800 4572 δὲ
827 4519 1076 4586 λέγοντες
1102 4537 1116 4551 ο
1158 4519 1413 4588 Ἐλέησον
1449 4522 1616 4590 ἡμᾶς,
1666 4521 1748 4574 υίὲ
1801 4519 1998 4573 Δαθίδ·
2036 4555 2080 4613 D

438 4611 744 4673 δεικνύντες
813 4611 977 4664 αὐτὸν
1027 4607 1165 4663 εἶναι
1225 4611 1315 4664 τὸν
1370 4612 1848 4682 προφητευόμενον
1902 4615 1998 4666 καὶ

440 4703 910 4770 προσδοκώμενον.
949 4701 1008 4755 ’0
1035 4703 1091 4755 δέ
1122 4702 1324 4772 Κύριος
1346 4703 1483 4772 ὁμοῦ
1519 4704 1615 4758 καὶ
1640 4705 1737 4774 τὴν
1761 4705 2003 4774 ὑπογραο

439 4795 546 4862 girl
564 4795 662 4862 τῆς
685 4794 894 4854 οἰκείας
924 4794 1236 4860 οἰκονομίας
1258 4795 1502 4862 πληρῶν,
1531 4796 1624 4848 καὶ
1653 4796 1763 4848 τῶν
1786 4798 2001 4867 τυφλῶν

435 4880 535 4948 τὴν
565 4882 746 4933 πίστιν
773 4879 1066 4948 γυμνάζων
1095 4880 1126 4949 ἢ
1159 4883 1254 4934 καὶ
1299 4883 1571 4951 φανερῶν,
1609 4883 1875 4953 παρέλκει
1906 4885 2000 4936 αύ-

435 4973 562 5033 τοὺς
595 4971 762 5037 σιγῶν
789 4973 949 5041 μέχρι
996 4974 1090 5026 τοῦ
1120 4973 1382 5026 εἰσελθεῖν
1418 4975 1498 5034 είς
1531 4975 1630 5045 τὴν
1669 4975 1869 5038 οἰκίαν,
1904 4975 1997 5043 ἀφ’

434 5055 501 5129 ἦ(
532 5059 721 5128 ἐξῆλθε
755 5061 851 5128 τὴν
878 5062 1071 5130 ἀρχήν.
1105 5061 1261 5130 170
1291 5057 1420 5113 Εἶτα
1442 5061 1589 5127 λέγει
1616 5062 1750 5131 πρὸς
1780 5063 1996 5125 αύτούςο

442 5169 462 5202 ι
489 5152 774 5206 Πιστεύετε
810 5153 893 5205 ὅτι
938 5153 1174 5223 δύναμαι
1219 5154 1376 5208 τοῦτο
1411 5156 1670 5223 ποιῆσαι;
1719 5159 1766 5209 oi
1817 5157 1874 5210 δὲ
1909 5158 1999 5209 λέ-

435 5260 624 5311 γουσιν
652 5245 820 5314 αύτῷ·
850 5245 980 5310 Ναὶ,
1012 5245 1205 5315 Κύριε.
1245 5264 1264 5297 ι
1300 5248 1413 5300 Οὐκ
1456 5248 1665 5314 ἀγνοῶν
1697 5248 1752 5301 δὲ
1796 5250 1994 5317 ἐρωτᾷ,

434 5335 677 5390 ἀλλ’ἵνα
715 5338 827 5401 τοῖς
885 5337 1140 5405 ἀγνοοῦσι
1192 5338 1435 5409 φανεράν
1468 5337 1566 5406 τὴν
1619 5338 1728 5391 τῶν
1781 5339 1999 5404 τυφλῶν

438 5429 640 5498 ποιήσῃ
669 5428 874 5483 πίστιν.
907 5430 999 5481 Διὸ
1023 5429 1119 5482 καὶ
1149 5429 1423 5499 ἁψάμενος
1447 5430 1554 5483 τῶν
1578 5430 1870 5499 ὀφθαλμῶν
1902 5432 1998 5483 αύ-

433 5519 545 5571 τῶν
574 5521 840 5590 ἐπήγαγε·
884 5539 904 5573 ι
932 5521 1091 5575 Κατά
1136 5523 1236 5588 τὴν
1284 5525 1470 5575 πίστιν
1525 5523 1677 5590 ὑμῶν
1708 5523 1996 5593 γενηθήτω

435 5611 586 5678 ὑμῖν,
619 5611 712 5664 καὶ
748 5611 1102 5683 ἀνεῴχθησαν
1135 5613 1316 5666 αὐτῶν
1349 5614 1398 5666 οἰ
1444 5613 1712 5683 ὀφθαλμοί
1739 5629 1753 5642 ο
1785 5633 1804 5665 ι
1852 5631 1994 5687 μαρ-

509 5791 551 5822 ¹⁷
588 5788 773 5844 Matth.
807 5805 878 5860 tv,
917 5792 997 5849 l5.
1075 5792 1120 5825 "
1158 5791 1289 5850 Luc.
1330 5811 1379 5864 ι,
1423 5795 1507 5851 15.

1585 5796 1628 5828 "
1649 5795 1838 5854 Matth.
1863 5813 1935 5852 ιχ.
1974 5795 2060 5850 51.

2114 3317 2446 3382 emungelista
2492 3335 2499 3343 ·
2542 3336 2558 3366 t
2598 3317 2675 3370 Illi
2731 3327 2908 3370 autem
2952 3329 3211 3370 exeuntes
3265 3318 3682 3372 dill'amaveruut

2114 3426 2238 3464 eum
2282 3426 2335 3464 tn
2380 3419 2489 3463 tota
2541 3420 2685 3465 terra
2731 3411 2820 3464 illa
2851 3411 2920 3462 ".
2957 3429 2974 3461 ι
3011 3410 3202 3462 Annon
3255 3409 3448 3463 videtis
3503 3413 3681 3466 omnis

2115 3499 2224 3555 fere
2273 3501 2457 3555 divino
2493 3501 2743 3556 humanm
2774 3502 3199 3571 dispensationis
3259 3498 3677 3568 descriptionem

2112 3595 2165 3648 in
2189 3604 2371 3648 nostra
2399 3595 2667 3648 historia?
2702 3595 2791 3647 Bis
2822 3596 3024 3649 dictum
3059 3604 3146 3648 est
3179 3613 3191 3648 :
3231 3595 3526 3647 Transiens
3555 3594 3679 3646 illt'e

2113 3697 2170 3740 ut
2199 3688 2403 3739 exitum
2433 3687 2776 3754 reditumque
2814 3686 2932 3755 ejus
2974 3686 3362 3754 intelligamus.
3408 3685 3484 3736 Ad
3516 3685 3679 3748 hujus

2111 3777 2288 3830 instar
2365 3777 2542 3830 exitus
2599 3777 2916 3844 reditusque
2969 3777 3223 3829 Sacerdos
3256 3791 3285 3829 e
3325 3774 3505 3828 divina
3550 3777 3680 3828 sede

2110 3871 2443 3923 descendens
2495 3884 2668 3937 usque
2706 3870 2772 3922 ad
2824 3871 2962 3922 imos
2994 3868 3195 3937 gradus
3248 3883 3438 3920 rursus
3487 3883 3681 3920 ascen-

2108 3959 2392 4013 densillue
2423 3959 2545 4013 inde
2576 3970 2795 4013 venerat
2825 3959 3089 4013 consedit.
3119 3958 3510 4010 Transeuntem
3539 3972 3669 4025 ergo

2110 4051 2160 4104 in
2200 4051 2371 4105 reditu
2406 4051 2691 4104 Dominum
2717 4050 2888 4105 secuti
2925 4058 3050 4102 sunt
3078 4051 3184 4101 duo
3214 4051 3378 4113 creci;
3413 4049 3512 4116 ipsi
3550 4054 3679 4102 sunt

2105 4147 2213 4198 duo
2253 4145 2457 4213 populi,
2489 4142 2657 4198 ,111ιίιεί
2693 4145 2902 4198 scilicet
2933 4154 2986 4196 et
3034 4155 3241 4212 gentes.
3294 4143 3555 4194 Dominus
3581 4156 3679 4194 au—

2107 4246 2210 4289 tem
2253 4245 2301 4287 et
2345 4238 2614 4304 propriam
2661 4252 2815 4290 snam
2853 4237 3215 4290 (Beonumiznu
3261 4245 3588 4294 tnmtstraus.
3623 4243 3678 4288 et

2107 4339 2372 4381 cmconnu
2425 4327 2583 4379 [idem
2630 4328 2872 4381 revelatis
2917 4337 2972 4381 et
3008 4328 3324 4386 osten'iens.
3359 4342 3456 4380 eos
3503 4341 3676 4393 usque

2105 4418 2170 4472 ad
2189 4419 2432 4482 domum,
2458 4418 2597 4470 unde
2616 4418 2789 4485 primo
2809 4418 3040 4479 exierat,
3073 4418 3238 4470 silens
3262 4419 3448 4471 trahit.
3471 4418 3676 4471 Deinde

2108 4510 2238 4563 dicit
2267 4510 2346 4564 eis
2382 4527 2396 4563 :
2436 4527 2452 4558 ι
2498 4508 2731 4562 Creditis
2757 4510 2884 4576 quia
2945 4511 3045 4561 hoc
3095 4524 3316 4576 possum
3375 4510 3551 4562 lacere
3580 4525 3673 4559 vo.

2108 4601 2227 4654 his?
2286 4599 2479 4654 Dicunt
2513 4599 2562 4653 ei
2595 4618 2609 4653 :
2640 4598 2855 4669 Utique,
2921 4599 3144 4652 Duutine
3184 4601 3248 4653 ⁸ο.
3295 4619 3312 4649 ι
3349 4600 3462 4653 Non
3515 4601 3667 4668 quasi

2108 4695 2366 4762 ignorans
2414 4693 2732 4760 interrogat.
2777 4701 2832 4744 ttt
2866 4701 3043 4745 autem
3083 4693 3461 4760 ignorantibus
3511 4694 3668 4745 lideut

2105 4797 2375 4836 cmcorum
2398 4781 2623 4843 revelct;
2659 4781 2779 4834 ideo
2801 4797 2923 4833 eum
2957 4783 3428 4847 tetigissetoculus
3455 4798 3670 4843 eorum,

2105 4874 2353 4928 addidit:
2395 4891 2413 4924 ι
2453 4873 2760 4928 Secundum
2801 4874 2958 4928 ﬁdem
3010 4884 3244 4929 vestram
3281 4876 3366 4928 liat
3404 4875 3578 4928 νυίιὶς.
3608 4874 3671 4927 lit

2109 4967 2282 5034 aperti
2327 4974 2454 5020 sunt
2484 4966 2626 5020 oculi
2655 4981 2846 5020 eorum
2890 4969 3244 5021 teStiticantes
3275 4983 3332 5020 se
3372 4966 3669 5019 credidisse

2108 5061 2519 5129 intlicantesqtte
2567 5060 2746 5129 qualis
2790 5069 2937 5114 esset
2991 5062 3043 5113 itt
3105 5076 3266 5128 quem
3300 5061 3670 5122 t-t'etlideruu',

2107 5153 2249 5208 Deus
2310 5153 2516 5207 scilicet
2561 5162 2616 5207 et
2671 5153 2852 5206 homo.
2895 5151 2962 5205 Ut
3006 5153 3167 5207 homo
3227 5154 3370 5207 enim
3419 5163 3473 5205 et
3524 5153 3666 5206 lilius

2109 5244 2276 5298 David
2308 5252 2426 5298 erat
2457 5253 2510 5298 et
2539 5244 2774 5313 propriis
2807 5243 3057 5297 manibus
3092 5244 3281 5298 oculos
3313 5259 3501 5298 eorum
3542 5243 3666 5297 teti-

2104 5339 2180 5408 git
2207 5346 2258 5391 et
2285 5337 2613 5391 sensibilitcr
2651 5337 2863 5391 locutus
2895 5347 3012 5400 est;
3051 5346 3107 5389 ιιι
3131 5338 3270 5390 Deus
3298 5347 3474 5389 autem
3504 5346 3556 5388 et
3585 5336 3636 5388 ltt

2104 5431 2268 5484 minis
2308 5436 2516 5490 auctor,
2564 5429 2722 5484 caecis
2770 5428 2946 5483 oculis
3000 5429 3182 5482 lumen
3241 5428 3495 5482 reddidit.
3530 5429 3668 5482 Cum

2103 5535 2230 5590 ergo
2255 5522 2321 5573 ah
2353 5521 2627 5586 omnibus,
2665 5535 2694 5574 a
2717 5521 2914 5588 quibus
2948 5534 3169 5574 necesse
3199 5529 3315 5573 erat
3351 5521 3494 5572 visus
3527 5517 3663 5572 fuis-

2103 5627 2206 5682 set,
2238 5615 2289 5668 id
2321 5622 2403 5669 est
2432 5625 2555 5685 post
2599 5614 2907 5682 passionem
2940 5628 3098 5669 suam
3127 5622 3182 5670 et
3207 5610 3662 5669 resurrectionem

2141 5795 2184 5827 ⁶⁰
2212 5793 2400 5850 Matth.
2429 5810 2505 5858 Ix,
2541 5794 2629 5848 28.
