4444 6450
829 405 888 424 οη

2119 396 2486 454 CllEGOllll
2526 397 2843 455 PALARH‘I

3923 395 4028 454 400

825 531 870 561 -..-.
914 509 1138 562 leviores
1173 505 1324 557 nobis
1372 504 1619 559 redderet
1650 503 1869 556 morbos
1930 505 2090 572 jussit
2133 506 2373 557 adhiberi
2410 517 2449 568 Α
2481 507 2580 572 ἠπλῖ

2274 506 2373 557 ιρι-ί
2410 517 2449 568 Α
2481 507 2610 572 ἠπλῖν
2643 505 2938 574 στοιχείων,
2977 503 3107 572 πρὸς
3134 508 3235 557 πάι
3264 505 3455 574 ἁναχεῖ
3484 505 3542 557 τὸ
3600 505 3776 574 σῶμα.
3805 521 3895 556 και
3941 505 4029 558 οῦ-

824 599 1152 651 ἰιιιηράίοιθηι
1187 595 1515 664 aspersiuuis
1539 610 1732 662 aquam
1766 604 1825 646 ut
1859 609 1982 647 cum
2022 595 2123 648 lith
2154 606 2368 647 utentes

819 689 944 740 inde
975 685 1295 741 sanctilieati
1328 684 1637 751 super-iures
1667 698 2042 737 remaneamus
2072 684 2274 736 morbis
2306 699 2365 734 ex

817 793 1038 850 peccato
1063 797 1158 834 nos
1182 779 1578 832 invadentihus.
1603 778 1665 830 Et
1687 779 1848 831 simul
1871 780 2061 832 docent
2083 794 2199 837 nos.
2222 793 2370 844 gaas-

817 884 972 927 sante
1002 877 1188 925 morbo
1211 868 1622 938 coniugii-mlum
1644 884 1766 922 esse
1791 884 1892 922 non
1918 871 1981 923 :ul
2009 884 2193 937 magos
2216 878 2267 920 et
2285 870 2367 920 iu-

814 975 1086 1026 eantores,
1118 963 1207 1016 seri
1238 962 1300 1014 ad
1342 965 1526 1021 Deum,
1559 959 1625 1011 ad
1660 969 1965 1012 sanctorum
2002 961 2118 1028 ejus
2149 961 2364 1013 invoca-

814 1068 1013 1110 tionem
1037 1095 1052 1118 ,
1079 1055 1143 1109 ad
1175 1053 1532 1108 sanetitieatas
1577 1051 1676 1117 ipsi
1729 1061 1781 1104 et
1831 1065 1924 1118 per
1960 1052 2121 1103 vitam
2156 1050 2366 1104 oblatas

816 1149 970 1202 nohis
1003 1148 1298 1207 orationes.
1325 1161 1513 1214 preces
1538 1156 1591 1199 et
1621 1144 2066 1212 supplicationes.
2094 1143 2194 1206 Qui
2224 1143 2364 1195 enim

817 1242 882 1291 ail
935 1253 1120 1304 magos
1162 1249 1214 1290 et
1249 1238 1561 1290 incantores
1609 1233 1952 1302 conlugiunt,
2007 1239 2202 1299 negant
2249 1246 2366 1284 esse

817 1331 1004 1389 Deum,
1041 1328 1443 1396 conjuuguntur
1475 1325 1811 1378 dminonibus
1846 1338 1972 1377 suas
2003 1322 2366 1376 occidentibus

814 1424 1046 1481 animas,
1080 1430 1130 1471 ιιι
1161 1419 1448 1488 aliquando
1473 1416 1796 1470 insanabiles
1821 1416 2034 1469 morbos
2059 1423 2112 1466 et
2137 1424 2365 1467 mortem

815 1517 985 1580 ipsam
1031 1527 1094 1563 ex
1143 1525 1328 1564 eorum
1377 1509 1705 1562 commercio
1748 1514 2043 1573 reportant.
2099 1502 2368 1558 Ochozias

815 1603 1157 1657 enimAcliab
1189 1601 1332 1654 tilius
1355 1601 1408 1653 in
1440 1600 1806 1652 inﬁrmitatem
1842 1596 2118 1663 delapsus,
2143 1594 2288 1648 misit
2314 1603 2370 1646 ut

814 1695 1075 1759 scriptum
1115 1701 1194 1744 est
1236 1691 1300 1742 ad
1348 1690 1507 1742 deum
1556 1688 1797 1741 Accaron
1839 1703 1853 1738 :
1887 1684 2180 1738 idololatrae
2227 1682 2366 1737 enim

812 1792 968 1835 erant
997 1781 1106 1845 isti,
1151 1779 1318 1846 magis
1352 1788 1405 1832 et
1435 1778 1621 1830 ariolis
1649 1776 1980 1830 conﬁdentes
2008 1791 2021 1826 :
2050 1775 2194 1826 misit
2241 1787 2368 1842 ergo

814 1875 997 1926 Achab
1035 1873 1177 1942 regis
1213 1871 1354 1925 ﬁlius
1383 1870 1474 1937 qui
1516 1870 1908 1937 interrogarent
1937 1880 2031 1917 eos
2057 1867 2122 1918 de
2157 1879 2250 1917 sua
2283 1863 2367 1916 iu-

816 1960 1102 2022 lirmitate;
1136 1958 1332 2024 quibus
1362 1971 1654 2010 occurrens
1686 1954 1888 2006 nuntiis
1924 1952 2066 2006 Elias
2109 1953 2364 2020 propheta

811 2051 950 2105 dixit
985 2069 997 2103 :
1031 2069 1049 2100 ι
1088 2047 1357 2116 Numquid
1394 2063 1500 2100 non
1537 2055 1618 2099 est
1649 2045 1786 2098 Deus
1831 2046 1885 2096 in
1922 2043 2108 2106 Israel,
2145 2051 2201 2096 ut
2231 2041 2368 2095 eatis

813 2144 878 2196 ad
925 2141 1316 2195 consulendum
1371 2138 1496 2192 Baal
1540 2138 1696 2192 deum
1757 2134 2035 2190 Accaron?
2083 2134 2250 2199 Quam
2299 2135 2369 2187 ob

813 2249 924 2287 rem
982 2233 1095 2284 hzee
1143 2232 1277 2285 dixit
1328 2231 1587 2282 Dominus
1623 2247 1634 2281 :
1671 2229 1745 2281 De
1781 2227 1982 2280 lectulo
2026 2241 2187 2293 super
2211 2241 2367 2293 quem

814 2323 1126 2386 ascendisti,
1159 2336 1261 2375 non
1298 2320 1617 2382 descendes,
1647 2319 1738 2372 sed
1772 2325 1945 2371 morte
1975 2316 2224 2370 morieris
2256 2315 2320 2369 ⁸¹.
2341 2333 2358 2364 ι

2472 613 2548 646 ἰω
2568 593 2689 654 τοὺς
2716 595 2906 656 ἄλλους
2935 594 3041 645 τῶν
3072 596 3127 646 ἐν
3163 597 3292 663 ἡμῖν
3333 594 3656 663 ἀχρειοῦσα,
3683 595 3778 656 τὰς
3838 595 4026 656 νόσους

2473 687 2631 738 ποιεῖ.
2677 687 2738 737 Ἥ
2778 686 2907 753 γοῦν
2956 686 3355 754 φιλανθρωπία,
3390 687 3639 755 καθάπερ
3699 688 3857 756 ἔφην,
3918 690 4027 738 τῶν

2474 780 2514 828 ίε
2525 779 2630 846 ρῶν
2661 779 2933 845 Πατέρων,
2970 779 3156 831 [δοῦσα
3185 778 3389 847 νοσώδη
3442 780 3532 831 τὸν
3562 777 3752 846 καιρὸν
3811 777 4020 840 τοῦτον,

2469 869 2544 929 ὡς
2567 867 2630 928 ἀν
2655 870 2787 935 ἡμῖν
2821 869 3155 937 έπικουφίσῃ
3202 869 3301 930 τὰς
3354 871 3562 932 νόσους,
3587 869 3646 920 τὸ
3698 868 4029 936 ἡγιασμένον

2468 959 2621 1012 τοῦτο
2651 959 2743 1010 τοῦ
2787 960 3080 1028 ῥαντισμοῦ
3117 960 3414 1030 προσέταξε
3454 961 3628 1014 τελεῖν
3657 961 3804 1028 ἡμᾶς
3858 959 4021 1026 ὕδωρ,

2473 1051 2537 1102 ἵν’
2569 1051 2812 1102 ἐντεῦθεν
2841 1053 3194 1120 ἁγιαζόμενοι
3229 1053 3277 1104 οί
3317 1054 3453 1122 με.τά
3507 1055 3738 1112 πίστεως
3791 1069 4020 1120 προσερ-

2468 1141 2707 1210 χόμενοι,
2733 1141 3071 1210 διαμένωμεν
3093 1143 3354 1211 ἀνώτεροι
3387 1144 3495 1196 τῶν
3531 1144 3587 1207 ἐξ
3617 1145 4027 1212 ἁμαρτημάτων

2468 1232 2880 1301 προσϐαλόντων
2902 1234 3031 1302 ἡμῖν
3069 1237 3422 1304 νοσημάτων·
3479 1237 3594 1303 ἅμα
3624 1234 3682 1286 δὲ
3740 1236 3833 1286 καὶ
3885 1236 4028 1286 διδέ-

2471 1339 2690 1385 σκοντες
2723 1325 2890 1392 ἡμᾶς,
2928 1326 2992 1377 ἄν
3025 1341 3129 1376 τινι
3163 1326 3341 1396 συμϐῇ
3374 1327 3546 1393 νόσος,
3579 1327 3653 1396 μὴ
3685 1328 3821 1396 πρὸς
3843 1328 4028 1379 ἐπαοι-

2467 1413 2588 1476 δοὺς
2607 1417 2698 1466 καὶ
2733 1416 2936 1483 γόητας
2963 1417 3198 1485 τρέχειν,
3235 1419 3367 1471 ἀ).λά
3387 1420 3518 1488 πρὸς
3549 1421 3637 1471 τὸν
3675 1418 3832 1483 Θεὸν,
3887 1417 4023 1487 πρὸς

2467 1503 2698 1571 τὴντῶν
2733 1506 2904 1571 ἀγίων
2951 1509 3115 1559 αὑτοῦ
3177 1510 3492 1577 πρεσϐείαν,
3561 1510 3696 1580 πρὸς
3753 1511 3852 1572 τὰς
3914 1508 4024 1562 τῶν

2469 1595 2858 1663 ἀφιερωμένων
2879 1598 3026 1666 αὐτῷ
3057 1601 3148 1650 καὶ
3181 1599 3270 1652 διὰ
3306 1600 3421 1668 βίου
3449 1602 3826 1668 ἀνακειμένων
3882 1600 4024 1672 ὑπὲρ

2468 1682 2624 1749 ἡμῶν
2649 1683 2913 1746 ἐντεύξεις
2939 1686 3034 1737 καὶ
3055 1687 3265 1755 δεήσεις
3294 1691 3387 1740 καὶ
3438 1689 3766 1758 προσευχάς.
3792 1691 3854 1740 Οἱ
3917 1689 4026 1756 γὰρ

2470 1773 2607 1839 πρὸς
2636 1774 2851 1841 ἐπῳδὰς
2883 1776 2976 1826 καὶ
3007 1779 3258 1842 γοητείας
3293 1779 3601 1846 χωροῦντες
3651 1778 3903 1831 ἀθετοῦσι
3967 1779 4026 1829 τὸ

2469 1857 2606 1912 εἶναι
2641 1861 2793 1923 Θεὸν,
2845 1866 3230 1917 σοντάσσονται
3263 1869 3375 1928 τοῖς
3432 1868 3673 1934 δαίμοσι,
3729 1866 4024 1920 θανατοῦσι

2468 1949 2564 2009 τὰς
2595 1952 2804 2005 ἑαυτῶν
2834 1954 3043 2022 ψυχάς·
3081 1956 3194 2008 ἐστι
3243 1956 3285 2007 δ’
3309 1959 3396 2009 ὅτε
3445 1960 3538 2010 καὶ
3593 1959 3778 2021 νόσους
3833 1957 4028 2025 ἀνηκέ-

2472 2058 2629 2105 στους
2655 2046 2718 2094 ἐκ
2747 2045 2950 2098 τούτων
2996 2047 3237 2116 τρυγῶσι
3287 2050 3380 2101 καὶ
3442 2049 3692 2102 θάνατον.
3778 2047 4029 2118 Ὀχοζίας

2472 2136 2580 2202 γάρ
2613 2151 2741 2187 ποτε
2766 2138 2792 2188 ό
2821 2137 2914 2188 τοῦ
2955 2137 3160 2205 Ἀχαάϐ
3196 2140 3449 2209 ἀσθενείᾳ
3477 2140 3814 2211 περιπεσὼν,
3852 2140 4026 2207 επεμ-

2471 2225 2540 2292 ψε
2571 2227 2713 2278 κατά
2735 2227 2794 2278 τὸ
2816 2228 3200 2296 γεγραμμένον
3231 2229 3366 2296 πρὸς
3420 2231 3513 2284 τὸν
3549 2231 3670 2284 θεὸν
3715 2231 4019 2298 ’Δκκαρὼι·

2473 2316 2852 2386 εἰδωλολάτραι
2882 2319 2937 2370 δὲ
2959 2315 3098 2385 ἦσαν
3131 2315 3296 2384 οὗτοι,
3329 2321 3425 2374 καὶ⁵
3454 2323 3731 2392 γοητείαις
3759 2324 3853 2376 καὶ
3897 2339 4029 2391 μαν-

810 2419 985 2478 τείαις
1009 2416 1360 2485 προσέχοντες
1386 2430 1401 2444 ·
1431 2413 1640 2479 ἔπεμψε
1666 2411 1794 2478 γοῦν
1818 2413 1844 2463 ὁ
1869 2408 1960 2462 τοῦ
1987 2408 2247 2477 βασιλέως
2279 2408 2481 2476 Ἀχαὰϐ
2507 2411 2618 2469 υίὸς
2648 2403 2803 2473 οὗτος
2826 2412 2960 2480 πρὸς
2982 2413 3251 2475 τοιούτους
3277 2415 3466 2483 μαθεῖν
3491 2415 3618 2485 περὶ
3641 2414 3740 2483 τῆς
3755 2414 4029 2475 ἀσθενείας

813 2508 997 2562 αὐτοῦ.
1044 2507 1393 2573 ’Υπαντήσας
1451 2504 1506 2554 δὲ
1573 2506 1685 2562 τοῖς
1738 2501 2167 2569 ἀπεσταλμένοις
2223 2497 2399 2550 ἸΙλιοὺ
2467 2503 2493 2552 ό
2534 2503 2838 2570 προφήτης,
2898 2507 3033 2571 φησὶ
3098 2504 3235 2574 πρὸς
3293 2504 3523 2577 αὐτούς·
3563 2523 3582 2556 ε
3645 2508 3804 2575 Παρά
3838 2506 3897 2557 τὸ
3955 2506 4029 2575 μὴ

812 2600 949 2655 εἶναι
981 2601 1111 2653 Θεὸν
1135 2601 1193 2653 ὲν
1248 2599 1485 2668 Ἰσραὴλ,
1548 2598 1706 2662 ὑμεῖς
1762 2595 2060 2663 πορεύεσθε
2115 2595 2447 2662 ἐπιζητῆσαι
2484 2599 2539 2646 ἐν
2568 2597 2641 2663 τῷ
2677 2598 2820 2648 Βάαλ
2847 2596 2966 2651 θεὸν
3029 2601 3348 2669 Ἀκκαρών;
3394 2601 3532 2655 Τάδε
3582 2601 3728 2670 λέγει
3785 2602 4024 2672 Κύριοςο

823 2699 887 2747 ’Π
918 2696 1074 2762 κλίνη
1101 2693 1186 2762 ἐφ’
1214 2689 1279 2765 ἧς
1302 2693 1502 2761 ἀνέϐης
1531 2693 1666 2754 ἐκεῖ,
1697 2691 1756 2743 οὐ
1810 2689 2092 2758 καταϐήσῃ
2146 2690 2239 2741 ἀπ’
2269 2690 2458 2758 αὐτῆς,
2494 2691 2626 2742 ἀλλά
2665 2690 2879 2760 θανάτῳ
2905 2692 3169 2762 ἀποθανῇ.
3210 2713 3229 2745 ›

882 2789 1072 2843 Nonne
1099 2790 1291 2843 videtis
1312 2787 1504 2857 quodii
1523 2787 1616 2854 qui
1647 2801 1828 2854 magos
1859 2785 2162 2852 ariulosquc
2188 2785 2251 2837 ad
2281 2797 2371 2837 co-

815 2880 1179 2948 gnoscendum
1206 2892 1316 2931 rem
1347 2877 1584 2944 aliquam
1609 2875 1690 2926 vel
1723 2873 1996 2934 morbum,
2029 2881 2223 2938 negent
2247 2885 2369 2924 esse

816 2976 956 3026 inter
986 2985 1084 3024 nos
1117 2968 1306 3029 Deum,
1337 2974 1392 3020 et
1417 2966 1541 3019 inde
1585 2974 1814 3018 mortem
1845 2971 2142 3031 reportent,
2176 2962 2371 3014 animm

815 3061 1108 3130 praesertim
1150 3065 1400 3120 mortem,
1434 3065 1487 3106 et
1537 3054 1697 3106 etiam
1748 3053 2038 3120 aliquando
2085 3049 2374 3118 corporis?

815 3151 914 3216 Qui
959 3159 1132 3201 autem
1167 3149 1220 3200 in
1271 3143 1684 3198 necessitatibus
1739 3141 1821 3193 vel
1869 3139 2277 3193 inﬁrmitatibus
2310 3138 2374 3190 ad

816 3242 982 3294 Deum
1014 3251 1066 3293 et
1096 3246 1312 3292 sanctos
1341 3236 1459 3300 ejus
1484 3231 1746 3301 confugit,
1773 3231 1816 3284 si
1845 3230 1892 3283 ei
1922 3229 2194 3298 expediat,
2231 3242 2260 3281 a
2289 3241 2377 3280 ne-

815 3331 1163 3385 ccssilatibus
1202 3325 1580 3395 corporalibus
1616 3324 1826 3375 eruitur
1853 3329 1906 3374 et
1939 3334 1966 3372 a
2011 3318 2216 3371 morbis
2243 3318 2378 3370 libe-

819 3431 996 3485 ratur;
1030 3423 1310 3473 sanitatem
1339 3430 1465 3470 vero
1482 3415 1676 3468 anima:
1698 3411 2178 3476 remissionemque
2196 3421 2382 3476 pecea—

827 3526 1003 3567 torum
1047 3526 1256 3578 semper
1288 3508 1526 3575 reperit;
1562 3505 1641 3560 sic
1671 3505 1905 3572 loquitur
1931 3500 2130 3555 Christi
2164 3507 2380 3565 aposto-

818 3608 904 3662 lus
932 3617 984 3661 et
1013 3608 1176 3658 frater
1208 3602 1437 3654 Jaeubus
1479 3617 1492 3652 :
1543 3617 1561 3649 ι
1595 3597 1901 3650 lniirmatur
1930 3593 2055 3661 quis
2089 3593 2141 3643 in
2182 3587 2377 3643 vobis?

817 3702 1038 3764 inilueat
1071 3697 1415 3765 presbyteros
1449 3689 1732 3752 Ecclesiae,
1782 3696 1835 3740 et
1868 3694 2026 3738 orent
2053 3695 2216 3749 super
2250 3696 2373 3734 eum

819 3801 1076 3861 tingentes
1107 3803 1228 3840 eum
1259 3786 1379 3837 oleo
1409 3783 1458 3834 in
1494 3780 1711 3833 nomine
1741 3775 1974 3835 Domini,
2010 3783 2062 3825 et
2103 3772 2279 3824 oratio
2318 3772 2378 3822 li-

816 3883 899 3936 «ici
950 3879 1174 3933 salvahit
1209 3875 1480 3927 inlirmum
1516 3911 1528 3933 ,
1566 3881 1616 3924 et
1651 3866 1906 3922 excitabit
1937 3879 2057 3918 eum
2100 3863 2375 3923 Dominus,

818 3982 870 4024 ct
891 3970 935 4025 si
971 3975 1019 4021 in
1051 3966 1281 4035 peccatis
1303 3964 1394 4026 sit,
1430 3962 1782 4014 remittuntur
1807 3958 1854 4009 ei
1883 3956 1950 4009 ⁸³.
1988 3973 2005 4003 ι
2037 3951 2265 4004 Necesse
2297 3959 2381 4002 est

819 4075 995 4116 autem
1025 4071 1081 4112 ut
1103 4053 1466 4125 eoopet‘curini
1496 4050 1827 4106 orationibus
1852 4055 2065 4114 propter
2086 4059 2176 4096 vos
2201 4043 2377 4105 lactis,

819 4169 912 4221 per
937 4150 1348 4203 conversionem
1379 4184 1392 4207 ,
1427 4141 1821 4197 confessionem
1850 4178 1862 4200 ,
1897 4138 2296 4204 eleemosynam
2327 4142 2379 4183 ul

823 4245 925 4294 :ilia
961 4240 1290 4309 pmuitcutiuc
1331 4249 1532 4302 opera;
1575 4231 1800 4284 multum
1836 4231 1976 4282 enim
2027 4229 2160 4280 valet
2206 4226 2376 4279 oratio

815 4335 946 4401 justi
979 4333 1214 4384 assidua.
1251 4327 1369 4380 Fiat
1399 4341 1525 4393 ergo
1562 4336 1616 4375 ut
1651 4336 1746 4374 nes
1779 4335 1985 4382 omnes,
2016 4335 2047 4373 a
2083 4319 2232 4370 malis
2262 4319 2377 4370 aui-

2555 2784 2768 2852 Ὁρᾶτε,
2797 2787 2879 2838 ὅτι
2909 2788 2958 2838 οἱ
2992 2788 3141 2855 παρά
3176 2789 3388 2856 γοήτων
3414 2789 3506 2840 καὶ
3539 2789 3784 2857 μάντεων
3838 2786 4028 2856 ἐπιζη-

2471 2872 2682 2934 τοῦντες
2705 2890 2759 2923 τι
2785 2874 3035 2943 μαθεῖν,ἢ
3062 2875 3276 2940 παθεῖν,
3310 2875 3590 2927 ἀθετοῦσιν
3619 2874 3756 2930 εἶναι
3785 2877 3872 2926 τὸν
3901 2876 4032 2926 Θεὸν

2473 2964 2528 3014 ὲν
2543 2966 2573 3032 ἡ
2583 2965 2691 3031 μῖν,
2713 2966 2803 3016 καὶ
2821 2964 3044 3017 θάνατον
3058 2967 3264 3017 ἐκεῖθεν
3282 2968 3609 3034 καρποῦνται
3630 2968 3860 3036 μάλιστα
3873 2968 3911 3034 1
3924 2967 4030 3036 78

2478 3054 2574 3120 μὲν
2607 3055 2694 3105 τὸν
2719 3054 2819 3123 τῆς
2845 3055 3041 3122 ψυχῆς,
3065 3055 3179 3107 ἐστι
3203 3056 3244 3107 δ’
3261 3058 3348 3108 ὅτε
3370 3057 3464 3108 καὶ
3485 3056 3577 3108 τὸν
3604 3056 3700 3108 τοῦ
3733 3056 3986 3123 σώματος
4008 3073 4024 3121 ;

2492 3145 2549 3196 '0
2579 3145 2632 3196 δὲ
2654 3146 2786 3212 πρὸς
2817 3147 2905 3197 τὸν
2929 3146 3059 3198 Θεὸν
3087 3149 3179 3198 καὶ
3203 3147 3324 3208 τοὺς
3354 3147 3541 3213 ἁγίους
3565 3146 3728 3198 αὑτοῦ
3760 3147 4028 3212 προστρέ-

2480 3252 2588 3302 χων
2619 3238 2674 3286 έν
2693 3236 2959 3301 ἀνάγκαις
2983 3239 3078 3288 καὶ
3111 3237 3433 3299 ἀσθενείαις,
3459 3240 3505 3288 εἰ
3533 3240 3798 3306 συμφέρει
3830 3237 4024 3304 τούτῳ,

2479 3326 2571 3374 καὶ
2605 3325 2712 3375 τῶν
2750 3329 3072 3392 σωματικῶν
3106 3328 3361 3393 ἀναγκῶν
3387 3327 3594 3386 λύεται.
3625 3332 3718 3382 καὶ
3744 3329 3848 3379 τῶν
3873 3345 4026 3392 νοση-

2483 3415 2663 3484 μάτων
2690 3416 3117 3469 ἀπαλλάττεται·
3154 3420 3250 3485 τῆς
3285 3419 3341 3470 δὲ
3375 3420 3514 3471 κατά
3576 3419 3758 3486 ψυχὴν
3816 3419 4022 3482 ὑγείας.

2480 3509 2572 3560 καὶ
2598 3508 2694 3576 τῆς
2719 3507 2823 3559 τῶν
2853 3509 3261 3577 ἁμαρτημάτων
3285 3512 3528 3578 ἀφέσεως
3542 3512 3630 3563 ἀεὶ
3650 3512 4025 3577 ἐπιτυγχάνει·

2480 3599 2622 3651 οὕτω
2656 3602 2762 3669 γὰρ
2793 3606 2885 3653 καὶ
2907 3604 2934 3653 ό
2961 3602 3052 3653 τοῦ
3090 3603 3321 3671 Χριστοῦ
3354 3603 3646 3665 ἀπόστολος
3678 3621 3770 3655 κα.
3803 3603 4028 3667 ademi;

2495 3690 2745 3751 Ἰάκωϐὁς
2770 3707 2963 3759 φησιν’
3009 3709 3026 3742 t
3076 3694 3317 3745 ’Λσθενεί
3362 3712 3446 3757 τις
3479 3694 3721 3759 ὲνὺμῖνς
3784 3709 4023 3760 προσκα-

2481 3780 2728 3832 λεσάσθω
2757 3784 2881 3843 τοὺς
2924 3783 3325 3852 πρεσϐυτέρους
3381 3785 3481 3853 τῆς
3520 3785 3892 3853 ”Εκκλησίας,
3938 3785 4029 3835 καὶ

2483 3871 2968 3939 προσευξάσθωσαν
2992 3874 3077 3924 ἐπ’
3103 3876 3287 3939 αὑτὸν,
3323 3875 3639 3944 ἀλείψαντες
3679 3875 3841 3928 αὑτὸν
3869 3875 4029 3942 ἐλαίῳ

2481 3965 2537 4013 ἐν
2567 3962 2640 4029 τῷ
2669 3963 2889 4030 ὀνόματι
2921 3964 3009 4015 τοῦ
3042 3965 3270 4035 Κυρίου,
3305 3968 3397 4018 καὶ
3431 3970 3459 4034 ἡ
3501 3968 3632 4036 εύχὴ
3665 3970 3764 4035 τῆς
3795 3966 4026 4030 πίστεως

2482 4055 2639 4104 σώσει
2670 4053 2757 4103 τὸν
2788 4055 3081 4121 κάμνοντα,
3119 4058 3211 4108 καὶ
3271 4059 3457 4126 ὲγερεῖ
3512 4059 3673 4110 αὑτὸν
3716 4061 3743 4110 ὁ
3787 4058 4026 4124 Κύριοςο

2479 4142 2579 4193 κᾶν
2612 4143 2883 4211 ἁμαρτίας
3019 4147 3351 4213 πεποιηκὼς,
3403 4150 3737 4217 ἀφεθήσεται
3795 4147 3963 4215 αὐτῷ.
4004 4167 4022 4198 ι

2479 4238 2568 4285 Δεῖ
2596 4236 2651 4286 δὲ
2672 4238 2765 4286 καί
2799 4237 2938 4302 ὑμᾶς
2966 4240 3245 4303 συνεργεῖν
3278 4242 3394 4300 ταῖς
3440 4239 3579 4307 ὑπὲρ
3615 4240 3764 4307 ὑμῶν
3819 4239 4025 4306 εὐχαῖς,

2477 4325 2543 4376 δι’
2582 4327 2934 4395 ἐπιστροφῆς,
2968 4326 3034 4378 δι’
3093 4329 3514 4396 ὲξαγορεύσεως,
3546 4329 3613 4382 δι’
3638 4330 4026 4398 ὲλεημοσύνης,

822 4440 918 4475 nm:
957 4433 1007 4474 et
1038 4419 1281 4485 corporis
1317 4413 1522 4466 liberati
1554 4413 1640 4464 hic
1670 4412 1720 4461 iu
1759 4407 2154 4476 tranquillitate
2186 4408 2371 4458 viven-
2405 4419 2447 4473 ι)
2476 4413 2562 4465 διὰ

2264 4421 2371 4458 ’θη-
2405 4419 2447 4473 ῐ)
2476 4413 2562 4465 διὰ
2589 4413 2695 4464 τῶν
2751 4415 2925 4467 ἄλλων
2966 4417 3140 4483 ἔργων
3185 4417 3279 4484 τῆς
3349 4419 3664 4485 μετανοίαςο
3719 4418 3853 4470 πολὺ
3912 4419 4019 4488 γὰρ

821 4525 900 4566 tes
949 4512 1177 4565 lelieiier
1233 4504 1511 4575 prmsentis
1547 4502 1668 4554 vita;
1703 4501 1934 4566 spatium
1970 4511 2371 4565 percurramus,

822 4619 1002 4677 postea
1026 4613 1229 4659 statuto
1247 4612 1486 4666 tempore
1509 4596 1795 4666 participes
1818 4592 2115 4645 eﬂiciamur
2133 4604 2369 4654 πίοι-ηαξ,

819 4705 991 4753 beatae
1029 4705 1083 4750 et
1126 4691 1556 4759 incorruptibilis
1609 4687 1752 4739 omni
1805 4685 1988 4736 dolore
2029 4694 2080 4735 et
2131 4697 2373 4733 :nrunma

821 4801 1042 4856 prorsus
1071 4785 1259 4838 alienae
1286 4782 1427 4844 vitm,
1453 4778 1506 4830 in
1539 4776 1658 4844 ipso
1688 4773 1813 4826 Jesu
1840 4770 2054 4824 Christo
2086 4770 2293 4822 medico
2320 4779 2372 4822 et

824 4883 930 4935 Deo
955 4879 1258 4931 animarum
1289 4881 1691 4941 corporumque
1738 4873 2042 4918 nostrorum
2070 4901 2086 4925 ,
2124 4863 2210 4914 cui
2252 4877 2370 4913 cum

823 4975 976 5025 Patre
1000 4979 1054 5024 et
1081 4975 1268 5024 saneto
1302 4964 1506 5033 Spiritu
1535 4961 1702 5030 gloria
1732 4959 1782 5010 in
1812 4956 2006 5010 szecula
2031 4953 2369 5007 saaeulorum.

821 5068 1009 5116 Amen.

2479 4506 2651 4572 ίσχύει
2683 4507 2864 4574 δέησις
2893 4506 3102 4558 δικαίου
3128 4509 3514 4578 ἐνεργουμένη.
3551 4509 3764 4562 Γένοιτο
3793 4511 3848 4561 δὲ
3879 4511 4025 4577 ἡμᾶς

2477 4597 2700 4658 πάντας,
2730 4605 2821 4649 και
2844 4598 2950 4648 τῶν
2979 4599 3074 4667 τῆς
3110 4599 3284 4668 ψυχῆς
3321 4603 3412 4653 καὶ
3475 4603 3582 4653 τῶν
3635 4600 3727 4652 τοῦ
3781 4601 4024 4669 σώματος

2474 4685 2877 4752 ἀπαλλαγέντας
2940 4687 3145 4751 δεινῶν,
3193 4688 3288 4741 νῦν
3348 4689 3444 4757 μὲν
3499 4693 3555 4740 έν
3633 4688 4028 4757 μετριοπαθεία

2473 4779 2743 4847 βιοῦντας,
2791 4783 3046 4851 εὐμαρῶς
3110 4783 3355 4836 διανῦσαι
3389 4785 3449 4836 τὸ
3479 4785 3748 4853 διάστημα
3803 4788 3898 4854 τῆς
3927 4802 4028 4835 πα·

2481 4869 2678 4938 ρούοης
2718 4871 2892 4939 ζωῆςο
2960 4874 3317 4936 διανύσαντας
3375 4875 3432 4928 δὲ
3481 4875 3657 4940 τοῦτο,
3705 4876 4025 4945 μεταλαχεῖν

2483 4964 2623 5013 κατά
2651 4964 2836 5029 καιρὸν
2856 4963 2954 5018 ,καὶ
2984 4964 3082 5030 τῆς
3100 4966 3318 5018 αἰωνίου
3345 4969 3441 5020 καὶ
3471 4968 3743 5038 μακαρίας
3775 4970 3868 5020 καὶ
3892 4971 4028 5033 ἀκη-

2488 5054 2648 5118 ράτου
2685 5053 2848 5120 ζωῆς,
2881 5055 2970 5105 καὶ
3026 5056 3241 5118 τελείως
3271 5058 3512 5120 ἀπαθοῦς
3566 5059 3660 5111 καὶ
3722 5060 3911 5126 ἀπήμο
3945 5073 4022 5119 ος,

822 5162 879 5210 ὲν
901 5147 1045 5224 αὐτῷ
1070 5151 1288 5222 Χριστῷ
1322 5149 1395 5216 τῷ
1427 5147 1596 5215 ἰατρῷ
1628 5146 1717 5201 καὶ
1762 5142 1877 5211 Θεῷ
1909 5143 2012 5194 τῶν
2045 5142 2229 5213 ψυχῶν
2286 5144 2372 5193 καὶ
2413 5143 2519 5196 τῶν
2548 5148 2813 5214 σωμάτων
2854 5149 3006 5214 ἡμῶν
3031 5165 3044 5179 ο
3107 5151 3224 5218 μεθ’
3278 5148 3335 5206 οὗ
3394 5153 3471 5221 τῷ
3529 5153 3702 5223 Πατρὶ
3749 5152 3874 5218 δόξα
3926 5152 4020 5206 σὺν

823 5249 956 5316 ἁγίῳ
985 5245 1278 5312 Πνεύματι,
1307 5241 1383 5301 είς
1403 5239 1528 5300 τοὺς
1558 5237 1782 5296 αἰῶνας.
1826 5235 2019 5302 Ἀμήν.

911 5430 952 5460 ⁸¹
983 5430 1042 5483 IV
1073 5427 1205 5496 Reg.
1239 5442 1274 5488 ι,
1319 5424 1371 5475 5.
1449 5421 1492 5450 ⁸³
1532 5417 1649 5473 Jac.
1685 5436 1736 5482 v,
1771 5422 1853 5483 Η,
1886 5419 1970 5471 l5.
