4444 6450
415 436 516 498 413

1659 428 1989 488 ΗΟΜΙῌΑ
2033 426 2307 485 XXXIII.

3527 412 3640 480 ΗΑ

409 563 516 599 των
539 543 633 598 καὶ
672 543 958 596 ἀπολαύει.
991 541 1108 596 Κᾶν
1142 542 1239 610 μὲν
1268 541 1512 610 ὁμιλίαις
1567 543 1770 610 χρῆται
1829 560 1963 609 χρη·
1994 556 2038 609 Α
2066 549 2164 591 t-ta

1873 560 1963 609 ρη-
1994 556 2038 609 Α
2066 549 2120 591 rt
2140 549 2347 591 attente
2370 535 2678 590 consideret
2705 532 3042 601 SpiritUalem
3069 532 3367 585 doctrinam
3387 540 3440 585 et
3463 531 3628 583 adim~

411 639 581 700 σταῖς,
620 636 712 689 καὶ
743 635 1087 700 διδασκαλίας
1116 633 1287 702 ἀκούῃ
1321 651 1380 684 τε
1409 633 1502 686 καὶ
1525 633 1773 702 ὑπακούῃ
1806 649 1969 685 πνευ-

415 729 666 799 ματικῆς,
698 729 787 779 καὶ
812 729 891 788 είς
921 727 1081 794 ἔργον
1115 724 1222 794 ἄγη
1250 727 1316 776 τὰ
1348 727 1469 777 κατ’
1501 725 1692 794 αὐτὴν,
1729 727 1967 793 γεωργεῖ

411 819 509 882 τὰς
538 819 757 888 ἀρετὰς,
792 817 887 870 καὶ⁵
914 817 991 884 τῷ
1019 817 1137 884 Θεῷ
1166 816 1467 886 εὔχρηστος
1508 816 1738 882 γίνεται,
1769 818 1881 876 τοῖς
1909 831 1969 867 τε

412 912 588 972 ἄλλοις
625 910 930 979 ἀνθρώποις
963 910 1070 962 ·καί
1121 910 1321 976 ἐαυτῷ.
1359 910 1486 961 Ἐὰν
1534 909 1589 960 δὲ
1637 907 1876 975 ὁμιλίαις
1905 907 1966 959 οῦ

414 1004 603 1063 καλαῖς
633 1002 820 1071 χαίρῃ,
856 1000 948 1052 καὶ
971 999 1323 1059 διδασκαλίας
1365 999 1464 1050 οὐκ
1505 996 1675 1066 ἀκούῃ
1723 1012 1968 1063 πνευμα-

411 1097 585 1163 τικῆς,
619 1093 754 1146 ἀλλά
783 1093 875 1146 καὶ
909 1092 1006 1159 τὴν
1036 1092 1394 1143 ἀκουσθεῖσαν
1424 1088 1572 1158 παρά
1636 1087 1745 1155 φαῦ
1765 1090 1852 1138 λον
1885 1086 1969 1136 τί-

412 1186 584 1249 θεται,
620 1185 895 1254 ἀγριαίνει
926 1185 1018 1236 καὶ
1050 1184 1328 1250 ὑλομανεῖ,
1393 1185 1487 1237 καὶ
1522 1182 1709 1250 τρέφει
1753 1183 1818 1232 τά
1863 1181 1968 1232 πά-

416 1278 481 1346 θη
509 1277 576 1329 τὰ
605 1278 835 1346 πονηρὰ,
877 1293 967 1328 και
1000 1276 1317 1326 ἀναδίδωσιν
1345 1273 1558 1326 οἴκοθεν
1600 1275 1693 1333 τὰς
1723 1272 1968 1334 ἀκάνθας

415 1371 507 1421 καὶ
532 1369 599 1422 τά
623 1370 823 1438 κέντρα
853 1368 946 1420 τοῦ
972 1367 1229 1428 θανάτου,
1266 1367 1366 1432 τῆς
1401 1382 1457 1416 τε
1508 1365 1684 1434 ψυχῆς
1733 1366 1828 1417 καὶ
1874 1361 1965 1416 τοῦ

415 1461 683 1530 σώματος,
721 1461 863 1529 άπερ
891 1459 1026 1509 εἰσὶν
1049 1459 1105 1509 αἱ
1151 1457 1437 1526 ἁμαρτίαι.
1476 1457 1586 1509 Καὶ
1605 1458 1632 1508 ὁ
1659 1457 1966 1524 ἁρχέκακος

415 1549 524 1616 γὰρ
552 1547 674 1614 δςρις
704 1547 802 1614 τὴν
833 1548 1032 1614 ἀρχὴν,
1069 1547 1144 1604 ώς
1172 1547 1373 1608 πάντες
1409 1545 1728 1613 γινώσκετε,
1758 1545 1846 1599 διὰ
1869 1547 1968 1612 τῆς

413 1637 682 1707 ἁμαρτίας
714 1637 1043 1704 ὲκκεντήσας
1075 1637 1165 1687 τὸν
1207 1637 1511 1706 ἄνθρωπον,
1559 1637 1747 1704 θνητὸν
1805 1636 1968 1691 αὐτὸν

415 1727 812 1796 ἀπειργάσατο,
841 1727 1047 1780 καὶτοῦ
1077 1728 1280 1797 χωρίου
1309 1729 1406 1796 τῆς
1449 1730 1658 1798 τρυφῆς
1698 1728 1965 1792 ἐκϐαλὼν,

415 1821 494 1882 είς
547 1821 637 1871 τὸν
679 1818 917 1888 φθαρτὸν
961 1818 1055 1872 καὶ
1085 1818 1424 1870 πολυώδυνον
1470 1819 1658 1871 τοῦτον
1703 1819 1967 1888 μετεστὴ-

419 1928 547 1963 σατο
577 1911 777 1979 κόσμον
810 1925 824 1940 °
857 1909 950 1961 νῦν
973 1909 1050 1973 δὲ,
1085 1909 1149 1962 ἂν
1176 1911 1248 1978 μὴ
1285 1909 1370 1963 διὰ
1397 1910 1680 1977 μετανοίας
1711 1927 1792 1970 τις
1849 1911 1968 1961 ἑπι-

418 2006 623 2071 σπεύσῃ
652 2000 758 2054 τῶν
789 2002 915 2068 παρ’
962 2000 1126 2055 αὑτοῦ
1178 2001 1508 2068 τραυμάτων
1551 2002 1647 2067 τὴν
1707 2001 1872 2063 ἴασιν,
1899 2002 1964 2069 τῇ

416 2094 616 2161 αἰωνίῳ
630 2093 846 2146 κολάσει
862 2091 954 2145 καὶ
967 2091 1042 2161 τῷ
1061 2093 1191 2162 πυρὶ
1203 2094 1298 2161 τῆς
1313 2092 1537 2160 γεέννης
1565 2109 1710 2160 παρα
1719 2107 1777 2142 πε
1789 2091 1936 2159 μερθὴ
1956 2120 1968 2131 -

419 2201 588 2239 σεται.
632 2185 842 2255 Ὠσπερ
886 2185 939 2237 δὲ
984 2187 1101 2244 ταῖς
1141 2186 1360 2254 ἀγρίαις
1392 2183 1544 2246 ὕλαις
1593 2187 1688 2238 καὶ
1717 2185 1791 2251 τῷ
1815 2185 1962 2238 δάσει

416 2276 522 2328 τῶν
553 2277 821 2340 ἀκανθῶν,
852 2278 918 2327 τά
951 2276 1113 2343 θηρία
1137 2279 1230 2330 καὶ
1249 2276 1314 2327 τά
1340 2277 1544 2344 έρπετά
1577 2277 1669 2344 τῆς
1718 2276 1821 2342 γῆς
1870 2277 1965 2340 ἐμ-

419 2363 778 2430 φωλεύουσιν,
808 2363 976 2425 οὕτως
1013 2365 1367 2432 ὁάρχέκακος
1421 2360 1575 2424 οὗτος
1624 2365 1860 2432 δράκων,
1911 2367 1968 2414 τδ

422 2455 562 2521 μέγα
613 2456 709 2506 καὶ⁵
765 2455 1044 2522 πάνδημον
1096 2455 1283 2522 θηρίον
1330 2455 1471 2506 κατά
1534 2454 1621 2505 τὸν
1660 2454 1801 2513 Ἰὼϐ,
1867 2454 1969 2504 ὑπὸ

421 2547 738 2598 παντοδαπά
762 2547 955 2615 δένδρα
990 2549 1086 2612 τῆς
1111 2545 1440 2614 ἡδυπαθείας
1478 2545 1807 2597 ἐνδιαιτᾶται
1832 2564 1842 2574 ·
1875 2546 1971 2612 ἐμ-

421 2638 657 2704 πῖοςθεν
688 2638 761 2697 δὲ,
795 2644 979 2705 φησ’ν,
1016 2638 1178 2689 αὑτοῦ
1210 2639 1390 2706 τρέχει
1437 2637 1700 2690 ἀπώλεια.
1754 2638 1966 2704 Ταύτης

420 2728 516 2794 τῆς
547 2728 817 2789 ἀπωλείας
847 2729 1148 2797 ἀνωτέρους
1179 2730 1318 2794 ὑμᾶς
1355 2726 1494 2781 εἷναι
1528 2730 1736 2788 πάντας
1785 2729 1964 2781 ποθῶν

420 2817 550 2883 ἑγὼ.
578 2821 669 2870 καὶ
703 2820 878 2872 πάντα
910 2819 1097 2883 ποιῶν,
1131 2821 1304 2873 κοπιῶ
1334 2821 1474 2890 ὑπὲρ
1523 2821 1693 2890 ὑμῶν,
1728 2821 1962 2886 ἀδελφοὶ,

421 2911 511 2959 καὶ
530 2910 583 2959 ὲν
608 2909 753 2978 λόγῳ
784 2910 879 2961 καλ⁵
903 2910 1222 2980 διδασκαλίᾳ
1262 2914 1614 2981 πνευματικῇ
1660 2912 1779 2964 καθ’
1830 2914 1968 2980 ἡμέ-

2072 631 2212 699 pleat
2238 645 2357 697 quae
2385 628 2643 690 continet,
2666 629 2892 680 virtutes
2920 626 3049 678 colit
3075 634 3127 678 et
3158 625 3286 686 Deo,
3313 625 3629 677 hominibus

2070 732 2123 775 et
2168 720 2489 785 sibimetipsi
2544 718 2715 772 bonus
2739 719 2985 771 eﬂicitur.
3025 716 3080 769 Si
3132 727 3310 769 autem
3357 716 3629 783 colloquia

2069 816 2186 883 ejus
2217 830 2320 867 non
2355 813 2466 867 sint
2497 814 2634 864 bona
2662 829 2673 873 ;
2707 811 2750 863 si
2797 810 3136 878 spiritualem
3173 808 3475 861 doctrinam
3522 824 3626 861 non

2072 906 2274 967 audiat,
2309 903 2601 972 etquidem
2637 903 2781 955 illam
2815 919 2975 968 quam
3010 901 3214 954 audivit
3251 901 3390 953 inter
3423 900 3631 952 vanita-

2070 1005 2151 1048 tes
2185 1004 2414 1064 reputet,
2443 995 2670 1064 agrestis
2705 994 2930 1046 eilicitur
2955 1004 3006 1046 et
3039 994 3304 1046 dumosus
3341 993 3624 1058 nutritque

2070 1087 2350 1152 passiones
2390 1086 2558 1139 malas
2592 1101 2711 1153 qua:
2754 1084 2801 1137 ei
2838 1083 3064 1136 interius
3112 1082 3393 1149 proferunt
3443 1081 3629 1149 spinas

2070 1186 2122 1228 et
2179 1174 2430 1230 stimulos
2481 1176 2671 1228 mortis
2707 1175 2902 1228 anima-
2951 1183 3002 1227 et
3052 1174 3316 1240 corporis,
3349 1190 3466 1239 qtue
3507 1182 3631 1226 sunt

2071 1277 2311 1335 peccata.
2351 1265 2486 1321 Cum
2520 1281 2746 1335 serpens
2786 1267 3037 1334 princeps
3069 1265 3190 1317 ntali
3214 1304 3228 1325 ,
3257 1265 3628 1325 vulnerasset,

2072 1369 2129 1413 ut
2176 1375 2365 1412 omnes
2415 1361 2607 1423 nostis,
2661 1360 2932 1410 hominem
2987 1374 3083 1424 per
3138 1367 3418 1424 peccatum
3450 1397 3462 1415 ,
3506 1371 3628 1407 eum

2070 1451 2351 1504 mortalem
2383 1452 2530 1510 fecit,
2581 1460 2633 1503 et
2677 1450 2904 1517 eiiciens
2943 1466 3069 1501 cum
3110 1465 3138 1500 a
3180 1449 3300 1500 loco
3339 1445 3630 1512 voluptatis

2070 1545 2122 1597 in
2156 1545 2297 1596 hunc
2325 1544 2725 1611 COI’I‘IlpIIIlIICIIl
2761 1553 2812 1594 et
2847 1544 3020 1609 pinnis
3069 1541 3324 1593 refertum
3371 1539 3629 1590 mundum

2071 1635 2269 1700 posuit,
2303 1644 2355 1687 et
2393 1648 2534 1686 nunc
2573 1635 2670 1686 nisi
2706 1649 2796 1697 per
2833 1632 3204 1699 pwuiteutiam
3253 1631 3482 1697 quisque
3516 1631 3631 1679 vul-

2072 1740 2261 1776 uerum
2293 1739 2512 1777 suorum
2544 1724 2880 1774 sanationem
2913 1723 3181 1788 acquirat,
3215 1737 3387 1786 putum
3408 1731 3630 1770 :eternze

2071 1826 2124 1869 et
2155 1816 2412 1884 gehennre
2437 1814 2543 1882 igni
2581 1814 2944 1876 deputabitur.
2978 1813 3124 1865 Sicut
3161 1813 3212 1862 in
3248 1812 3399 1864 silvis
3427 1810 3632 1873 aSpcris

2073 1918 2124 1960 et
2159 1907 2210 1958 in
2245 1905 2393 1958 rubis
2426 1905 2592 1956 latent
2645 1904 2768 1956 l'erze
2810 1913 2861 1954 et
2906 1903 3114 1968 rt-ptilia
3154 1913 3328 1963 terras,
3379 1902 3446 1952 ita
3479 1901 3630 1967 prin-

2072 2014 2196 2067 ceps
2230 1997 2353 2048 mali
2381 1996 2544 2047 draco
2570 1995 2670 2047 iste
2701 2009 2890 2061 magna
2918 2002 2967 2045 et
2998 1993 3247 2045 humanis
3278 1993 3443 2044 be~tia
3475 1991 3629 2056 juxta

2069 2089 2172 2145 Job
2205 2089 2271 2151 ",
2306 2088 2408 2141 sub
2437 2086 2691 2139 omnibus
2726 2086 3018 2150 voluptatis
3064 2085 3348 2138 arboribus
3389 2085 3627 2142 habitat,

2073 2192 2189 2250 pOsI
2226 2182 2399 2250 ipsum
2430 2189 2629 2235 autem.
2661 2178 2754 2236 ait,
2784 2177 2949 2230 currit
2981 2177 3227 2244 perditio.
3251 2176 3419 2242 Cujus
3453 2179 3630 2243 perdi—

2076 2277 2239 2328 tionis
2282 2290 2376 2327 vos
2426 2287 2615 2326 omnes
2654 2285 2773 2323 esse
2821 2279 3068 2336 expertes
3104 2269 3346 2335 cupiens,
3399 2279 3453 2321 et
3499 2269 3628 2320 nihil

2077 2367 2354 2426 omitteus,
2392 2365 2530 2416 insto
2560 2377 2654 2430 pro
2685 2362 2837 2413 vobis
2869 2401 2880 2417 .
2920 2358 3116 2412 fratres
3143 2400 3154 2419 ,
3189 2360 3239 2409 in
3281 2359 3440 2410 verbo
3478 2368 3530 2410 rt
3580 2359 3628 2409 in

2077 2458 2320 2511 doctrina
2355 2456 2649 2521 spirituali,
2684 2453 2928 2521 quotidie
2961 2453 3179 2519 quidem
3232 2451 3296 2502 iis
3343 2465 3462 2517 qua:
3495 2465 3630 2517 pra-.-

2077 2560 2256 2602 sentes
2285 2558 2430 2610 sunt,
2463 2557 2515 2601 et
2549 2547 2600 2598 iu
2634 2545 2858 2598 ecclesia
2892 2546 3144 2597 omnibus
3187 2553 3340 2609 prout
3385 2541 3631 2594 concedit

2075 2651 2320 2708 tempus;
2369 2640 2481 2707 ipsa
2517 2638 2660 2690 enim
2697 2638 2847 2689 lucos
2884 2638 3055 2687 malos
3089 2642 3297 2687 resecat
3327 2673 3340 2697 ,
3388 2643 3632 2699 peccatu-

2073 2746 2192 2782 rum
2235 2730 2372 2782 altas
2404 2727 2636 2780 extrahit
2671 2725 2900 2784 radices,
2931 2723 3179 2777 stimulos
3222 2724 3439 2774 malitiae
3471 2722 3632 2774 hebe-

2078 2831 2172 2882 Iat,
2202 2820 2267 2873 de
2295 2823 2531 2874 drac0ue
2564 2819 2687 2872 mali
2736 2817 2981 2885 principe
3018 2816 3341 2882 triumphat,
3371 2816 3513 2868 viam
3551 2830 3631 2867 re-

2074 2921 2214 2965 ctam
2249 2910 2442 2979 apcrit,
2469 2920 2520 2961 et
2551 2908 2914 2976 cognitionem
2945 2907 3132 2960 tribuit
3165 2911 3477 2958 salutarem.

424 3015 521 3068 ραν
550 3001 645 3068 μὲν
675 3003 785 3062 τοῖς
810 3001 1146 3068 προσιοῦσιν,
1176 3002 1263 3055 ἐπ’
1301 3003 1600 3071 ἐκκλησίας
1635 3003 1692 3055 δὲ
1754 3005 1847 3055 καὶ
1915 3006 2065 3073 κοινῇ
2114 3004 2245 3071 πρὸς
2317 3004 2545 3063 πάντας,
2614 3000 2708 3051 τοῦ
2758 2998 2952 3067 καιροῦ
3013 2998 3279 3058 διδόντος·
3338 2995 3478 3062 αῦτη
3525 2995 3633 3060 γὰρ

423 3091 669 3158 ὑλοτομεῖ
699 3091 764 3142 τὰ
803 3091 937 3160 ἄλση
967 3092 1031 3144 τὰ
1059 3094 1289 3162 πονηρὰ,
1329 3095 1423 3147 καὶ
1468 3094 1827 3164 ἀναμοχλεύει
1863 3095 1970 3146 τῶν
2011 3095 2419 3162 ἁμαρτημάτων
2451 3091 2516 3144 τὰ
2583 3091 2742 3158 βάθη,

2823 3092 2917 3142 καὶ
2970 3088 3236 3157 ἀμϐλύνει
3281 3087 3381 3155 τῆς
3437 3089 3636 3152 κακίας

422 3186 489 3233 τὰ
514 3183 728 3253 κέντρα,
763 3185 854 3235 καὶ
883 3183 1313 3254 θριαμϐεύειτδν
1344 3189 1649 3257 ἀρχέκακον
1672 3190 1960 3257 δράκοντα,
2001 3190 2092 3239 καὶ
2128 3189 2352 3256 φανεροῖ
2383 3186 2476 3256 τὴν
2508 3185 2721 3250 ἀπλανῆ
2802 3183 3009 3251 τρίϐον,
3075 3183 3169 3234 καὶ
3205 3183 3437 3251 παρέχει
3496 3182 3633 3247 γνῶ-

426 3294 511 3329 σιν
550 3280 837 3347 σωτήριον.

503 3372 656 3422 Ἐπεὶ
681 3371 734 3423 δὲ
761 3372 793 3439 ἡ
819 3368 910 3422 τοῦ
939 3370 1171 3438 Χριστοῦ
1212 3370 1524 3441 Ἐκκλησία,
1552 3373 1644 3423 καὶ
1677 3373 1909 3441 μάλιστα
1937 3374 1970 3441 ἡ
1999 3377 2040 3432 C
2141 3371 2258 3425 Cun

1877 3390 1909 3424 α
1937 3374 1970 3441 ἡ
1999 3377 2040 3432 C
2141 3371 2276 3425 Cum
2335 3370 2499 3438 igitur
2539 3365 2740 3420 Christi
2793 3365 3029 3417 Ecclesia
3079 3379 3138 3414 ea
3176 3364 3467 3430 praesertim
3514 3379 3632 3429 qum

425 3461 562 3513 κατὰ
590 3460 686 3528 τὴν
718 3461 1077 3528 μεγαλόπολιν
1120 3462 1340 3530 ταύτην,
1403 3465 1501 3513 οὐκ
1551 3462 1764 3524 ίδιώτας
1812 3465 1970 3532 μόνον

427 3547 556 3613 ἔχει,
588 3547 832 3598 ἀλλὰκαὶ
863 3549 1081 3614 σοφοὺς,
1107 3551 1172 3616 τῇ
1201 3566 1261 3600 τε
1310 3550 1469 3615 φύσει
1515 3551 1607 3601 καλ⁵
1654 3555 1718 3620 τῇ
1775 3553 1972 3623 μελέτῃ

425 3639 533 3690 τῶν
584 3639 688 3700 ἔξω
731 3655 785 3689 τε
829 3642 923 3691 καὶ
965 3638 1072 3689 τῶν
1127 3641 1246 3691 καθ’
1299 3643 1446 3708 ἡμᾶς
1486 3642 1974 3710 μαθημάτωνοδιά

426 3730 583 3783 τοῦτο
605 3731 702 3781 οὐκ
730 3731 821 3780 ἐπὶ
873 3730 1030 3792 πολὺ,
1065 3731 1185 3783 οὐδὲ
1234 3732 1353 3782 λίαν
1397 3733 1670 3802 ἰδιωτικὴν
1713 3733 1974 3802 ποιοῦμαι

426 3821 523 3889 τὴν
557 3821 789 3889 ὁμιλίαν,
819 3821 1016 3888 μᾶλλον
1041 3820 1358 3889 βουλόμενος
1406 3824 1628 3892 ἀνάγειν
1678 3825 1800 3886 τοὺς
1845 3825 1976 3893 χθα-

433 3913 796 3980 μαλωτέρους,
827 3911 858 3980 ἢ
884 3913 1142 3977 κατάγειν
1175 3912 1261 3964 διὰ
1301 3914 1518 3975 τούτους
1541 3917 1633 3967 καὶ
1669 3918 1791 3976 τοὺς
1843 3917 1978 3985 ὑψη-

429 4002 697 4070 λοτέρους.
741 4001 800 4050 ὐ
828 4001 884 4052 δὲ
921 4002 1202 4070 προσέχων
1233 4004 1554 4056 καδιάκούων
1601 4006 1696 4072 τῆς
1725 4007 1977 4060 διδασκα-

430 4093 545 4153 λίας
577 4090 869 4158 ἐπιμελῶς,
900 4091 1001 4142 κᾶν
1042 4091 1254 4160 ίδιώτης
1291 4089 1349 4166 ᾗ,
1391 4095 1452 4146 οὐ
1499 4096 1672 4164 πάντη
1720 4098 1977 4163 ἀγνοῂσει

429 4181 496 4232 τά
517 4180 800 4248 λεγόμενα,
838 4181 993 4249 185
1018 4184 1109 4233 καὶ
1143 4183 1278 4249 ὅπερ
1299 4183 1363 4235 ἂν
1389 4184 1588 4255 δυνηθῇ
1651 4187 1978 4253 καταλαϐεῖν

431 4271 523 4323 καὶ
561 4275 849 4338 κατασχεῖν
881 4274 972 4323 καὶ
997 4275 1074 4332 είς
1104 4273 1260 4341 ἔργον
1287 4275 1532 4341 ἀγαγεῖν,
1566 4278 1667 4329 κᾶν
1693 4278 1812 4330 λίαν
1867 4280 1979 4331 ὀλί-

431 4378 524 4428 γον
556 4356 609 4432 ᾗ,
643 4361 968 4428 φυγαδεύσει
999 4363 1095 4430 μὲν
1126 4365 1188 4414 ὲκ
1239 4366 1331 4432 τῆς
1371 4367 1535 4419 αὑτοῦ
1580 4367 1758 4436 ψυχῆς
1800 4373 1979 4422 πᾶσαν

431 4454 647 4518 κακίαν,
672 4451 1037 4521 αὖξηθήσεται
1091 4454 1147 4507 δὲ
1192 4459 1283 4509 καὶ
1334 4457 1611 4527 πληρώσει
1665 4459 1759 4511 καὶ
1817 4462 1978 4514 σώσει

429 4545 526 4613 τὴν
554 4543 853 4610 δεξαμένην
884 4543 1015 4596 αὐτὸ
1047 4544 1290 4614 καρδίαν.
1342 4547 1429 4608 ’ος
1481 4549 1587 4616 γὰρ
1633 4551 1694 4602 ὲκ
1721 4551 1820 4618 τῆς
1861 4551 1980 4604 θεο..

431 4634 693 4685 πνεύστου
728 4633 945 4701 Γραφῆς
995 4634 1276 4702 ὑπάρχων,
1335 4635 1672 4705 ἐξομοιοῦται
1723 4641 1800 4709 τῷ
1849 4642 1976 4710 λίθῳ

2076 3469 2214 3520 hanc
2245 3477 2493 3529 magnam
2524 3459 2710 3511 urbem
2745 3455 3171 3522 eotnprehendit,
3196 3469 3302 3507 non
3329 3455 3487 3506 rudes
3511 3467 3622 3506 tau-

2076 3572 2214 3623 tum,
2246 3558 2337 3611 sed
2372 3567 2425 3609 et
2461 3554 2732 3621 sapientes
2761 3552 2958 3603 habeat
2994 3558 3100 3601 tam
3134 3565 3197 3601 ex
3245 3557 3436 3600 natura
3468 3565 3629 3616 quam

2074 3668 2136 3705 ex
2173 3647 2518 3702 meditatione
2554 3644 2844 3704 doctrinm,
2878 3642 2991 3694 sive
3023 3656 3051 3692 a
3083 3639 3236 3693 nobis
3271 3641 3383 3692 sive
3419 3640 3633 3692 aliunde

2069 3758 2192 3795 eam
2242 3737 2568 3807 acceperint,
2617 3735 2736 3787 ideo
2781 3748 2885 3786 non
2924 3729 3076 3785 valde
3109 3746 3205 3784 nec
3254 3731 3412 3783 nimis
3445 3733 3632 3783 rudem

2077 3834 2307 3888 facimus
2337 3830 2663 3885 orationem.
2697 3842 2816 3880 eum
2854 3825 3024 3892 magis
3053 3823 3278 3876 velimus
3301 3832 3503 3876 tuentes
3531 3824 3621 3875 eri-

2080 3940 2203 3992 gere
2235 3921 2570 3980 humiliores,
2601 3933 2760 3985 quam
2799 3925 3012 3984 propter
3043 3929 3131 3968 eas
3157 3915 3497 3968 sublimiores
3534 3914 3629 3967 de-

2079 4014 2334 4082 primere.
2368 4010 2471 4074 Qui
2503 4019 2682 4062 autem
2719 4007 2946 4059 attendit
2975 4015 3026 4058 et
3069 4005 3311 4057 studiose
3351 4004 3494 4055 audit
3535 4005 3637 4055 do-

2079 4103 2330 4161 ctriuam,
2356 4100 2453 4153 etsi
2486 4101 2633 4152 rudis
2661 4100 2749 4159 sit,
2784 4113 2888 4149 non
2922 4095 3141 4148 omnino
3169 4095 3309 4148 dicta
3343 4110 3444 4147 non
3478 4094 3635 4147 intel-

2081 4193 2227 4260 liget,
2274 4200 2326 4244 et
2363 4189 2503 4257 quod
2537 4189 2772 4256 poluerit
2803 4186 3257 4253 comprehendere
3302 4193 3354 4237 et
3401 4187 3633 4237 retinere

2081 4295 2244 4352 atque
2275 4283 2339 4334 ad
2373 4296 2507 4347 opus
2525 4280 2811 4340 adducere,
2844 4277 3054 4329 etiamsi
3086 4275 3375 4329 admodum
3400 4276 3467 4328 sit
3493 4276 3629 4338 leve,

2082 4375 2288 4444 l'ugabit
2328 4386 2544 4425 omnem
2597 4369 2857 4420 malitiam
2913 4367 2979 4419 ab
3015 4367 3134 4432 ejus
3167 4367 3370 4428 anima,
3418 4365 3635 4434 augebit

2080 4467 2240 4519 etiam
2266 4475 2426 4531 atque
2452 4461 2691 4529 implebit
2715 4468 2765 4512 et
2791 4460 3021 4511 salrabit
3053 4471 3145 4510 cor
3171 4473 3197 4509 a
3225 4473 3332 4523 quo
3360 4468 3635 4525 receptum

2083 4555 2261 4608 fuerit.
2294 4553 2423 4606 Nam
2458 4563 2515 4604 ut
2549 4550 2823 4617 Scriptura
2860 4560 2981 4602 utar
3029 4547 3133 4602 Deo
3179 4549 3475 4617 inspirante
3507 4564 3636 4600 exa-

2085 4648 2584 4710 rata,comparatur
2619 4639 2693 4691 illi
2725 4637 2909 4704 lapidi,
2940 4651 3103 4704 quem
3137 4636 3272 4688 dixit
3303 4634 3506 4698 Daniel,
3543 4635 3638 4702 qui

430 4723 644 4791 susino),
681 4723 738 4773 ὃν
767 4722 947 4788 ἔλεγεν
968 4723 995 4773 ὀ
1025 4724 1241 4792 Δανιὴλ,
1279 4727 1358 4777 ὅτι
1391 4704 1614 4796 ἐκινήθη
1662 4704 1782 4782 ἀπὸ-
1817 4704 1977 4800 ὅρους
2006 4704 2058 4763 D
2083 4736 2185 4789 ειη.

1883 4750 1977 4795 ους
2006 4704 2058 4763 D
2083 4736 2359 4789 abscissus
2409 4739 2490 4786 est
2541 4746 2568 4783 a
2608 4740 2786 4783 monte
2819 4728 2976 4782 valde
3006 4742 3223 4794 parvus.
3278 4737 3329 4779 et
3379 4741 3636 4793 percussa

428 4813 606 4877 ὀλίγος
639 4815 801 4872 πάνυ,
829 4815 922 4866 καὶ
944 4815 1187 4878 πατάξας
1223 4817 1321 4884 τὴν
1369 4820 1549 4872 εἰκόνα
1600 4821 1706 4872 τῶν
1765 4826 1976 4894 παραρ-

430 4905 660 4973 ῥεόντων
707 4905 909 4956 τούτων
954 4903 1210 4957 ὲλέπτυνε
1249 4909 1340 4959 καὶ
1381 4910 1645 4973 διέλυσεν,
1707 4914 1866 4977 αὐτὸς
1921 4917 1978 4967 δὲ

430 4993 749 5055 πλατυνθεὶς
773 4996 1055 5064 ἐπλήρωσε
1084 4999 1262 5049 πᾶσαν
1301 5000 1397 5067 τὴν
1432 5001 1552 5070 γῆν.
1605 5002 1716 5054 Νῦν
1774 5004 1827 5055 δὲ
1871 5005 1978 5072 μά-

429 5084 580 5136 λιστα
609 5087 888 5155 προσέχειν
927 5087 1224 5152 ἀναγκαῖον
1252 5093 1362 5152 τοῖς
1399 5090 1710 5160 λεγομένοις
1737 5097 1827 5151 τὸν
1855 5097 1977 5150 νοῦν

427 5170 486 5220 οὐ
508 5171 626 5230 τοὺς
658 5171 866 5234 ίοιώτας
915 5175 1093 5241 μόνον,
1149 5176 1281 5228 ἀλλά
1323 5181 1414 5230 καὶ
1465 5182 1590 5243 τοὺς
1651 5184 1877 5251 σοφούς·
1929 5189 1976 5239 εί

426 5260 534 5329 γὰρ
559 5261 649 5313 καὶ
676 5263 993 5330 συνέρχεταί
1043 5283 1158 5327 πως
1201 5271 1311 5330 τοῖς
1352 5269 1586 5335 ἰδιώταις
1642 5274 1720 5344 τῷ
1761 5276 1902 5346 λόγῳ
1946 5280 1977 5347 ὴ

426 5350 628 5418 ὁμιλία,
656 5351 791 5404 ἀλλά
814 5354 906 5405 καὶ
928 5356 1023 5422 τὴν
1053 5356 1251 5421 γνῶσιν
1277 5359 1336 5409 οὺ
1370 5363 1702 5432 χαμαίζηλον
1731 5367 1860 5436 ἔχει,
1891 5371 1980 5420 οὖ-

426 5440 482 5492 δὶ
507 5442 603 5508 τὴν
645 5442 910 5512 ὠφέλειαν
953 5447 1201 5514 ἀμυδράν
1232 5466 1244 5479 ·
1287 5452 1355 5503 τὰ
1396 5455 1516 5522 ’γὰρ
1574 5459 1781 5526 πονηρά
1832 5461 1977 5529 πάθη

427 5532 518 5582 καὶ¹
549 5532 639 5594 τὰς
669 5533 865 5600 ἀρετάς
890 5536 1017 5603 ύμῖν
1050 5538 1337 5605 ὑποδείξω,
1372 5546 1466 5596 καὶ
1495 5546 1663 5615 αὐτὴν
1702 5550 1979 5618 ἑκατέρων

427 5623 527 5690 τὴν
554 5625 707 5691 ῥίζαν
730 5625 1094 5696 ἀνακαλύψας,
1124 5632 1181 5682 οὐ
1243 5633 1342 5702 τὴν
1400 5635 1568 5708 αὐτὴν
1609 5637 1794 5708 οὖσαν,
1846 5642 1979 5695 ἀλλά

506 5802 547 5835 ⁸³
579 5801 676 5855 Job
713 5820 796 5866 XL,
835 5805 850 5856 l
893 5823 1018 5874 seq;
1116 5808 1156 5838 ³³
1187 5809 1314 5864 Dan.
1348 5827 1406 5874 tt,
1432 5812 1520 5864 55.

2081 4830 2270 4881 horum
2304 4824 2699 4878 transeuntium
2733 4829 2931 4884 statua,
2962 4834 3077 4873 eam
3112 4819 3428 4872 comminuit
3457 4827 3510 4871 et
3533 4820 3638 4872 δοίη

2082 4919 2177 4979 vit,
2231 4916 2344 4982 ipse
2391 4927 2516 4966 vero
2561 4912 2821 4964 adauctus
2874 4911 3118 4978 implevit
3160 4911 3471 4961 universam
3525 4919 3638 4961 ter-

2088 5021 2197 5060 ram
2236 5005 2302 5053 ’³.
2355 5002 2507 5055 Nunc
2560 5008 2732 5051 autem
2791 4999 2842 5050 in
2899 4999 3083 5064 primis
3141 5006 3220 5050 est
3271 4999 3639 5050 necessarium

2085 5101 2313 5147 mentem
2348 5090 2508 5144 dictis
2537 5088 2837 5148 intendere,
2866 5085 3009 5153 quod
3039 5103 3146 5140 non
3172 5087 3398 5139 rudibus
3430 5097 3638 5142 tantum

2083 5188 2225 5247 dico,
2267 5185 2358 5238 sed
2387 5193 2440 5236 et
2471 5181 2840 5250 sapientibus;
2870 5193 2991 5231 nam
3030 5180 3154 5232 licet
3197 5180 3378 5233 verbis
3420 5181 3640 5236 homilia

2084 5276 2420 5344 simplicibus
2450 5274 2752 5335 conveniat,
2776 5286 2994 5324 sensum
3027 5280 3202 5325 tamen
3247 5288 3350 5325 non
3384 5274 3638 5325 humilem

2088 5366 2268 5426 habet,
2301 5378 2475 5432 neque
2503 5362 2670 5415 levem
2718 5363 3025 5415 utilitatem.
3058 5361 3188 5413 Nam
3219 5376 3409 5429 pravas
3440 5364 3642 5427 passim

2088 5473 2181 5512 nes
2218 5456 2495 5511 ostrudam
2524 5455 2674 5508 vobis
2722 5464 2883 5520 atque
2928 5455 3176 5513 virtutes,
3208 5461 3261 5505 et
3313 5452 3425 5519 ipsa
3451 5467 3639 5504 earum

2087 5551 2317 5603 revi-lata
2352 5549 2551 5612 radice,
2586 5563 2691 5600 non
2723 5547 2969 5600 eamdem
3009 5547 3145 5599 hanc
3178 5561 3296 5598 esse
3341 5546 3432 5599 sed
3467 5546 3642 5597 diver-

2086 5657 2198 5697 sam
2230 5642 2561 5702 monstrabo.
2595 5649 2652 5692 ut
2684 5639 2845 5691 aliam
2881 5638 3097 5706 quidem
3134 5637 3444 5702 amputctis,
3480 5637 3638 5689 aliam
