4444 6450
387 398 490 463 417

1674 397 1998 456 ΠΟΜΠᾸᾹ
2043 402 2319 460 XXXill.

3498 418 3597 498 418

385 511 607 575 γοῦντος
631 509 690 562 ἐν
719 511 869 580 ἡμῖν,
901 512 1144 583 ἁμαρτία
1175 514 1284 566 πᾶν
1305 510 1364 563 τὸ
1395 510 1521 577 παρ’
1547 511 1702 579 ἡμῶν
1724 512 1940 579 γινόμε-
1967 522 2014 578 Α
2042 526 2140 578 quo

1847 514 2182 579 με-Αηιιοιί
2236 528 2262 565 a
2336 518 2491 571 nobis
2532 519 2779 574 emi-itur.
2845 522 2970 577 Ideo
3037 525 3297 579 Dominus
3361 528 3494 583 dixit
3550 536 3598 586 iu

388 616 495 652 νον.
531 602 621 652 Διὸ
650 603 740 653 καὶ
772 604 800 654 6
827 603 1029 671 Κύριος
1059 605 1116 654 ἐν
1147 604 1223 670 τῷ
1255 602 1567 671 Εὐαγγελίῳ
1596 603 1779 668 φησὶν,
1814 603 1894 655 ὅτι
1922 618 1936 632 ο

397 708 416 741 ι
452 693 634 760 Χωρὶς
661 693 794 761 ἐμοῦ
825 695 884 744 ού
917 694 1143 746 δύνασθε
1168 695 1340 746 ποιεῖν
1374 694 1549 747 οὐδέν.
1584 712 1602 744 ι
1639 693 1749 744 Καὶ
1783 694 1938 746 τοῦτο

386 780 741 845 γινώσκοντες
775 786 822 835 oi
848 784 923 846 ὡς
953 783 1166 852 ἀληθῶς
1193 781 1551 851 ἐργαζόμενοι
1586 786 1684 844 τὰς
1716 785 1936 852 ἀρετὰς,

383 870 470 920 ἐπ’
495 871 668 923 οὐδενὶ
697 873 1013 943 ἐπαίρονται
1046 874 1455 944 κατορθώματι,
1481 873 1614 926 ἀλλὰ
1647 874 1935 926 ταπεινού-

386 977 536 1028 μενοι
585 963 866 1026 δοξάζουσι
897 955 989 1017 τδν
1021 966 1177 1025 Θεὸν,
1206 967 1304 1036 τῆν
1347 965 1528 1034 πηγὴν
1559 966 1668 1017 τῶν
1705 966 1935 1035 ἀρετῶν,

379 1053 438 1115 ἐξ
473 1048 538 1122 ἧς
583 1057 961 1121 ὰγαθοδότιδος
1001 1058 1179 1124 αὐγῆς
1233 1057 1589 1126 πληροῦνται.
1648 1058 1736 1118 Ὠς
1774 1058 1880 1125 γὰρ
1909 1058 1938 1108 6

381 1145 488 1213 ἀὴρ
520 1147 576 1208 ἐξ
611 1146 760 1214 ἡλίου
801 1149 1177 1218 πληρούμενος
1213 1150 1412 1216 φωτὸς,
1460 1149 1520 1200 οὐ
1551 1149 1673 1216 ,τὴν
1718 1147 1933 1211 ἑαυτοῦ,

378 1237 519 1289 ἀλλὰ
540 1240 638 1305 τὴν
666 1241 818 1309 ἡλίου
845 1241 1003 1305 δόξαν
1033 1259 1091 1293 τε
1132 1242 1228 1295 καὶ
1267 1242 1626 1311 λαμπρότητα
1667 1241 1936 1292 δείκνυσιν

376 1328 529 1395 ἡμῖν,
553 1328 723 1391 οῦτως
758 1332 807 1382 οί
838 1331 926 1383 διὰ
953 1333 1058 1399 τῆς
1087 1332 1194 1384 τῶν
1236 1332 1396 1384 θείων
1422 1330 1648 1383 ἐντολῶν
1675 1330 1935 1396 ἐργασίας

378 1419 735 1485 συναφθέντες
770 1421 845 1488 τῷ
877 1421 995 1491 Θεῷ
1049 1423 1248 1476 εὐωδία
1280 1421 1514 1490 Χριστοῦ
1551 1420 1688 1473 κατὰ
1724 1420 1934 1472 Παῦλόν

373 1510 499 1572 είσι,
559 1511 650 1562 καὶ
706 1513 878 1580 ὀσμὴν
922 1511 1155 1581 Χριστοῦ
1206 1512 1409 1581 ἔχουσι,
1467 1511 1560 1564 καὶ
1605 1511 1703 1573 τὰς
1735 1511 1933 1580 ἀρετὰς

374 1601 798 1668 καταγγέλλουσι
833 1620 926 1655 του
964 1605 1023 1654 ὲκ
1084 1606 1309 1665 σκότους
1357 1603 1681 1664 καλέσαντος
1737 1601 1932 1661 αὐτοὺς

378 1691 458 1751 είς
493 1691 552 1742 τὸ
591 1693 901 1758 θαυμαστὸν
931 1692 1094 1744 αὑτοῦ
1127 1694 1260 1760 φῶς.

442 1776 597 1830 Οὕτω
633 1780 728 1846 μὲν
762 1777 854 1831 οὖν
889 1781 975 1830 διὰ
1015 1780 1112 1848 τῆς
1160 1781 1538 1848 πνευματικῆς
1581 1779 1930 1839 διδασκαλίας

2049 600 2334 672 Evangelia
2393 628 2405 660 ;
2468 628 2487 658 ι
2532 608 2658 664 Sine
2713 628 2796 665 me
2846 615 2919 666 nil
2978 619 3204 682 potestis
3265 618 3442 673 facere
3478 621 3517 675 ³.
3584 643 3599 671 ι

2043 691 2194 757 Quod
2249 711 2352 748 nOn
2407 698 2716 765 ignorantes
2760 703 2850 768 qui
2895 717 3020 755 vero
3049 706 3298 757 virtutem
3329 709 3510 760 colunt
3538 710 3602 761 de

2042 786 2189 837 nullo
2253 790 2577 854 snperbiunt
2631 792 2842 848 virtutis
2893 805 3056 857 actu,
3108 799 3198 850 sed
3252 813 3374 850 cum
3431 801 3588 853 linun-

2042 871 2184 925 litate
2225 874 2388 928 Deum
2438 879 2739 939 glorificant
2789 885 3047 936 virtutmn
3091 885 3289 938 fontem
3329 902 3437 953 quo
3485 889 3600 940 lucc

2041 963 2265 1019 hcuilica
2300 968 2609 1036 implentur.
2665 973 2796 1026 Nam
2831 977 3288 1042 quemadmodum
3345 993 3437 1030 aer
3470 982 3600 1032 solis

2041 1055 2242 1109 lumine
2278 1059 2547 1126 repletus,
2585 1079 2692 1115 non
2742 1080 2920 1130 suam,
2967 1070 3057 1120 sed
3092 1070 3220 1121 solis
3267 1071 3490 1137 gloriam
3546 1083 3598 1123 ct

2038 1148 2388 1201 radiationem
2427 1154 2581 1205 nobis
2616 1156 2945 1220 manifestat,
2975 1158 3044 1210 ita
3078 1162 3166 1226 qui
3201 1177 3292 1226 per
3321 1165 3598 1216 executio-

2038 1251 2160 1290 nem
2188 1241 2560 1296 mandatorum
2585 1245 2697 1307 Dei,
2725 1248 2850 1302 huic
2871 1252 3040 1317 juncti
3078 1261 3225 1317 sunt,
3263 1256 3437 1309 bonus
3470 1266 3596 1308 sunt

2037 1329 2170 1382 odor
2196 1330 2397 1384 Christi
2435 1338 2733 1390 secundum
2763 1340 2987 1394 Paulum
3018 1343 3071 1405 ‘,
3103 1357 3156 1397 et
3183 1346 3400 1398 odorem
3431 1347 3594 1398 Chri-

2036 1418 2100 1470 sti
2137 1420 2353 1486 habent,
2391 1433 2444 1476 et
2473 1425 2696 1480 virtutes
2736 1429 3018 1484 imitantur
3069 1436 3214 1490 illius
3256 1439 3348 1505 qui
3384 1453 3413 1490 e
3446 1449 3595 1492 tene-

2036 1507 2146 1562 bris
2176 1525 2267 1564 eos
2297 1512 2349 1565 in
2382 1514 2697 1573 admirabile
2725 1521 2905 1576 lumen
2942 1539 3098 1579 suum
3132 1532 3401 1584 exocavit.

2102 1779 2174 1832 lla
2211 1796 2339 1849 ergo
2366 1797 2459 1850 per
2494 1786 2785 1853 spiritalem
2820 1791 3123 1847 doctrinam
3158 1795 3461 1853 futurorum
3499 1818 3591 1854 co-

374 1867 405 1935 ἡ
439 1872 545 1919 τῶν
579 1869 877 1935 μελλόντων
911 1869 1202 1935 ἐπίγνωσις
1224 1872 1355 1940 ἡμῖν
1378 1872 1671 1938 ἐγγίνεται,
1709 1875 1800 1923 καὶ
1835 1871 1922 1923 διὰ
1960 1852 1998 1903 Β
2027 1870 2129 1934 gnil

1835 1871 1922 1923 διὰ
1960 1852 1998 1903 Β
2027 1870 2196 1934 gnitio
2211 1870 2367 1923 nobis
2391 1852 2723 1940 supervenit,
2743 1885 2794 1928 et
2814 1893 2904 1943 per
2923 1895 3106 1933 verum
3136 1883 3588 1950 cujuslibetamo-

371 1959 469 2025 τῆς
509 1961 642 2026 πρὸς
681 1964 778 2028 τὴν
805 1963 1012 2014 οἰκείαν
1044 1963 1273 2037 ἑκάστου
1301 1962 1475 2030 ψυχὴν
1505 1962 1759 2031 ἀληθινῆς
1791 1965 1924 2030 ἀγά-

371 2068 476 2114 πης
508 2051 536 2100 ὁ
565 2050 729 2116 φόϐος
761 2052 852 2103 καὶ
890 2054 916 2104 6
945 2051 1106 2114 πόθος
1160 2053 1362 2106 τούτων
1398 2057 1506 2114 τοῖς
1550 2058 1760 2117 πιστοῖς
1788 2058 1921 2125 ἡμῖν

363 2145 734 2210 προσγίνεται,
762 2144 854 2195 καὶ
885 2144 950 2196 δι’
977 2145 1158 2199 αὐτῶν
1190 2147 1222 2214 ἡ
1253 2146 1387 2215 πρὸς
1415 2146 1506 2197 τὸν
1537 2146 1667 2198 Θεὸν
1691 2148 1914 2217 ἐκτενὴς

375 2239 456 2283 ut
493 2234 717 2304 συνεχὴς
753 2237 1032 2306 προσευλὴ
1075 2237 1168 2290 καὶ
1199 2237 1401 2304 δέησις,
1440 2239 1531 2290 καὶ
1563 2239 1650 2292 διὰ
1696 2240 1793 2306 τῆς
1831 2257 1921 2290 συ-

361 2322 547 2391 νεχοῦς
581 2327 928 2395 προσευχῆςὴ
953 2327 1086 2393 πρὸς
1112 2328 1273 2378 αὑτὸν
1303 2329 1487 2397 ἀγάπη
1515 2330 1608 2380 καὶ
1631 2330 1916 2397 συνάφεια,

358 2413 454 2462 καὶ
484 2414 569 2466 διὰ
611 2416 712 2481 τῆς
750 2417 1042 2482 συναφείας
1074 2417 1276 2486 ταύτης
1322 2421 1473 2471 πᾶσα
1505 2419 1672 2489 ἁρετὴ
1722 2422 1916 2485 γεννᾶ-

359 2518 470 2561 ται,
516 2507 931 2573 συνεπαγομένη
982 2507 1078 2576 τὴν
1131 2507 1487 2573 ταπείνωσιν,
1519 2513 1583 2580 τῇ
1622 2512 1913 2576 ἐπιγνώσει

358 2591 452 2642 τοῦ
478 2594 535 2642 ὲν
568 2594 698 2661 ἡμῖν
730 2595 1001 2657 τίκτοντος
1033 2598 1130 2659 τὰς
1183 2599 1404 2663 ἀρετάς.
1464 2601 1582 2661 Πῶς
1608 2601 1664 2652 δὲ
1695 2605 1788 2655 καὶ
1823 2602 1914 2654 διὰ

354 2683 451 2750 τῆς
485 2684 579 2734 τοῦ
625 2683 876 2750 σώματος
906 2688 1123 2757 ἀγάπης
1151 2691 1182 2757 ἡ
1227 2691 1364 2758 πρὸς
1408 2691 1499 2742 τὸν
1531 2692 1730 2759 κόσμον
1761 2695 1908 2762 γίνεο-

353 2789 440 2823 ται
476 2773 648 2841 φιλία,
703 2778 796 2826 καὶ
853 2776 940 2827 διὰ
989 2779 1085 2844 τῆς
1134 2779 1316 2847 φιλίας
1364 2781 1566 2850 ταύτης
1597 2785 1663 2835 τὰ
1697 2786 1908 2855 πονηρὰ

353 2863 523 2932 πάθη,
573 2867 666 2917 καὶ
701 2866 735 2934 ἡ
785 2865 997 2936 πληθὺς
1047 2869 1156 2920 τῶν
1209 2872 1619 2940 ἁμαρτημάτων
1670 2875 1903 2944 φύεταις

355 2952 455 3002 Ὠσ
470 2971 564 3022 περ
600 2955 632 3024 ἡ
663 2955 806 3027 ψυχὴ
836 2958 936 3025 τῆς
962 2958 1260 3026 μελλούσης
1295 2963 1481 3031 ἡδονῆς
1529 2965 1740 3031 ἐφίεται
1783 2969 1904 3020 καθ’

351 3042 725 3111 ἑαυτὴν,οὖτω
746 3049 805 3099 τὸ
833 3049 990 3116 σῶμα
1012 3051 1111 3117 τῆς
1124 3053 1401 3120 παρούσης
1433 3057 1524 3107 καὶ
1560 3059 1905 3128 παραρρεού-

2026 1974 2136 2011 rem
2174 1975 2298 2029 erga
2335 1963 2570 2015 animam
2602 1982 2776 2030 suam,
2816 1969 3028 2022 illorum
3071 1983 3242 2025 metus
3273 1984 3325 2026 et
3374 1976 3587 2029 deside-

2023 2052 2162 2103 rium
2223 2054 2378 2105 uohis
2433 2058 2780 2112 credentibus
2829 2066 3174 2128 supervenit,
3222 2075 3275 2118 et
3333 2082 3425 2134 per
3483 2070 3584 2122 ista

2022 2141 2238 2194 assidua
2271 2151 2324 2194 et
2356 2152 2558 2195 attenta
2591 2147 2656 2197 ad
2688 2147 2850 2199 Deum
2885 2151 3060 2201 oratio
3089 2159 3138 2202 et
3171 2152 3497 2215 obsecratio,
3531 2165 3587 2209 et

2021 2245 2116 2298 per
2133 2234 2440 2285 continuam
2467 2237 2905 2306 orationemerga
2930 2242 3176 2296 eumdem
3205 2258 3358 2296 amor
3377 2255 3429 2297 et
3454 2261 3584 2298 con-

2017 2323 2245 2389 jnnctio,
2285 2334 2338 2378 et
2370 2341 2463 2393 per
2492 2327 2643 2380 istam
2676 2330 3113 2398 conjunctionem
3147 2339 3324 2389 omnis
3355 2352 3583 2405 genera-

2020 2422 2108 2466 tur
2143 2415 2312 2469 virtus
2340 2434 2457 2485 quae
2508 2421 2869 2474 humilitatem
2907 2426 3200 2492 cognitioni
3237 2426 3352 2491 ejus
3399 2429 3490 2495 qui
3527 2430 3582 2484 in

2019 2507 2174 2561 nobis
2222 2511 2447 2562 virtutes
2480 2521 2732 2578 procreat
2780 2515 2985 2580 adjicit.
3030 2518 3134 2570 Sed
3165 2521 3439 2586 quomodo
3484 2538 3583 2590 prr-

2016 2611 2252 2650 amorem
2285 2603 2530 2667 corporis
2565 2605 2799 2672 gignitur
2824 2607 3007 2659 mundi
3037 2609 3350 2672 dilectio,et
3389 2628 3482 2681 per
3508 2616 3582 2668 is-

2018 2697 2123 2739 tam
2149 2689 2488 2745 dilectionem
2523 2708 2820 2749 nascuntur
2851 2703 3134 2766 passiones
3165 2704 3341 2764 malae,
3376 2714 3577 2773 etpec-

2012 2793 2254 2833 eatorum
2295 2784 2624 2839 multitudo?
2652 2790 3118 2853 Quemadmodum
3155 2797 3332 2847 anima
3383 2812 3476 2862 per
3519 2815 3577 2853 se

2010 2870 2073 2920 ad
2127 2869 2361 2925 futuram
2397 2877 2724 2943 voluptatem
2760 2881 2952 2944 tendit,
2987 2884 3056 2936 ita
3088 2899 3287 2952 corpus
3328 2889 3394 2939 ad
3431 2904 3571 2955 prae-

2009 2969 2211 3011 sentem
2253 2971 2307 3013 et
2343 2963 2775 3031 pereﬂluentem;
2832 2985 2993 3036 porro
3042 2973 3162 3026 talis
3205 2976 3453 3044 voluptas
3493 2990 3575 3033 cst

2009 3048 2282 3102 sensibilis
2319 3060 2374 3104 et
2403 3067 2496 3119 per
2528 3068 2722 3109 sensus
2757 3067 2971 3112 nostros
3009 3061 3319 3130 percipitur.
3358 3082 3570 3121 necnon

353 3152 453 3205 σης
475 3153 488 3167 ·
525 3138 638 3204 ἡδὲ
663 3141 888 3211 τοιαύτη
917 3142 1078 3211 ἡδονὴ
1111 3144 1340 3214 αἰσθητὴ
1398 3145 1456 3196 τέ
1502 3149 1636 3210 ἐστι,
1683 3150 1776 3202 καὶ
1817 3151 1903 3202 διὰ
1931 3172 1973 3229 C
2007 3153 2108 3191 exs

1817 3151 1903 3202 διὰ
1931 3172 1973 3229 C
2007 3153 2071 3191 ex
2092 3141 2436 3198 sensibilibus
2470 3148 2715 3209 pr0venit
2742 3165 2861 3216 qua:
2890 3153 3152 3206 mundum
3185 3159 3565 3223 constituunt;

350 3229 459 3280 τῶν
508 3231 796 3298 ἡμετέρων
829 3233 1134 3301 αἰσθήσεων
1190 3237 1510 3304 ἐνεργεῖται,
1541 3242 1634 3291 καὶ
1682 3243 1745 3294 ὲκ
1794 3247 1902 3296 τῶν

347 3316 621 3385 αἰσθητῶν
650 3323 1020 3387 προσγίνεται,
1049 3325 1083 3376 ἆ
1129 3325 1276 3377 ἐστιν
1306 3329 1332 3378 6
1370 3330 1566 3396 κόσμος
1589 3345 1602 3358 ⁸
1629 3331 1715 3383 διὰ
1744 3333 1901 3385 τοῦτο

347 3409 670 3477 φιλόκοσμος
700 3413 727 3462 6
758 3412 1149 3480 φιλοσώματος.
1185 3416 1276 3466 Ἐκ
1305 3416 1366 3483 δὴ
1392 3418 1487 3483 τῆς
1510 3420 1641 3487 πρὸς
1656 3421 1714 3471 τὸ
1742 3426 1899 3491 σςῖρμα

350 3499 532 3562 φιλίας
584 3500 784 3568 ταύτης
842 3504 1095 3572 ἀμέτρως
1148 3505 1242 3566 τας
1279 3507 1419 3558 κατά
1451 3508 1652 3576 κόσμον
1708 3513 1898 3581 ἡδονὰς

343 3587 633 3650 ποθοῦντες
664 3591 756 3640 καὶ
788 3591 1077 3654 διώκοντες
1133 3596 1226 3644 καὶ
1267 3597 1635 3664 περιέποντες,
1671 3603 1768 3668 τὴν
1803 3620 1898 3655 πο-

341 3675 618 3744 λύμορφον
651 3677 758 3728 τῶν
787 3679 974 3729 παθῶν
1009 3682 1225 3741 ἑαυτοῖς
1256 3683 1605 3751 περιτίθεμεν
1647 3687 1894 3756 ἀσχημο-

344 3766 530 3832 σύνην.
560 3763 711 3818 Ἐπεὶ
734 3769 843 3837 γὰρ
873 3771 902 3837 ἡ
935 3770 1071 3821 κατὰ
1095 3772 1292 3838 κόσμον
1320 3773 1477 3842 ἡδονὴ
1504 3775 1894 3845 διἸαίσθὴσεων

339 3861 668 3927 ἐνεργεῖται,
719 3861 927 3912 πολλῶν
973 3862 1146 3911 ούσῶν
1193 3863 1285 3913 καὶ
1313 3863 1582 3932 διαφόρων
1621 3867 1724 3918 τῶν
1760 3871 1893 3937 ἡμε-

341 3951 514 4016 τέρων
567 3953 888 4018 αἰσθήσεων,
937 3951 1128 4003 πολλαί
1176 3969 1234 4004 τε
1285 3957 1376 4006 καὶ
1425 3956 1673 4025 διάφοροι
1709 3963 1889 4013 καὶ”αί

340 4040 462 4092 κατ’
491 4041 658 4103 αὑτὰς
693 4042 893 4111 ἡδοναὶ,
925 4044 1017 4093 καὶ
1051 4043 1115 4094 τὰ
1144 4044 1282 4094 κατὰ
1308 4046 1508 4108 ταύτας
1547 4049 1689 4119 πάθη
1712 4067 1725 4081 ’
1758 4052 1888 4104 ἄλλα

340 4132 440 4200 μὲν
471 4133 576 4202 γὰρ
605 4133 867 4198 ὁράσεως,
892 4133 1061 4197 ἀκοῆς
1089 4133 1145 4185 δὲ
1196 4134 1350 4197 ἄλλα,
1388 4139 1479 4189 καὶ
1510 4138 1643 4190 ἄλλα
1680 4142 1774 4207 τῆς
1800 4142 1890 4192 ὀσ-

336 4226 614 4294 φρήσεως,
641 4227 732 4276 καὶ
759 4227 858 4291 τῆς
899 4225 1041 4293 ἁφῆς
1069 4225 1231 4278 πάλιν
1270 4228 1453 4295 ἕτερα,
1488 4235 1579 4280 καὶ
1615 4230 1776 4300 ἕτερα
1820 4234 1886 4285 τὰ

331 4317 429 4383 τῆς
462 4314 720 4382 γεύσεως.
754 4315 874 4365 Τῶν
908 4316 1005 4382 μὲν
1038 4315 1130 4366 οὖν
1165 4320 1306 4368 κατὰ
1340 4318 1436 4387 τὴν
1482 4321 1670 4385 γεῦσιν
1720 4339 1886 4392 πονη-

334 4407 443 4474 ρῶν
470 4407 660 4458 παθῶν
691 4406 787 4476 ούχ
828 4408 860 4475 ἡ
895 4408 1068 4474 τροφὴ
1095 4408 1263 4468 αἰτία,
1297 4408 1410 4460 ἀλλ’
1431 4413 1464 4476 ἡ
1491 4412 1727 4482 ἀμετρία
1758 4414 1886 4466 ταύ-

2006 3241 2290 3297 propterca
2313 3235 2405 3300 qui
2435 3250 2632 3302 corpus
2659 3252 2818 3292 suum
2847 3253 3008 3308 amat,
3034 3256 3178 3298 amat
3210 3252 3566 3306 eltuundum.

2005 3321 2199 3377 Verum
2228 3341 2290 3379 ex
2317 3329 2417 3382 isto
2446 3333 2689 3396 corporis
2718 3348 2905 3388 amore
2934 3338 3234 3392 mundanas
3268 3343 3564 3411 voluptates

2001 3415 2347 3471 immoderate
2407 3421 2776 3478 desiderantes
2840 3437 2892 3480 et
2953 3442 3337 3497 persequentes
3405 3446 3565 3503 atque

2000 3515 2269 3560 sectantes
2293 3511 2679 3567 multiformem
2704 3516 2859 3570 nobis
2887 3520 3216 3586 imponimus
3247 3527 3562 3590 passionum

1999 3599 2409 3664 turpitudinem.
2460 3603 2593 3657 Nam
2627 3622 2746 3659 cum
2781 3611 3053 3665 mundana
3087 3616 3335 3684 voluptas
3383 3619 3560 3672 sensi-

1998 3687 2097 3739 bus
2142 3692 2485 3758 percipiatur,
2523 3700 2690 3750 nostri
2729 3710 2905 3753 autem
2941 3719 3134 3758 sensus
3163 3709 3312 3760 inulti
3350 3710 3460 3763 sint
3507 3720 3559 3768 ο·

1996 3781 2158 3842 varii,
2193 3786 2416 3848 proinde
2444 3797 2496 3840 et
2523 3791 2682 3841 variae
2704 3803 2830 3845 sunt
2862 3800 3004 3847 circa
3031 3813 3124 3850 eos
3147 3800 3469 3868 voluptates,
3502 3811 3557 3858 et

1996 3873 2174 3926 mullze
2204 3892 2323 3940 quae
2354 3877 2500 3931 circa
2552 3883 2858 3950 voluptates
2904 3900 3191 3941 versantur
3226 3893 3551 3959 passiones;

1991 3964 2107 4015 alia:
2127 3967 2270 4017 enim
2298 3968 2440 4021 circa
2465 3970 2660 4034 visum,
2681 3974 2796 4027 alize
2815 3975 2954 4028 circa
2980 3979 3246 4043 auditum,
3275 3983 3392 4036 alia:
3408 3985 3552 4039 circa

1989 4056 2295 4122 odoratum,
2326 4069 2379 4112 et
2401 4062 2516 4117 aliae
2549 4065 2689 4118 circa
2709 4077 2928 4131 tactum,
2957 4082 3010 4122 et
3043 4088 3230 4126 rursus
3261 4077 3379 4129 alite
3408 4079 3552 4134 circa

1993 4157 2238 4214 gustum.
2308 4151 2476 4207 Porro
2506 4171 2788 4222 pravarum
2821 4154 2963 4214 circa
2989 4173 3204 4231 gustum
3235 4169 3549 4235 passionum

1989 4249 2148 4289 causa
2178 4254 2281 4292 non
2312 4241 2464 4295 cibus
2497 4254 2598 4305 cst,
2630 4248 2720 4298 sed
2753 4250 2871 4315 ejus
2901 4251 3280 4308 iinmodcratio
3313 4260 3542 4315 seuhel-

1987 4325 2174 4380 lnatio.
2202 4328 2318 4383 Ista:
2352 4343 2530 4385 autem
2557 4344 2683 4387 sunt
2702 4341 2904 4394 ventris
2932 4341 3214 4411 ingluvies,
3251 4349 3545 4413 voracitas,

1987 4420 2289 4484 perpotatio
2323 4430 2375 4473 et
2415 4423 2668 4479 ebrietas.
2701 4425 2900 4483 Venter
2937 4449 3066 4486 vero
3095 4436 3256 4489 nimia
3288 4455 3355 4493 ex
3385 4452 3546 4508 gustu

327 4513 450 4563 της,
479 4496 506 4547 ὃ
555 4497 668 4546 ἐστι
723 4498 904 4563 τρυφὴ
926 4508 939 4521 ’
994 4495 1164 4547 ταῦτα
1199 4497 1255 4548 δέ
1289 4499 1401 4550 ἐστι
1453 4505 1883 4570 γαστριμαργία,
1913 4494 1962 4550 D
1993 4522 2080 4560 rec

1790 4505 1883 4569 νία,
1913 4494 1962 4550 Ῐ)
1993 4509 2282 4575 recipiens,
2313 4523 2369 4564 ut
2398 4528 2459 4565 ea
2491 4525 2687 4582 coquat
2715 4520 2780 4571 ad
2818 4523 3087 4574 exteriora
3127 4525 3545 4593 intemperanter

327 4585 653 4653 λαιμαργία,
686 4587 780 4647 καὶ
834 4585 1138 4637 πολυποσία
1190 4588 1284 4638 καὶ
1336 4589 1471 4657 μέθη
1501 4606 1514 4618 ·
1566 4596 1777 4662 γαστὴρ
1824 4594 1881 4645 δὲ

326 4676 694 4744 ὑποδεχομένη
727 4677 792 4727 τὰ
819 4677 880 4725 ὲκ
913 4674 1009 4742 τῆς
1044 4679 1284 4742 γεύσεως
1325 4679 1599 4747 ἀκρατῶς,
1625 4685 1715 4734 καὶ
1747 4687 1880 4754 πρὸς

322 4767 391 4817 τὰ
423 4765 525 4828 ἔξω
555 4764 824 4833 περιττῶς
854 4763 1128 4816 ἐκδιδοῦσα
1156 4767 1243 4818 διὰ
1270 4769 1366 4836 τῆς
1398 4770 1640 4838 πέψεως,
1670 4777 1734 4843 τῇ
1759 4777 1876 4845 -ἀςρῇ

319 4857 519 4925 δαψιλῆ
551 4858 777 4926 χορηγεῖ
805 4855 902 4922 τῆς
941 4857 1142 4918 κακίας
1171 4859 1268 4924 τὴν
1315 4860 1466 4928 ὓλην,
1495 4857 1605 4914 οἷόν
1633 4881 1715 4927 τις
1763 4867 1881 4935 βδε-

320 4950 460 5016 λυρὰ
512 4948 779 5015 δεξαμενὴ
832 4947 1123 5016 βδελυροὺς
1155 4948 1474 5002 ἀναδιδοῦσα
1504 4957 1785 5022 κρουνοὺς,
1809 4959 1874 5010 δι’

319 5037 398 5094 ὧν
434 5039 744 5090 συνίσταται
792 5039 862 5090 τὰ
907 5037 1248 5105 ὑπογάστρια
1288 5039 1458 5108 πάθη,
1487 5045 1728 5113 πορνεία,
1757 5065 1876 5114 μοι·

318 5133 464 5201 χεία,
508 5128 796 5191 ἀκολασία,
836 5128 1116 5193 ἀσέλγεια,
1149 5131 1242 5179 καὶ
1291 5132 1440 5183 πᾶσα
1474 5134 1506 5202 ἡ
1547 5135 1644 5202 τῆς
1672 5140 1873 5205 σαρκὸς

315 5221 644 5290 ἀκαθαρσία.
681 5219 864 5272 Ταῦτα
891 5219 945 5270 δὲ
973 5220 1065 5270 καὶ
1096 5220 1196 5288 τὴν
1229 5220 1395 5290 ἀκοὴν
1437 5225 1532 5275 καὶ
1561 5226 1656 5295 τὴν
1683 5227 1871 5295 ὅρασιν

317 5313 415 5364 καὶ
446 5312 543 5381 τὴν
583 5311 850 5380 ὄσφρησιν
892 5309 1434 5380 καταδουλωσάμενα,
1461 5314 1685 5368 ποθεινὰ
1719 5319 1872 5369 καθί-

314 5421 477 5473 στησι
503 5407 569 5456 τὰ
602 5403 842 5473 μυσαρὰ,
868 5404 935 5454 τὰ
962 5402 1182 5470 ῥήματα
1205 5404 1271 5455 τὰ
1299 5406 1520 5473 αἰσχρὰ,
1547 5409 1613 5458 τὰ
1649 5408 1872 5478 ᾅσματα

311 5496 384 5548 τὰ
431 5497 685 5565 πορνικὰ,
719 5493 788 5543 τὰ
836 5490 1152 5560 χορεύματα
1185 5491 1253 5542 τὰ
1288 5493 1577 5560 σατανικὰ,
1608 5512 1706 5560 τας
1740 5501 1874 5550 ἐπα-

311 5585 529 5655 γωγοὺς
559 5586 692 5655 πρὸς
724 5585 792 5636 τὰ
825 5582 972 5651 μύση
998 5579 1382 5651 μυραλοιφίας,
1406 5587 1474 5638 τὰ
1498 5588 1728 5657 βδελυρὰ
1755 5591 1872 5643 ἐπι-

384 5769 406 5803 ³
435 5768 584 5825 Joau.
619 5788 707 5839 xv,
734 5774 788 5830 5.
863 5774 882 5804 ⁸
917 5772 959 5828 ll
993 5773 1117 5842 Cor.
1147 5791 1205 5838 ιι,
1249 5775 1329 5829 ιε).

1984 4601 2216 4666 exspuit,
2250 4611 2302 4654 et
2346 4605 2537 4657 exinde
2574 4617 2720 4661 tactu
2770 4612 3044 4680 copiosam
3097 4617 3298 4670 evomit
3327 4620 3543 4674 malitiae

1985 4691 2286 4753 materiam,
2339 4697 2478 4746 sicut
2528 4697 2647 4751 fons
2688 4703 2965 4767 spurcitiis
3002 4707 3192 4771 plenus
3235 4708 3541 4766 immundas

1985 4790 2193 4833 eructat
2226 4798 2414 4850 aquas,
2455 4802 2574 4852 qua:
2607 4800 2732 4842 sunt
2766 4792 3065 4848 libidinosae
3091 4799 3393 4863 passiones,
3429 4802 3540 4854 for-

1983 4870 2204 4934 nicatio,
2239 4875 2590 4939 adulterium,
2649 4881 2754 4932 vita
2788 4883 3125 4947 dissolutior,
3164 4905 3338 4943 mores
3385 4890 3538 4959 flagi-

1985 4959 2130 5019 tiosi,
2155 4969 2208 5010 et
2230 4963 2406 5014 omnis
2431 4966 2610 5019 carnis
2658 4967 3013 5026 innnunditia.
3045 4975 3173 5039 Quae
3218 4993 3340 5031 cum
3386 4983 3538 5033 audi-

1984 5059 2116 5114 tum,
2145 5053 2317 5105 visum
2344 5063 2398 5106 et
2412 5056 2698 5110 odoratum
2725 5062 2774 5112 in
2799 5063 3110 5118 servitutem
3167 5067 3435 5137 redigunt,
3469 5073 3535 5123 ad

1979 5144 2268 5195 amandum
2313 5145 2576 5200 inducunt
2603 5151 2985 5217 turpitudines,
3018 5156 3177 5209 verba
3219 5160 3414 5226 turpia,
3442 5164 3534 5212 ob-

1978 5234 2225 5287 sceniora
2256 5237 2519 5300 carmina,
2570 5241 2794 5293 choreas
2827 5246 3118 5307 satanicas,
3157 5259 3424 5314 unguenta
3467 5251 3532 5301 ad

1980 5322 2337 5390 turpitudines
2386 5326 2616 5391 agentia,
2649 5328 3063 5382 multiformium
3103 5337 3408 5398 spectacula
3447 5349 3507 5385 ve

1976 5416 2215 5466 aliumet
2252 5414 2565 5482 fasciarum,
2603 5435 2722 5488 quae
2751 5424 2990 5474 exterius
3013 5422 3229 5490 quidem
3285 5425 3530 5478 libidines

1969 5505 2258 5571 adornant,
2308 5509 2532 5562 interius
2565 5525 2689 5564 vero
2722 5512 3001 5581 obtegunt,
3050 5514 3310 5566 deformis
3361 5516 3528 5567 instar

1969 5595 2152 5658 lat-vae,
2177 5599 2456 5675 passiones
2493 5600 2754 5666 infamiae,
2788 5612 2840 5658 et
2865 5619 2991 5658 vere
3026 5605 3412 5658 assimulantur
3440 5621 3525 5658 se-
