4444 6450
382 391 478 454 421

1656 387 1983 452 HOMILIA
2016 384 2299 445 XXXIII.

3495 378 3594 439 4'22

378 509 465 557 θεν
486 506 721 575 ὀρμαθδς
744 504 930 572 ἕτερος
958 502 1145 557 παθῶν
1173 502 1423 573 ἀνὴδονος
1451 500 1826 568 ἐξευρίσκεται
1845 498 1921 566 τῷ
1949 506 1995 561 Α
2026 495 2133 547 odii

1845 498 1921 566 τῷ
1949 506 1995 561 Α
2026 495 2232 557 odium,
2261 490 2652 553 dissensiones,
2680 488 2881 543 invidia
2924 495 2977 542 et
2999 491 3178 543 omnis
3204 492 3597 557 concupiscen-

377 599 703 666 ταλαιπώρῳ
740 596 847 650 τῶν
873 595 1171 667 ἀνθρώπων
1201 595 1365 660 γένει,
1400 594 1527 661 παρ’
1557 585 1619 644 οὗ
1644 591 1925 658 λοιδορίαι,

378 686 718 748 καταλαλιαί,
748 685 1120 753 συκοφαντίαι,
1150 684 1344 750 θυμὸς,
1376 684 1552 751 μῖσος,
1578 680 1772 749 ἔριδες,
1798 678 1926 747 φθό-

379 794 486 839 νος,
528 777 622 828 καὶ
657 778 804 829 πᾶσα
833 777 1058 844 πικρίας
1113 776 1357 841 γέμουσα
1418 771 1701 841 ἐπιθυμία,
1746 772 1813 823 δι’
1862 771 1929 839 ἡν

379 869 603 945 πόλεμοί
632 886 690 921 τε
740 872 833 922 καὶ
864 870 1015 936 φόνοι
1046 866 1148 918 ἀνά
1180 868 1360 918 πᾶσαν
1388 863 1676 916 τελοῦνται
1704 861 1802 929 τὴν
1847 861 1927 912 oi-

379 960 675 1029 κουμένην,
709 963 804 1014 καὶ
835 950 1065 1026 μάλιστα
1110 962 1248 1010 κατὰ
1276 957 1375 1027 τὴν
1404 954 1684 1025 ἡμετέραν
1713 951 1927 1019 γενεὰν.

379 1053 464 1105 διά
510 1054 569 1103 τὸ
601 1052 843 1120 ψυγῆναι
889 1051 986 1120 τὴν
1036 1051 1256 1118 ἀγάπην
1292 1050 1386 1102 καὶ
1431 1047 1799 1116 πληθυνθῆναι
1833 1045 1930 1112 τὴν

380 1140 672 1209 ἁμαρτίαν.
714 1138 853 1191 Ἀλλ’
886 1140 1045 1208 ἡμεῖς
1091 1139 1411 1207 φυλάξωμεν
1458 1137 1685 1196 ἑαυτοὺς
1720 1138 1776 1186 ὲν
1804 1136 1933 1202 ὁμο-

382 1234 517 1302 νοίᾳ,
576 1231 921 1301 συνδούμενοι
971 1234 1036 1298 τῇ
1094 1231 1228 1299 πρὸς
1280 1229 1541 1297 ἀλλήλους
1592 1228 1806 1296 εἰρήνη,
1838 1224 1931 1276 καὶ

380 1324 705 1394 ἀπεχόμενοι
730 1325 828 1392 τῆς
851 1326 970 1376 κατ’
990 1325 1231 1392 ἀλλήλοιν
1260 1324 1472 1392 μανίας,
1514 1321 1675 1390 188
1692 1320 1812 1389 ἥτις
1840 1317 1933 1370 καὶ

379 1413 556 1483 ψυχὰς
608 1414 703 1466 καὶ
753 1412 980 1483 σώματα
1029 1414 1359 1482 παραδίδωσι
1404 1414 1469 1481 τῇ
1504 1409 1771 1479 ἀπωλείᾳ.
1800 1406 1931 1467 Ναὶ,

381 1505 619 1572 ἀδελφοὶ,
676 1504 996 1574 παρακαλῶ,
1044 1504 1395 1574 χαρισώμεθα
1447 1501 1716 1570 ἀλλήλοις,
1751 1497 1802 1550 εἴ
1848 1513 1933 1558 τις

382 1596 519 1665 πρός
547 1613 666 1647 τινα
687 1595 799 1663 ἔχει
836 1597 1077 1665 μομφὴν,
1111 1596 1185 1657 ὠς
1214 1596 1308 1647 καὶ
1330 1596 1358 1646 6
1387 1594 1618 1661 Χριστὸς
1646 1589 1934 1659 ἐχαρίσατο

383 1688 515 1755 ἡμῖν
536 1704 551 1717 '
589 1686 674 1739 ἴνα
708 1688 781 1756 μὴ
804 1688 960 1755 μόνον
993 1688 1049 1737 έν
1087 1690 1195 1747 τοῖς
1214 1683 1458 1743 τοῦθ)εοῦ
1489 1686 1655 1747 ναοῖς,
1678 1680 1811 1733 ἀλλὰ
1842 1679 1933 1730 καὶ

383 1775 501 1829 κατ’
516 1777 695 1839 οἴκους
715 1779 807 1829 καὶ
825 1779 942 1829 κατ’
967 1776 1435 1845 ἀγοράνάθόρυϐοι
1447 1776 1531 1827 δια
1539 1772 1839 1841 μένοντες,ὀ
1849 1786 1938 1838 μο-

384 1867 617 1934 θυμαδὸν
648 1869 704 1919 ὲν
725 1869 823 1935 {Evt
861 1868 1085 1936 στόματι
1108 1868 1420 1934 δοξάζωμεν
1437 1866 1528 1915 τὸν
1546 1863 1762 1931 Πατέρα
1777 1860 1935 1931 ἡμῶν

383 1956 471 2006 τὸν
491 1955 547 2005 ἐν
567 1957 674 2014 τοῖς
699 1955 965 2023 οὐρανοῖς.
989 1954 1092 2006 Τοῦ
1118 1955 1299 2027 μέντοι
1324 1951 1445 2006 καθ’
1468 1950 1658 2021 ἡδονὴν
1688 1950 1782 2002 καὶ
1812 1949 1934 2002 ὀδύ-

384 2062 482 2114 νην
518 2045 751 2114 πονηροῦ
774 2046 1071 2112 καταλόγου
1090 2044 1197 2096 τῶν
1219 2043 1475 2112 ὀλεθρίων
1497 2042 1685 2094 παθών
1712 2040 1933 2093 τοιαῦτα

383 2136 528 2188 ἐστιν
564 2137 749 2205 ἕτερα,
779 2136 814 2189 ἃ
848 2137 980 2205 μήτε
1027 2136 1272 2188 ἀνώδυνά
1322 2136 1458 2198 ἐστι,
1508 2135 1644 2203 μήτε
1686 2132 1928 2199 ένήδονα,

2032 586 2100 638 tia
2124 584 2245 638 felle
2270 582 2485 646 referta,
2516 598 2610 650 per
2626 582 2945 652 quamhella
2972 590 3026 635 et
3054 586 3227 637 czedes
3250 600 3346 652 per
3374 600 3590 637 omnem

2043 685 2238 728 tri-ram
2276 680 2673 740 perpetrantur,
2707 671 3009 740 prxsertim
3039 672 3091 724 in
3122 673 3219 726 hac
3245 677 3595 742 generatione

2030 774 2235 825 nostra,
2261 762 2390 831 quia
2416 760 2720 828 refrigescit
2748 761 3003 823 Charitas,
3029 771 3310 830 peccatum
3340 778 3469 815 vero
3499 779 3593 815 ac-

2031 858 2243 909 crescit.
2278 855 2384 909 Nos
2413 868 2591 908 autem
2626 856 2998 909 custodiamus
3038 871 3139 910 nos
3177 857 3226 908 in
3275 858 3584 919 coni-ordia,

2033 948 2402 1000 incumbentes
2453 947 2568 1014 paci
2621 947 2687 1001 ad
2725 946 2951 999 invicem
2985 949 3285 1009 servandae,
3336 954 3388 999 et
3421 950 3591 997 alisti-

2033 1047 2221 1092 nentes
2264 1038 2332 1091 ab
2362 1038 2509 1091 omni
2558 1037 2860 1097 iracundia,
2893 1054 3011 1105 qtae
3044 1048 3149 1089 tam
3183 1039 3393 1090 animas
3427 1052 3590 1104 quau.

2032 1144 2256 1194 corpora
2308 1128 2472 1181 exitio
2524 1129 2769 1180 tlevovet.
2838 1128 3036 1188 Etiam,
3100 1127 3291 1180 fratres
3364 1131 3594 1180 ohsecro

2032 1222 2189 1275 nobis
2223 1220 2453 1274 invicem
2488 1221 2875 1281 condonenius,
2910 1221 2953 1274 si
2986 1222 3108 1288 quis
3128 1222 3285 1273 habet
3316 1222 3592 1288 querelam

2039 1316 2297 1366 adversus
2322 1313 2650 1381 proximum,
2685 1312 2823 1365 sicut
2847 1324 2898 1365 et
2923 1312 3167 1365 Christus
3197 1312 3352 1365 nobis
3390 1312 3594 1364 condo—

2035 1403 2181 1455 navit
2207 1403 2315 1468 ;ita
2343 1411 2401 1456 ut
2428 1418 2534 1455 non
2562 1403 2614 1454 in
2645 1402 2776 1456 solis
2808 1400 2897 1455 Dei
2931 1405 3163 1471 templis.
3194 1404 3285 1457 sed
3327 1405 3374 1454 iu
3417 1404 3592 1455 domi-

2035 1494 2134 1547 hns
2164 1504 2221 1547 et
2250 1494 2301 1545 in
2338 1492 2454 1545 foro
2482 1493 2672 1559 placidi
2709 1505 3013 1555 manentes,
3047 1495 3378 1547 unanimiter
3410 1504 3463 1547 et
3486 1509 3593 1545 uno

2034 1600 2128 1639 ore
2161 1584 2523 1651 gloriﬁcemus
2561 1583 2772 1637 Patrem
2823 1596 3066 1638 nostrum
3104 1587 3195 1652 qui
3224 1594 3306 1639 est
3336 1590 3388 1639 in
3421 1586 3594 1639 caelis.

2038 1676 2363 1729 Enumeravi
2407 1677 2741 1743 perniciosas
2788 1676 2907 1729 illas
2950 1677 3237 1744 passiones
3282 1677 3394 1730 sive
3443 1681 3597 1732 volu-

2040 1774 2235 1831 ptatem
2268 1766 2380 1819 sive
2404 1766 2644 1819 dolorem
2679 1767 3011 1835 parturiant;
3042 1768 3132 1821 sed
3156 1776 3238 1821 est
3265 1778 3317 1820 et
3347 1768 3450 1820 alia
3475 1782 3591 1836 pa.»

2039 1858 2254 1911 sionum
2290 1858 2465 1911 series
2496 1872 2635 1925 quat,
2671 1859 2796 1911 dum
2833 1858 3073 1911 dolorem
3100 1858 3353 1923 afferunt,
3392 1861 3594 1912 nullam

2039 1951 2257 2018 pariunt
2281 1948 2713 2009 delectationem,
2754 1950 2845 2002 sed
2894 1951 3038 2002 velut
3066 1953 3333 2017 quoddam
3366 1967 3431 2005 ex
3466 1968 3596 2003 con-

2038 2042 2219 2094 trariis
2248 2040 2593 2095 commistum
2626 2040 2951 2107 producunt,
2981 2043 3170 2109 quales
3198 2054 3324 2097 sunt
3345 2043 3516 2097 ironia
3546 2054 3598 2097 et

2036 2132 2274 2185 adulatio
2301 2140 2355 2184 et
2384 2132 2537 2184 dolus
2566 2140 2618 2184 et
2643 2131 2937 2185 simulatio.

384 2225 496 2277 ἀλλ’
526 2221 632 2278 οἷον
663 2227 963 2296 σύμμικτον
986 2227 1041 2289 ἐξ
1063 2226 1316 2278 ἐναντίων
1345 2224 1641 2294 έχουσιτῆς
1671 2223 1937 2290 γενέσεως
1978 2222 2077 2291 τὴν
2108 2223 2380 2292 ἀφορμὴν,
2408 2223 2591 2273 ὁποῖόν
2623 2223 2769 2274 ἐστιν
2800 2225 2832 2291 ἡ
2869 2222 3142 2291 εἰρωνεία,
3174 2227 3266 2276 καὶ
3332 2227 3365 2294 ἡ
3433 2225 3601 2277 κολα-

384 2318 527 2381 κεία,
560 2320 652 2371 καὶ
680 2319 708 2369 6
741 2319 909 2381 δόλος,
937 2320 1030 2371 καὶ
1063 2321 1096 2388 ἡ
1128 2320 1438 2390 ὑπόκρισις.

465 2410 655 2477 Ὁρᾶτε
681 2412 781 2478 τὴν
813 2412 1018 2479 πλάνην
1047 2412 1142 2463 καὶ
1194 2415 1290 2478 τὴν
1341 2412 1556 2479 ἀπάτην
1593 2409 1689 2464 τοῦ
1721 2410 1926 2480 κόσμου

384 2500 596 2560 τούτου,
644 2502 806 2554 πόσον
839 2482 955 2554 ἐστὶ
989 2503 1241 2571 ποικίλῃ
1277 2504 1462 2563 πόσοις
1489 2505 1637 2572 ἡμᾶς
1671 2502 1929 2571 περιϐάλ-

384 2590 467 2643 λει
491 2594 677 2654 κακοῖς
705 2609 718 2655 ;
744 2592 832 2645 διὰ
872 2593 1052 2645 πόσων
1079 2596 1224 2661 ἡμᾶς
1257 2593 1483 2661 χωρίζει
1514 2594 1620 2671 ἀπὸ
1646 2594 1738 2645 τοῦ
1772 2592 1929 2658 Θεοῦ;

385 2683 757 2751 Μυριοπαθεῖς
788 2684 896 2753 γὰρ
932 2685 1079 2753 ἡμᾶς
1132 2688 1406 2751 ποιήσασα
1458 2684 1807 2754 πολυτρόπως
1833 2683 1934 2733 διί-

388 2791 548 2839 στησι
581 2774 674 2825 τοῦ
704 2773 967 2835 ἀπαθοῦς.
1005 2774 1096 2825 Διὸ
1126 2779 1217 2827 καὶ
1247 2776 1405 2835 αὐτὸς
1434 2777 1462 2829 6
1492 2775 1698 2843 Κύριος
1730 2775 1933 2837 ἔλεγεν,

394 2879 414 2913 ι
461 2862 523 2916 Ὀ
569 2864 775 2932 κόσμος
830 2865 886 2916 ὲν
932 2865 1010 2934 τῷ
1063 2866 1285 2935 πονηρῷ
1321 2870 1493 2919 κεῖται
1520 2883 1534 2899 ’
1577 2867 1717 2919 »καὶ
1744 2882 1940 2932 κοσμο-

386 2955 627 3023 κράτορα
679 2955 860 3007 ἐκάλει
890 2957 980 3007 τὸν
1008 2956 1276 3021 διάϐολον,
1309 2958 1381 3018 ὠς
1414 2958 1655 3026 ἄρχοντα
1686 2955 1781 3008 τοῦ
1812 2955 1936 3006 σκό-

387 3061 515 3107 τους
542 3045 634 3096 τοῦ
658 3046 851 3107 αἰῶνος
885 3047 1074 3098 τούτου
1101 3062 1115 3076 ·
1152 3046 1228 3116 μὴ
1274 3048 1380 3116 γὰρ
1415 3049 1477 3116 δὴ
1510 3050 1769 3115 νομίσητε
1806 3062 1942 3113 κρα-

386 3136 496 3186 τεῖν
530 3135 623 3186 τὸν
653 3136 888 3203 πονηρὸν
924 3135 1153 3205 οὐρανοῦ
1180 3140 1276 3190 καὶ
1313 3138 1435 3205 γῆς,
1468 3140 1561 3190 καὶ
1598 3138 1707 3191 τῶν
1734 3137 1934 3205 μεταξὺ

386 3222 589 3275 τούτων
617 3227 934 3294 κτισμάτων
972 3226 1066 3279 τοῦ
1100 3228 1255 3291 Θεοῦ,
1301 3232 1394 3281 καὶ
1426 3229 1516 3282 διὰ
1544 3230 1702 3279 τοῦτο
1735 3244 1933 3294 κοσμο-

387 3316 629 3385 κράτορα
674 3318 954 3370 καλεῖσθαι
1008 3318 1238 3370 τοῦτον
1286 3320 1465 3386 ἄπαγε
1521 3318 1620 3386 τῆς
1671 3318 1932 3370 ἀσυνέτου

387 3406 642 3474 γνώμηςί
681 3410 740 3459 οὐ
774 3408 882 3477 γὰρ
915 3425 1067 3471 ουτος
1095 3412 1122 3463 6
1155 3412 1356 3478 κόσμος
1385 3412 1441 3461 ἐν
1472 3410 1546 3479 τῷ
1580 3408 1800 3477 πονηρῷ
1823 3412 1933 3460 κεί-

386 3515 474 3550 ται
497 3515 510 3529 ’
537 3500 567 3551 6
600 3499 706 3568 γὰρ
755 3502 970 3568 μετρῶν
995 3501 1087 3553 τὸν
1122 3502 1348 3569 οὐρανὸν
1374 3500 1641 3569 σπιθαμῇ,
1669 3500 1811 3552 κατά
1844 3500 1935 3551 τὸν

389 3594 693 3658 προφήτην.
723 3593 813 3642 καὶ
860 3592 1103 3659 κατέχων
1131 3592 1226 3659 τὴν
1261 3596 1362 3661 γῆν
1389 3592 1569 3661 δρακὶ,
1605 3594 1763 3661 μόνος
1792 3593 1933 3643 ἐστὶν

386 3681 417 3732 6
448 3682 651 3733 τούτων
708 3682 1069 3751 δημιουργό;’
1104 3683 1219 3734 ἀλλ’
1271 3687 1302 3752 ἡ
1343 3686 1690 3753 παραχρησις
1716 3684 1820 3735 τῶν
1847 3683 1934 3734 ὄν-

387 3789 516 3836 των,
546 3773 575 3839 ἡ
617 3772 865 3841 ἐμπαθὴς
899 3775 1004 3824 τῶν
1057 3774 1141 3839 ἐφ’
1189 3777 1318 3841 ἡμῖν
1362 3776 1641 3843 διοίκησις,
1672 3776 1700 3826 6
1734 3775 1934 3840 κόσμος

388 3865 487 3930 τῆς
531 3862 762 3925 ἀδικίας,
796 3866 827 3931 ἡ
867 3865 1076 3932 πονηρά
1130 3866 1408 3932 ἐπιθυμία.
1438 3866 1531 3915 καὶ
1563 3867 1594 3933 ἡ
1630 3864 1931 3926 ἀλαζονεία,

389 3950 531 4001 καθά
583 3966 749 4017 φησιν
802 3953 829 4002 6
864 3952 1222 4019 ἡγοπημένος
1271 3954 1348 4017 τῶ
1403 3953 1618 4022 Χριστῷ
1651 3948 1930 4018 Θεολόγος,

387 4042 486 4091 οὐκ
527 4041 671 4092 ἔστιν
704 4043 764 4092 ὲκ
794 4041 883 4091 τοῦ
916 4043 1146 4111 Πατρός.
1179 4036 1342 4103 Οὗτος
1373 4039 1463 4093 οὖν
1490 4043 1517 4094 6
1548 4043 1749 4111 κόσμος
1784 4044 1838 4093 ἐν
1860 4043 1935 4110 τῷ

390 4132 605 4199 πονηρῷ
642 4134 811 4182 κεῖται
850 4132 937 4182 διὰ
970 4134 1067 4200 τῆς
1102 4134 1379 4200 ἡμετέρας
1419 4139 1817 4203 παραχρήσεως
1843 4137 1935 4186 καὶ

391 4219 662 4285 σφαλερᾶς
707 4220 1065 4288 διοικήσεως·
1104 4227 1194 4274 καὶ
1244 4220 1396 4284 οὗτός
1432 4226 1578 4277 ἐστιν
1634 4226 1661 4275 6
1712 4227 1931 4293 κόσμος,

386 4305 446 4361 οὗ
481 4312 872 4379 κοσμοκράτωρ
924 4315 1068 4364 ἐστὶν
1124 4316 1151 4364 6
1201 4315 1519 4379 Σατανᾶς,ὁ
1566 4317 1936 4382 προκατηριθ-

389 4401 625 4467 μημένος
669 4402 776 4451 τῶν
806 4401 992 4452 παθῶν
1026 4402 1202 4470 ὄχλος.
1233 4403 1288 4464 6;
1338 4406 1401 4456 ὲκ
1447 4404 1545 4473 τῆς
1591 4405 1936 4473 φιλαμαρτή-

2101 2405 2307 2459 Videtis
2341 2419 2582 2458 errorem
2616 2415 2669 2456 et
2713 2403 2979 2458 fallaciam
3014 2406 3177 2475 hujus
3209 2409 3395 2460 mumli
3434 2424 3595 2476 quam

2026 2497 2098 2550 sit
2133 2494 2406 2561 multiplex
2432 2493 2454 2544 ?
2480 2504 2610 2561 quot
2645 2509 2742 2546 nos
2793 2496 2949 2547 malis
2987 2496 3412 2549 circuinveniat?
3463 2510 3598 2565 quot

2030 2584 2207 2639 modis
2247 2600 2344 2638 nos
2370 2599 2399 2637 a
2431 2584 2539 2637 Deo
2581 2586 2802 2636 arceat?
2845 2585 2973 2637 Nam
3010 2596 3294 2654 postquam
3329 2606 3425 2640 nos
3467 2607 3591 2643 sex-

2032 2677 2203 2731 centis
2236 2677 2489 2728 imhuerit
2525 2676 2696 2735 vitiis,
2726 2690 2753 2728 a
2789 2691 2919 2744 pace
2951 2694 3037 2745 per
3070 2682 3253 2731 eadem
3287 2695 3386 2733 nos
3419 2697 3597 2733 remo-

2034 2778 2138 2822 vet.
2180 2768 2301 2821 Ideo
2361 2767 2617 2820 Dominus
2653 2770 2769 2836 ipse
2818 2768 2992 2822 dixit:
3029 2770 3332 2825 Mundusin
3363 2776 3596 2841 maligno

2037 2863 2246 2928 positus
2276 2861 2405 2921 est",
2445 2878 2463 2911 ι
2507 2868 2558 2913 et
2594 2863 2776 2914 mundi
2817 2863 3113 2931 principem
3152 2865 3379 2919 vocabat
3409 2869 3597 2921 iliaho-

2037 2953 2146 3004 lum
2185 2963 2242 3003 ut
2298 2960 2557 3005 rectorem
2592 2952 2936 3006 tenebrarum
2989 2955 3151 3023 hujus
3196 2959 3403 3011 saeculi.
3440 2962 3592 3014 Aizsii

2036 3047 2178 3098 enim
2201 3046 2542 3099 utcenseatis
2575 3045 2866 3115 malignum
2900 3049 3163 3103 dominari
3204 3052 3257 3104 in
3295 3054 3434 3107 cmlo
3458 3069 3509 3108 et
3541 3057 3592 3107 in

2039 3144 2201 3198 terra,
2224 3143 2279 3188 et
2308 3151 2429 3203 qua
2454 3136 2594 3188 infra
2622 3144 2748 3189 sunt
2782 3137 2870 3191 Dei
2908 3142 3171 3195 creaturis
3222 3144 3506 3210 imperare,
3542 3154 3595 3198 tt

2036 3236 2313 3295 propterea
2338 3241 2458 3279 eum
2480 3228 2732 3294 appellari
2761 3230 2941 3282 mundi
2965 3232 3279 3299 principem.
3300 3232 3491 3289 Procul
3523 3239 3596 3291 sit

2035 3326 2143 3370 tam
2176 3320 2359 3371 insana
2381 3319 2663 3382 cogitatio!
2690 3319 2803 3373 Non
2824 3323 2966 3374 enim
2996 3325 3079 3377 hic
3102 3329 3335 3381 mundus
3360 3328 3411 3380 in
3445 3331 3597 3381 mali-

2035 3408 2605 3477 gnoposilusest.Nam
2622 3413 2710 3477 qui
2731 3413 2925 3465 caelum
2946 3414 3123 3479 palmo
3142 3419 3420 3484 ponderat,
3436 3430 3595 3487 prout

2034 3501 2169 3553 dixit
2189 3501 2450 3567 propheta
2467 3502 2510 3564 ⁸,
2530 3512 2582 3554 et
2603 3503 2695 3570 qui
2719 3512 2916 3556 terram
2934 3506 3297 3574 tribusdigitis
3316 3511 3589 3576 appendit,

1992 3622 1995 3623 ν
2034 3591 2180 3643 solus
2213 3591 2311 3643 iste
2339 3601 2422 3643 est
2445 3606 2630 3644 eorum
2663 3602 2865 3657 rector;
2890 3595 2981 3646 scd
3013 3610 3189 3647 rerum
3218 3598 3440 3663 abusus,
3476 3614 3592 3666 per-

2036 3690 2524 3732 Vt‘f-3ll051t‘0l'illll
2576 3682 2922 3745 ministratio,
2968 3686 3203 3739 mundus
3253 3687 3589 3755 iniquitatis.

2032 3771 2462 3836 concupiscentia
2489 3772 2648 3834 mala,
2670 3774 2941 3841 superbia,
2968 3783 3025 3826 ut
3043 3775 3418 3832 dixitdilectus
3438 3781 3593 3832 Chri-

2034 3869 2116 3913 sto
2147 3859 2456 3928 Thcologus
2498 3863 2539 3922 ’,
2592 3863 2693 3914 ista
2746 3877 2774 3914 a
2808 3862 2968 3917 Patre
2998 3881 3102 3919 non
3134 3878 3277 3923 sunt.
3312 3869 3477 3937 Igitur
3505 3871 3591 3925 hic

2037 3952 2271 4003 mundus
2301 3952 2350 4002 in
2375 3951 2606 4020 maligno
2629 3955 2834 4020 positus
2856 3966 2933 4008 est
2956 3968 3171 4025 propter
3194 3972 3430 4014 nostram
3456 3966 3595 4016 abu-

2036 4041 2238 4093 sionem
2266 4050 2317 4093 ct
2349 4058 2563 4108 pravam
2590 4046 3039 4101 ministrationem
3064 4067 3075 4111 ;
3104 4062 3156 4103 et
3181 4052 3282 4105 iste
3313 4064 3394 4106 est
3426 4070 3587 4108 mun-

2034 4132 2134 4183 dus
2158 4131 2312 4198 cujus
2343 4133 2591 4201 princeps
2628 4146 2703 4187 est
2729 4135 2956 4191 Satanas
2990 4150 3043 4193 et
3072 4156 3234 4208 supra
3272 4156 3592 4201 enumerata

2036 4220 2348 4286 passionum
2377 4222 2555 4285 turba,
2581 4238 2719 4287 quae,
2754 4226 3045 4293 adjuvante
3074 4232 3326 4300 maligno,
3362 4251 3425 4288 ex
3461 4251 3588 4304 pec-

2034 4312 2231 4365 catrice
2254 4320 2433 4365 nostra
2453 4314 2693 4367 nascitur
2715 4319 3064 4381 conscientia,
3084 4322 3279 4389 quibus
3305 4324 3381 4376 illi
3410 4326 3504 4393 qui
3529 4343 3589 4382 se

2034 4418 2127 4471 per
2156 4404 2524 4470 paenitentiam
2558 4419 2665 4458 non
2696 4407 3114 4463 uuriftcaverunt
3144 4412 3228 4465 sui
3285 4414 3585 4483 principem

389 4506 545 4555 μονος
590 4492 744 4557 ἡμῶν
777 4490 999 4559 γνώμης
1052 4493 1295 4555 κτίζεται
1330 4497 1615 4566 συνεργείᾳ
1640 4496 1733 4547 τοῦ
1766 4512 1932 4563 πονηκ
1964 4504 2008 4561 D
2035 4510 2144 4549 con:

1827 4514 1932 4563 wq—
1964 4504 2008 4561 D
2035 4495 2688 4549 constituuntdiaholum.
2719 4497 2829 4553 Nos
2864 4516 2991 4554 vero
3030 4506 3117 4571 qui
3151 4505 3353 4559 militia:
3386 4509 3582 4563 Christi

387 4577 481 4643 ροῦ
511 4592 523 4604 ·
551 4578 617 4627 δι’
654 4576 718 4648 ἦς
747 4581 796 4629 oi
827 4583 901 4645 μὴ
926 4582 1011 4633 διὰ
1042 4584 1139 4650 τῆς
1162 4585 1447 4651 μετανοίας
1470 4586 1932 4655 ἐλευθερώσαντες

385 4666 609 4718 ἑαυτοὺς
659 4668 1031 4738 αὐτοκράτορα
1091 4672 1340 4724 ποιοῦσιν
1376 4676 1581 4727 ἑαυτῶν
1635 4677 1725 4728 τὸν
1756 4676 1933 4727 διάϐο-

383 4754 493 4808 λον.
532 4756 671 4809 Ἀλλ’
705 4760 863 4826 ἡμεῖς
897 4762 947 4811 oi
978 4761 1056 4828 τῷ
1087 4763 1307 4831 Χριστῷ
1336 4766 1725 4835 συνταξάμενοι
1754 4767 1926 4834 ποθὴ-

387 4865 568 4915 σωμεν
599 4850 689 4900 τδν
737 4851 848 4902 ἄνω
881 4852 1083 4919 κόσμον
1105 4868 1117 4881 ⁸
1167 4856 1597 4924 ἐπιθυμήσωμεν
1628 4857 1725 4924 τῆς
1764 4859 1933 4924 ἐπηγ-

382 4940 651 5006 γελμένης
679 4943 811 5008 ἡμῖν
844 4945 994 5012 παρὰ
1018 4944 1252 5013 Χριστοῦ
1277 4946 1571 5014 βασιλείας·
1599 4948 1924 5014 ἀποστῶμεν

379 5028 489 5079 τῶν
515 5029 918 5081 κατασπώντων
948 5034 1047 5101 τὴν
1080 5033 1257 5103 ψυχὴν
1305 5035 1505 5103 ἡδονῶν
1527 5050 1545 5069 ο
1598 5036 1924 5106 φοϐηθῶμεν

380 5120 480 5186 τὴν
534 5120 907 5188 ἠπειλημένην
948 5122 1038 5174 τοῦ
1095 5125 1263 5192 πυρὸς
1300 5126 1521 5193 γέενναν
1554 5130 1667 5189 τοῖς
1710 5128 1925 5196 φιληδό-

380 5226 490 5271 νοις
517 5227 531 5244 σ
582 5211 839 5281 φύγωμεν
889 5215 985 5283 τὴν
1038 5217 1270 5286 τρυφὴν,
1296 5220 1395 5288 τὴν
1436 5219 1626 5289 μέθην,
1662 5222 1761 5289 τὴν
1787 5238 1922 5289 πορ-

380 5302 549 5363 νείαν,
577 5304 675 5371 τὴν
702 5305 1033 5372 πλεονεξίαν,
1061 5308 1157 5377 τὴν
1188 5308 1420 5375 ἀδικίαν,
1468 5313 1565 5381 τὴν
1596 5314 1922 5378 κενοδοξίαν,

376 5392 475 5461 τὴν
503 5394 900 5462 ὑπερηφανίαν,
931 5397 991 5449 τὸ
1031 5400 1206 5468 μίσος,
1254 5402 1344 5453 τὸν
1380 5403 1569 5471 θυμὸν,
1605 5404 1701 5473 τὴν
1753 5405 1927 5456 ἀπαν-

376 5481 621 5549 Θρωπίαν
642 5499 658 5515 ο
677 5484 765 5536 διὰ
796 5485 964 5539 ταῦτα
998 5490 1105 5558 γὰρ
1134 5492 1365 5560 ἄρχοντα
1414 5493 1516 5560 φεῦ
1543 5495 1555 5547 ί
1590 5496 1715 5563 ἡμῖν
1738 5496 1921 5556 αὐτοῖς

375 5576 575 5642 καὶτῷ
603 5576 791 5647 κόσμῳ
842 5581 933 5633 τὸν
989 5585 1227 5651 πονηρὸν
1265 5588 1598 5656 ἐφιστῶμεν.
1650 5587 1916 5656 Φὺγωμεν

445 5754 463 5782 ’
496 5753 696 5809 iJoan.
746 5771 795 5819 ι’,
844 5755 923 5820 19,

999 5758 1021 5790 ⁸
1054 5756 1157 5812 lsa.
1195 5775 1286 5823 ιι..
1318 5761 1402 5818 l2.
1481 5767 1499 5796 ⁸
1526 5763 1682 5820 Joan.
1729 5782 1788 5828 it,
1826 5763 1919 5819 16.

2030 4601 2222 4638 nomen
2260 4586 2526 4645 dedimus,
2559 4603 2855 4655 supernum
2887 4593 3259 4651 desideremus
3284 4601 3578 4661 mundum;

2027 4674 2395 4727 desideremus
2418 4689 2638 4741 regnum
2666 4679 2861 4733 nobisa
2883 4679 3098 4735 Christo
3122 4689 3472 4756 promissum;
3500 4710 3579 4746 re-

2029 4771 2279 4821 cedamus
2299 4784 2325 4820 a
2346 4770 2488 4821 vitiis
2510 4784 2628 4831 qua:
2651 4773 2884 4825 animam
2903 4784 3138 4829 nostram
3160 4779 3491 4849 disturbant;
3519 4788 3584 4837 ti-

2029 4872 2273 4912 meamus
2305 4859 2600 4926 gehennam
2630 4876 2792 4929 quam
2815 4862 3074 4920 Dominus
3102 4870 3362 4939 voluptati
3386 4877 3582 4931 deditis

2037 4948 2269 5001 minatus
2298 4960 2417 5012 est;
2470 4947 2738 5016 fugiamus
2788 4952 3192 5019 helluationem,
3245 4960 3577 5031 ebrietatem,

2035 5035 2465 5102 fornicationem,
2510 5042 2810 5105 avaritiam,
2844 5044 3182 5114 injustitiam,
3220 5051 3432 5106 inanem
3466 5055 3582 5122 glo-

2033 5132 2191 5192 riam,
2248 5132 2579 5199 superhiam,
2634 5134 2835 5198 odium,
2881 5135 3037 5195 iram.
3096 5139 3579 5211 inhumanitatem;

2035 5237 2156 5273 nam
2199 5234 2501 5291 propterea,
2551 5226 2688 5280 heu!
2741 5227 2896 5281 nobis
2944 5238 2997 5282 et
3043 5235 3243 5285 mundo
3283 5235 3581 5302 pl'IllCIpCtn

2035 5311 2359 5378 imponimus
2409 5316 2706 5372 diabolum.
2768 5317 2939 5386 igitur
2989 5319 3260 5388 fugiamus
3302 5337 3579 5381 errantem

2027 5399 2167 5453 hunc
2193 5406 2448 5457 mundum
2475 5410 2767 5479 mundique
2799 5412 3115 5480 principem.
3140 5424 3191 5466 et
3220 5420 3581 5471 ostendamus

2024 5506 2117 5559 per
2143 5510 2304 5561 opera
2335 5510 2515 5552 nostra
2546 5501 2681 5555 bona
2709 5517 2806 5556 nos
2824 5506 3083 5572 metipsos
3107 5519 3266 5572 Opera
3300 5521 3418 5559 esse
3437 5509 3574 5575 Opti-

2023 5601 2233 5640 marum
2300 5588 2389 5643 Dei
2440 5607 2718 5647 manuum.
2747 5592 2879 5648 Nam
2929 5596 3001 5650 ita
3030 5588 3166 5652 bene
3220 5602 3579 5665 praesentibus
