4444 6450
423 438 531 502 ιεδ

1730 423 2065 486 ΗΟΜΙΗΑ
2106 424 2370 485 XXXIV.

3573 425 3674 487 626

423 551 558 619 πρὸς
577 548 675 620 τὴν
705 546 979 618 ὑμετέραν
1004 546 1246 615 ἀγάπην,
1279 543 1400 597 ἐπεὶ
1428 542 1526 614 τὴν
1568 543 1652 595 ἐπ’
1698 542 1859 611 ὅρους
1903 559 1994 595 σε·
2028 549 2067 602 Α
2099 556 2178 594 vet

1914 559 1994 595 rs-
2028 549 2067 602 Α
2099 551 2332 594 vestram
2359 537 2704 593 dilectionem
2735 535 2909 600 oravi,
2939 537 3082 604 quod
3117 533 3276 588 ho.lie
3310 533 3669 587 venerandam

422 643 560 712 π;ὴν
591 641 683 694 τοῦ
709 639 949 711 Χριστοῦ
972 639 1418 707 Μεταμόρφωσιν
1444 635 1779 706 ἑορτάζομεν
1814 635 1986 704 σήμε-

424 753 535 804 ρον,
571 735 666 787 καὶ
696 733 936 802 περὶτοῦ
969 733 1088 786 κατ’
1117 731 1289 799 αὐτὴν
1345 728 1521 797 φωτὸς
1559 731 1587 778 6
1634 728 1788 793 λόγος
1834 729 1987 797 ἡμῖν,

422 826 542 879 καθ’
571 818 632 877 οῦ
667 825 830 886 πολύς
863 826 976 876 ἐστι
1013 823 1105 875 νῦν
1153 820 1302 889 ἁγὼν
1333 823 1442 883 τοῖς
1473 819 1566 872 τοῦ
1625 818 1798 886 φωτὸς
1833 819 1990 871 πολε-

427 916 590 984 μίοις.
614 916 751 985 Φέρε
776 917 838 985 δὴ
874 915 1068 990 μικρὸν
1107 912 1313 966 ἀνωθεν
1359 909 1652 979 προθῶμεν
1691 911 1791 972 τὰς
1821 912 1990 977 σήμε-

427 1024 516 1075 ρον
548 1006 1068 1075 ἀναγινωσκομένας
1103 1002 1480 1071 Εὐαγγελικὰς
1517 1003 1697 1071 φωνὰς
1727 1004 1804 1064 εἰς
1859 1003 1990 1054 ἀνά-

425 1097 617 1163 πτυξιν
651 1099 746 1150 τοῦ
780 1099 1107 1167 μυστηρίου,
1140 1097 1237 1149 xu‘t
1259 1095 1355 1164 τῆς
1395 1094 1655 1164 ἀληθείας
1711 1095 1992 1161 παράστα-

425 1204 529 1241 σιν.
583 1207 600 1239 ‹
642 1184 777 1240 Μεθ’
811 1187 1027 1256 ἡμέρας
1047 1185 1105 1250 ἒξ
1133 1184 1554 1254 παραλαμϐάνει
1582 1185 1609 1237 6
1648 1182 1854 1250 Ἰησοῦς
1900 1182 1989 1235 τὸν

427 1281 632 1348 Πέτρον
663 1282 759 1333 καὶ
783 1281 1061 1335 ’Ὶάκωόον
1088 1281 1182 1334 καὶ
1234 1281 1489 1349 Ἰωάννην
1510 1279 1601 1330 τὸν
1642 1277 1869 1347 ἀδελφὸν
1893 1280 1991 1330 αύ-

422 1375 541 1440 τοῦ,
568 1376 663 1429 καὶ
688 1377 950 1444 ἀναφέρει
982 1375 1178 1435 αὐτοὺς
1204 1373 1282 1433 είς
1303 1372 1426 1440 ὅρος
1455 1370 1656 1439 ὑψηλὸν
1679 1371 1804 1423 ’κατ’
1832 1370 1987 1433 ἰδίαν,

425 1467 518 1519 καὶ
551 1467 946 1536 μετεμορφώθη
983 1463 1293 1533 ἔμπροσθεν
1319 1463 1518 1524 αὐτῶν,
1553 1461 1647 1514 καὶ
1672 1461 1879 1531 ἔλαμψε
1931 1461 1992 1513 τὸ

424 1559 714 1625 πρόσωπον
735 1556 902 1609 αὑτοῦ
926 1557 1000 1618 ὡς
1050 1557 1078 1608 6
1104 1555 1272 1624 ἥλιος.
1321 1572 1336 1605 ι
1375 1553 1542 1607 Τοῦτο
1570 1553 1635 1623 δὴ
1665 1553 1758 1605 τοῦ
1815 1554 1990 1620 Εύαγ-

424 1647 605 1710 γελίου
627 1647 844 1714 πρῶτον
873 1649 1106 1700 κατιδεῖν
1132 1648 1448 1713 ἀναγκαῖον,
1481 1646 1620 1714 μετὰ
1645 1645 1802 1696 ποίαν

425 1739 638 1806 ἡμέραν
665 1741 692 1791 6
719 1740 1012 1802 ἀπόστολος
1046 1738 1145 1792 τοῦ
1186 1737 1423 1803 Χριστοῦ
1480 1737 1574 1788 καὶ
1605 1735 1989 1806 ἐύαγγελιστὴς

427 1828 700 1888 Ματθαῖος
723 1830 817 1890 τὰς
846 1828 904 1893 ἐξ
925 1831 1138 1898 ἡμέρας
1167 1828 1413 1896 ἀριθμεῖ,
1446 1828 1564 1897 μεθ’
1588 1828 1652 1891 ἃς
1689 1831 1721 1897 ἡ
1753 1832 1852 1899 τῆς
1893 1829 1986 1881 τοῦ

433 1918 638 1987 Κυρίου
674 1918 1160 1986 μεταμορφώσεως
1186 1921 1364 1990 ἡμέρα
1405 1921 1631 1990 ἐπέστησ
1669 1924 1805 1990 μετὰ
1830 1921 1988 1972 ποίαν

424 2007 519 2062 οὖν
547 2026 563 2075 ;
587 2008 718 2060 Μετ’
749 2008 984 2077 ἐκείνην,
1037 2011 1155 2062 καθ’
1191 2014 1265 2081 ἦν⁷
1299 2011 1568 2063 δ.δάσκων
1621 2014 1745 2071 τοὺς
1790 2013 1988 2065 ἑαυτοῦ

430 2101 675 2170 μαθητὰς
702 2103 729 2153 6
755 2102 978 2169 Κύριος,
1001 2101 1208 2167 ἔλεγεν,
1239 2103 1362 2153 Ὅτι
1420 2102 1604 2170 μέλλει
1639 2104 1666 2155 6
1725 2103 1849 2166 Υἱὸς
1892 2105 1986 2157 τοῦ

427 2193 714 2263 ἀνθρώπου
739 2194 994 2262 ἔρχεσθαι
1025 2195 1078 2245 ἐν
1104 2197 1169 2262 τῇ
1198 2193 1322 2263 δόξῃ
1382 2196 1475 2247 τοῦ
1530 2198 1739 2265 Πατρὸς
1795 2201 1984 2264 αὐτοῦ,

429 2289 520 2337 καὶ
574 2281 881 2352 προσετίθει
937 2282 1110 2348 λέγων
1143 2301 1158 2316 ο
1190 2302 1206 2334 ι
1248 2285 1368 2337 ’Ότι
1402 2286 1507 2338 είσί
1561 2305 1702 2350 τινες
1747 2289 1854 2341 τῶν
1889 2284 1990 2341 ὧδε

430 2375 736 2441 ἑστηκότων
756 2415 770 2436 ,
794 2373 986 2433 οἵτινες
1013 2374 1072 2424 ού
1105 2375 1179 2443 μὴ
1197 2377 1498 2441 γεύσωνται
1517 2377 1770 2442 θανάτου,
1795 2378 1897 2441 ἕως
1927 2381 1993 2432 ἃ)

427 2463 582 2516 ἴδωσι
620 2464 711 2516 16v
743 2465 870 2518 Υίὸν
894 2465 986 2519 τοῦ
1018 2464 1304 2535 ἀνθρώπου
1335 2466 1623 2535 ἐρχόμενον
1647 2469 1702 2520 ἐν
1726 2471 1790 2537 τῇ
1838 2469 1992 2535 βασι-

429 2553 546 2624 λείᾳ
585 2557 752 2608 αὑτοῦ
777 2574 792 2586 ·
835 2575 852 2607 ι
894 2557 1055 2622 δόξαν
1079 2557 1173 2609 τοῦ
1215 2558 1424 2626 Πατρὸς
1456 2559 1545 2610 καὶ
1573 2559 1845 2627 βασιλείαν
1863 2563 1991 2614 ἐαυ-

428 2645 522 2696 τοῦ
555 2645 734 2698 καλῶν
769 2647 830 2699 16
855 2646 971 2715 φῶς
1001 2647 1100 2717 τῆς
1122 2648 1326 2707 οἰκείας
1385 2649 1886 2718 μεταμορφώσεως.

499 2735 668 2790 Τοῦτο
698 2739 790 2791 καὶ
817 2740 843 2789 6
872 2740 1274 2810 Εὐαγγελιστὴς
1299 2743 1511 2802 Λουκᾶς
1542 2740 1878 2802 ὑποδεικνὺς,
1904 2739 1998 2793 xui.

431 2829 758 2897 σαφέστερον
819 2830 1199 2899 ἐκτιθέμενος,
1247 2849 1264 2880 ι
1332 2831 1632 2898 Ἐγένοντο,
1669 2833 1821 2900 φησι,
1860 2833 1996 2898 μετά

430 2919 554 2979 τοὺς
594 2919 785 2984 λόγους
814 2919 1037 2981 τούτους
1071 2919 1204 2972 ὡσεὶ
1241 2923 1447 2993 ἡμέραι
1473 2923 1637 2988 ὀκτὼ,
1685 2925 1773 2975 καὶ
1809 2936 1993 2990 παρα-

431 3009 608 3061 λαϐὼν
638 3011 728 3064 τὸν
755 3011 958 3081 Πέτρον
991 3015 1085 3065 καὶ
1120 3005 1373 3068 Ἰάκωὸον
1397 3015 1491 3068 καὶ
1527 3015 1799 3083 Ἰωάννην,
1826 3016 1997 3084 ἀνέϐη

431 3103 508 3163 είς
535 3101 593 3153 16
621 3102 743 3171 ὅρος
777 3103 1180 3170 προσεύξασθαι
1207 3122 1221 3136 ο
1262 3107 1357 3160 καὶ
1385 3105 1601 3173 ἐγένετο
1636 3107 1692 3157 ἐν
1722 3105 1799 3174 τῷ
1828 3123 1996 3176 προσ-

2096 630 2294 683 Christi
2327 629 2379 681 in
2413 637 2595 681 monte
2636 626 3179 682 transiormationem
3235 625 3555 678 solemnitcr
3581 639 3668 677 eo-

2096 719 2280 782 limus,
2309 719 2484 786 deque
2516 717 2633 785 ejus
2689 716 2898 771 lumine
2935 715 3271 770 instituenda
3311 715 3464 768 nobis
3497 715 3671 768 oratio

2094 821 2197 875 est,
2230 812 2282 864 in
2318 810 2459 878 quod
2488 810 2783 862 etiamnum
2820 809 2958 862 lucis
3007 806 3257 861 hostibus
3291 807 3521 859 multum
3554 821 3657 860 cer-

2094 914 2273 956 tamen
2304 910 2404 956 est.
2437 899 2750 970 Ageigitur,
2775 915 2964 968 parum
2999 901 3152 953 initio
3184 909 3234 951 et
3268 913 3298 952 a
3329 896 3529 960 fronte,
3556 914 3671 966 quae

2095 996 2344 1064 l-guntur
2415 994 2574 1048 hodie
2606 1032 2618 1056 ,
2669 1008 2936 1062 ponamus
2984 993 3326 1060 evangelicae
3372 1003 3570 1053 voces,
3606 992 3671 1042 ad

2096 1087 2338 1157 mysterii
2393 1088 2810 1156 explicationem
2876 1101 2938 1139 ac
2971 1086 3319 1146 astruendam
3362 1083 3670 1138 veritatem.

2101 1200 2118 1232 ι
2163 1180 2290 1235 Post
2319 1180 2434 1236 dies
2466 1195 2558 1235 sex
2589 1179 2818 1235 assumit
2849 1179 3007 1233 Jesus
3047 1177 3265 1232 Petrum
3322 1187 3373 1231 et
3404 1177 3665 1231 Jacobum

2093 1283 2145 1327 et
2169 1270 2455 1333 Joannem,
2483 1280 2536 1324 et
2563 1271 2710 1325 ducit
2740 1271 2860 1325 illos
2912 1271 2962 1323 in
3006 1281 3243 1323 montem
3284 1269 3580 1334 excelsum,
3617 1279 3672 1324 et

2096 1364 2516 1432 transﬁguratus
2556 1372 2639 1417 est
2686 1372 2812 1416 ante
2844 1377 2960 1415 eos.
3021 1362 3084 1415 Et
3127 1362 3466 1430 resplenduit
3506 1361 3672 1415 facies

2092 1455 2210 1522 ejus
2239 1456 2378 1509 sicut
2405 1453 2484 1508 sol
2526 1455 2592 1507 ".
2626 1451 2734 1505 lloe
2768 1454 3004 1521 primum
3047 1468 3108 1508 ex
3145 1454 3437 1522 Etangelio
3462 1455 3673 1522 perspi-

2093 1549 2303 1602 ciamus
2339 1561 2560 1602 necesse
2595 1555 2702 1608 est,
2759 1545 3036 1599 undenam
3075 1547 3279 1600 Christi
3312 1545 3594 1617 apostolus
3620 1554 3674 1600 et

2091 1638 2421 1708 evangelista
2443 1638 2727 1692 Mattheus
2762 1638 2857 1691 sei:
2907 1638 3024 1691 dies
3052 1647 3350 1699 enunieret.
3378 1647 3499 1705 post
3533 1651 3672 1704 quos

2094 1733 2390 1786 Dominicaa
2435 1730 2935 1784 transiormationis
3000 1728 3117 1783 dies
3155 1729 3455 1782 advenerit.
3493 1731 3530 1780 A
3562 1743 3671 1796 quo

2094 1823 2258 1893 igitur
2312 1822 2400 1876 die
2437 1822 2459 1872 ?
2491 1821 2570 1874 Ab
2602 1835 2666 1876 eo
2711 1821 2935 1884 scilicet,
2971 1820 3024 1875 in
3095 1834 3206 1888 quo
3271 1821 3529 1874 Dominus
3575 1819 3675 1874 do-

2093 1930 2221 1969 cens
2263 1912 2558 1982 discipulos
2605 1927 2736 1966 suos
2784 1913 2966 1966 aiebat
3012 1927 3026 1963 :
3067 1931 3085 1963 ι
3130 1911 3433 1966 Venturum
3472 1910 3669 1964 Filium

2093 2006 2329 2061 hominis
2358 2007 2410 2060 in
2444 2005 2610 2074 gloria
2638 2005 2814 2059 Patris
2849 2005 2967 2071 sui;
3005 2023 3022 2055 ι
3069 2005 3404 2070 addiditque,
3437 2004 3665 2058 dicens:

2097 2096 2265 2151 «Sunt
2298 2097 2517 2166 quidam
2549 2097 2616 2151 de
2650 2097 2738 2149 hic
2766 2096 3057 2156 stantibus,
3094 2097 3186 2165 qui
3229 2111 3340 2149 non
3375 2095 3669 2165 gustabunt

2093 2198 2347 2252 mortem,
2379 2189 2551 2242 donec
2580 2187 2800 2241 videant
2831 2185 3025 2239 Filium
3075 2187 3312 2241 hominis
3361 2187 3666 2239 venientem

2095 2278 2147 2330 in
2179 2293 2346 2346 regno
2372 2295 2471 2334 suo
2506 2280 2586 2343 “;
2628 2298 2644 2330 ι
2676 2294 2868 2346 nempe
2898 2277 3075 2332 Patris
3121 2278 3352 2347 gloriam
3387 2291 3449 2330 ac
3497 2277 3669 2344 maje-

2095 2383 2314 2434 statem,
2342 2385 2610 2439 suumque
2634 2385 2883 2440 regnum,
2907 2371 3136 2438 propria:
3165 2371 3347 2424 lumen
3381 2367 3672 2423 Transier-

2096 2463 2352 2514 mationis
2383 2477 2604 2515 vocans.

2168 2725 2283 2780 Hoc
2315 2742 2530 2797 quoque
2557 2727 2733 2782 Lucas
2763 2729 3093 2799 evangelista
3143 2732 3443 2789 insinuans
3487 2735 3668 2789 mani-

2098 2817 2400 2887 festiusque
2417 2834 2695 2887 exponens
2727 2862 2742 2886 ,
2780 2839 2797 2871 ι
2826 2819 2975 2875 Facti
3008 2831 3158 2885 sunt,
3192 2824 3387 2893 inquit,
3422 2835 3543 2894 post
3571 2829 3668 2879 hos

2098 2925 2402 2972 sermones.
2429 2911 2542 2965 fere
2571 2912 2688 2966 dies
2717 2916 2862 2969 oe'to.
2898 2913 2962 2966 Et
2989 2927 3275 2986 assumpto
3310 2916 3470 2972 Jesus
3503 2917 3665 2972 Petro

2098 3011 2152 3056 et
2180 3000 2384 3056 Jacobo
2434 3012 2488 3057 et
2518 3003 2726 3058 Joanne
2751 3041 2766 3066 ,
2808 3007 3051 3060 ascendit
3081 3008 3138 3060 in
3168 3017 3429 3073 montem,
3459 3020 3516 3062 ut
3545 3026 3669 3063 ora~

2101 3102 2205 3148 ret.
2241 3093 2306 3146 Et
2336 3093 2480 3148 facta
2509 3101 2613 3159 est,
2662 3094 2790 3148 dum
2834 3106 3038 3164 oraret,
3074 3099 3284 3168 species
3320 3101 3499 3154 vultus
3546 3101 3666 3171 ejus

429 3191 680 3260 εύχεσθαι
725 3193 885 3246 αὑτὸν
918 3194 979 3247 16
1005 3191 1144 3258 εἶδος
1183 3196 1276 3249 τοῦ
1327 3195 1616 3264 προσώπου
1661 3195 1825 3249 αὐτοῦ
1878 3196 1994 3248 ἓτε-
2020 3197 2064 3255 C
2098 3184 2184 3238 alia

1910 3213 1994 3248 τε-
2020 3197 2064 3255 C
2098 3184 2243 3250 alia;
2279 3195 2334 3239 et
2357 3187 2583 3240 vestitus
2612 3187 2731 3257 ejus
2763 3188 2918 3242 albus
2945 3189 3218 3259 refulgens
3255 3191 3318 3246 ".
3358 3210 3376 3243 ι
3425 3192 3493 3247 At
3524 3210 3665 3262 quo-

431 3300 546 3352 ρον,
573 3285 665 3336 καὶ
689 3286 716 3336 6
747 3285 1038 3355 ἱματισμὸς
1067 3287 1235 3340 αὑτοῦ
1265 3287 1458 3351 λευκὸς
1506 3288 1919 3358 ἐξαστράπτων.
1962 3307 1980 3339 ι

444 3375 605 3428 Ἀλλά
639 3375 754 3437 πῶς
784 3378 1172 3445 συμφωνοῦσιν
1196 3380 1466 3450 ἀλλήλοις,
1492 3383 1519 3433 6
1550 3382 1672 3450 μὲν,
1703 3381 1846 3433 ὀκτὼ
1891 3398 1992 3450 φαο

428 3467 600 3533 νερῶς
632 3466 801 3518 εἰπὼν
831 3469 924 3530 τὰς
951 3470 1156 3538 μεταξὺ
1197 3471 1292 3538 τῆς
1349 3471 1681 3537 ἐπαγγελίας
1746 3475 1841 3525 καὶ
1890 3472 1992 3542 τῆς

429 3560 745 3627 ἐπιφανείας
775 3561 1006 3630 ἡμέρας,
1026 3562 1053 3614 6
1083 3563 1156 3626 δὲ,
1181 3564 1299 3633 μεθ’
1330 3566 1542 3633 ἡμέρας
1592 3569 1652 3630 ’ἐξ
1691 3586 1705 3631 ;
1740 3568 1992 3623 Ἀκούετε

428 3652 520 3701 καὶ
550 3651 777 3703 συνίετε.
817 3653 988 3705 Ὀκτὼ
1029 3655 1122 3706 ἐπὶ
1150 3655 1243 3706 τοῦ
1266 3655 1426 3723 ὅρους
1448 3653 1605 3725 ἦσαν,
1642 3662 1732 3712 καὶ
1758 3661 1816 3724 ἒξ
1839 3662 1994 3729 ἐφαί-

437 3757 609 3794 νοντο.
649 3744 810 3810 Τρεῖς
842 3737 1009 3807 οῦτοι,
1042 3745 1244 3811 Πέτρος
1270 3746 1364 3799 καὶ
1397 3747 1653 3810 Ἰάκωὸος
1685 3751 1778 3802 καὶ
1817 3753 1993 3804 Ἰωάν-

434 3851 553 3901 νης,
586 3835 631 3887 οἱ
653 3834 732 3903 τῷ
769 3833 938 3904 Ἰησοῦ
966 3837 1365 3899 συναναϐάντες
1385 3853 1399 3867 ο
1429 3835 1567 3890 εἶδον
1582 3840 1638 3892 δὲ
1661 3843 1778 3892 ἐκεῖ
1805 3843 1991 3894 συνόν-

403 3914 528 3987 τας
558 3925 704 3994 αὐτῷ
743 3927 837 3978 καὶ
867 3927 1282 3994 συλλαλοῦντας,
1318 3928 1414 3981 καὶ
1474 3930 1565 3982 τὶν
1623 3930 1868 3998 Μωῦσῆν
1897 3934 1990 3985 καὶ

428 4018 518 4069 τὸν
558 4017 761 4082 Ἠλίαν,
793 4017 868 4079 ὡς
894 4015 1029 4070 εἶναι
1086 4020 1308 4081 τούτους
1336 4021 1396 4085 ἐξ
1424 4035 1439 4050 ⁸
1493 4021 1629 4073 ἀλλὰ
1664 4023 1742 4091 τῷ
1800 4025 1990 4092 Κυρίῳ

432 4107 646 4168 πάντως
700 4107 944 4175 άοράτως
977 4109 1073 4159 καὶ
1103 4109 1130 4158 6
1182 4109 1372 4177 Πατὴρ
1405 4109 1498 4162 καὶ
1553 4113 1613 4161 τὸ
1651 4108 1873 4179 Πνεῦμα
1932 4110 1991 4162 16

430 4199 584 4264 ἆγιον
615 4201 813 4266 συνῆν·
841 4200 869 4251 6
905 4199 1002 4268 μὲν
1054 4201 1345 4268 μαρτυρῶν
1398 4201 1486 4253 διὰ
1539 4203 1722 4270 φωνῆς
1760 4202 1987 4266 οἰκείας.

427 4292 711 4357 ἀγαπητὸν
779 4292 904 4344 Υἱον
960 4289 1100 4344 εἶναι
1157 4292 1344 4344 τοῦτον
1393 4292 1586 4345 ἑαυτοῦ
1623 4309 1637 4323 ·
1677 4294 1736 4344 τὸ
1761 4293 1818 4354 δὲ
1885 4292 1988 4355 ,διὰ

425 4384 522 4453 τῆς
583 4385 848 4452 φωτεινῆς
910 4383 1138 4451 νεφέλης
1188 4383 1597 4452 συνεκλάμπον,
1635 4386 1730 4435 καὶ
1781 4385 1839 4437 τὸ
1891 4383 1984 4435 τοῦ

428 4475 558 4527 Υίοῦ
596 4476 728 4544 πρός
775 4490 834 4525 τε
864 4475 994 4527 αὐτὸ
1039 4477 1129 4527 καὶ
1160 4475 1251 4527 τδν
1320 4475 1537 4542 Πατέρα
1590 4477 1833 4544 συμφυὲς
1892 4477 1985 4529 καὶ

426 4568 624 4619 ἐνιαῖον
649 4567 740 4618 τοῦ
771 4569 945 4634 φωτὸς
978 4566 1222 4618 δεικνύον
1257 4581 1268 4598 '
1295 4566 1501 4619 τούτων
1554 4569 1662 4637 γὰρ
1701 4567 1924 4629 πλοῦτος
1950 4570 1982 4634 ἡ

428 4658 697 4724 συμφυῖα,
723 4658 815 4710 xui.
850 4658 909 4709 τὸ
940 4657 997 4709 ἓν
1047 4658 1256 4727 ἐξαλμα
1313 4659 1409 4728 τῆς
1427 4658 1807 4728 λαμπρότητος
1831 4675 1845 4691 ο
1900 4660 1989 4710 οῦ·

422 4763 530 4810 τως
561 4747 653 4800 οῦν
685 4749 826 4801 ὀκτώ
847 4752 982 4802 εἰσιν
1005 4752 1055 4801 οί
1088 4749 1167 4814 ἓξ.
1208 4749 1298 4811 Ὠς
1335 4746 1428 4803 οὖν
1478 4750 1536 4800 ἐν
1591 4750 1798 4811 τούτοις
1841 4750 1989 4802 οὐδε-

429 4841 559 4907 μίαν
580 4841 876 4906 διαφωνίαν
899 4842 1015 4910 ἒχει
1045 4846 1072 4894 6
1098 4841 1157 4904 ἓξ
1183 4843 1318 4912 πρὸς
1357 4843 1448 4893 τὸν
1480 4840 1645 4907 ὀκτὼ,
1674 4842 1844 4904 οὕτως
1867 4841 1987 4894 οὐδέ

423 4931 472 4982 οἱ
497 4932 879 4997 εύαγγελισταὶ
903 4933 1281 5000 διαφωνοῦσιν,
1304 4937 1330 4986 6
1355 4935 1450 5003 μὲν
1473 4932 1640 4984 εἰπὼν
1663 4972 1678 4997 ,
1708 4933 1824 5001 μεθ’
1850 4934 1986 5002 ἡμέ-

425 5037 522 5090 ρας
546 5021 625 5084 ἒξ,
654 5024 682 5074 6
715 5023 770 5075 δέ
813 5025 1046 5086 Λουκᾶς,
1089 5021 1372 5090 Ἐγένοντο
1401 5080 1406 5088 ,
1433 5024 1570 5090 μετὰ
1629 5024 1752 5084 τοὺς
1791 5023 1988 5089 ,λόγους

424 5111 646 5174 τούτους
670 5110 962 5182 ῶςήμέραι
990 5114 1133 5164 ὀκτώ
1159 5129 1173 5144 ·
1207 5112 1324 5165 ἀλλ’
1356 5108 1466 5165 οἶόν
1502 5130 1622 5163 τινα
1655 5111 1820 5163 τύπον
1856 5113 1986 5181 ἡμῖν

437 5201 507 5252 δι’
562 5201 895 5269 ἀμφοτέρων
958 5202 1161 5254 τούτων
1217 5203 1426 5254 ἔδωκαν
1478 5201 1586 5253 τῶν
1642 5201 1815 5267 λόγων
1885 5200 1990 5251 τῶν

423 5297 481 5349 ἐν
535 5294 613 5364 τῷ
659 5295 772 5361 δρει
825 5297 1110 5364 μυστικῶς
1169 5297 1282 5364 ἅμα
1314 5296 1407 5371 κα).
1471 5294 1727 5379 ἐμφανῶς
1749 5293 1986 5347 συνειλε-

421 5386 661 5454 γμένωνζ
697 5387 825 5438 Ἰδοι
859 5389 966 5456 γὰρ
991 5387 1056 5440 ἄν
1087 5405 1165 5450 τις
1197 5387 1336 5439 οὕτω
1369 5390 1461 5440 καὶ
1498 5386 1634 5438 κατὰ
1661 5387 1718 5437 16
1746 5388 1979 5455 γράμμα

421 5479 598 5540 καλῶς
634 5480 874 5546 σκοπῶν,
899 5481 1192 5548 ὁμολόγους
1248 5481 1507 5550 ἀλλήλους
1539 5481 1662 5541 τοὺς
1713 5481 1976 5548 θεοκήρυ-

421 5587 522 5631 κας
543 5586 557 5600 ·
591 5569 736 5622 ὀκτὼ
773 5573 880 5638 γὰρ
908 5568 1060 5624 εἶπεν
1094 5574 1121 5624 6
1155 5574 1367 5635 Λουκᾶς
1398 5573 1629 5642 ἡμέρας,
1668 5572 1726 5622 ού
1778 5572 1978 5639 διαφω-

418 5662 524 5715 νῶν
557 5663 694 5732 πρὸς
721 5665 944 5726 ἐκεῖνον,
987 5666 1206 5717 εἰπόντα
1273 5666 1390 5735 μεθ’
1443 5666 1653 5733 ἡμέρας
1711 5663 1789 5727 ἓξ,
1841 5664 1974 5716 ἀλλὰ

487 5843 530 5873 ¹¹
561 5841 748 5897 Matth.
791 5858 919 5905 wn,
956 5842 975 5896 l
1007 5859 1160 5913 seqq.
1240 5847 1279 5876 ¹²
1315 5846 1497 5900 Matth.
1529 5864 1634 5901 ..γι
1661 5831 1747 5899 2'7.

750 5943 862 6000 l‘n
879 5957 1014 6003 twL.
1056 5943 1170 6002 Gn.
1207 5941 1329 6004 CLI

1833 5846 1872 5875 ¹³
1912 5845 2046 5898 Luc.

2099 3293 2223 3331 nam
2261 3279 2421 3332 modo
2452 3280 2597 3334 inter
2634 3295 2692 3334 se
2715 3282 3084 3345 consentiunt,
3120 3298 3244 3338 cum
3276 3286 3413 3340 alter
3441 3289 3659 3356 quidem

2097 3378 2223 3423 octo
2252 3370 2426 3438 palam
2461 3370 2575 3425 dies
2607 3371 2986 3429 intercessisse
3019 3376 3166 3430 dicat
3198 3393 3227 3430 a
3268 3379 3660 3446 pollicitatione

2097 3459 2165 3514 ad
2197 3462 2553 3530 apparitionis
2582 3463 2746 3528 diem,
2809 3466 2944 3518 alter
2967 3481 3115 3532 vero,
3142 3486 3158 3518 ι
3193 3479 3316 3538 post
3343 3484 3437 3524 sex
3472 3471 3609 3535 dies,
3641 3496 3658 3523 ι

2098 3552 2550 3608 habeatiAudite
2582 3568 2647 3606 ac
2677 3555 2983 3626 intelligite.
3009 3557 3147 3612 Octo
3179 3571 3334 3613 erant
3369 3562 3419 3614 in
3451 3573 3658 3627 monte,

2095 3655 2150 3699 et
2176 3659 2269 3699 sex
2304 3646 2658 3712 apparebant.
2687 3647 2955 3702 Nimirum
2995 3650 3050 3704 lii
3089 3661 3222 3716 tres,
3255 3652 3449 3709 Petrus
3492 3665 3545 3709 et
3569 3655 3662 3708 Ja-

2093 3738 2262 3793 cobus
2299 3746 2355 3792 et
2381 3737 2641 3805 Joannes,
2677 3743 2769 3809 qui
2805 3756 2929 3795 cum
2968 3741 3095 3798 Iesu
3129 3747 3489 3799 ascenderant
3519 3790 3533 3812 ,
3574 3750 3658 3801 vi-

2095 3830 2406 3900 deruntque
2459 3832 2532 3885 ibi
2583 3843 2867 3886 versantes
2907 3849 3030 3887 etim
3080 3833 3231 3899 Jesn,
3279 3837 3440 3906 eique
3488 3839 3660 3892 collo-

2094 3929 2346 3990 quentes,
2369 3919 2590 3990 liloysen
2624 3931 2670 3974 et
2706 3921 2878 3975 Etiam
2909 3924 3036 3976 :sed
3065 3935 3113 3976 et
3145 3923 3303 3978 Pater
3333 3935 3388 3980 et
3419 3926 3657 3995 Spiritus

2094 4021 2317 4066 sanctus
2375 4012 2636 4066 invisibili
2692 4028 2920 4080 prorsus
2968 4030 3091 4067 cum
3155 4015 3385 4071 Domino
3445 4020 3657 4073 ratione

2092 4112 2246 4155 erant
2277 4121 2289 4156 :
2327 4104 2465 4156 alter
2494 4102 2712 4172 quidem
2743 4119 2874 4158 voce
2931 4120 3032 4160 sua
3085 4115 3342 4160 testatum
3400 4108 3653 4173 reddens,

2093 4208 2212 4247 esse
2244 4193 2389 4247 hunc
2435 4193 2632 4248 Filium
2685 4210 2842 4247 suum
2888 4197 3298 4263 charisstmum,
3338 4197 3473 4252 alter
3527 4215 3656 4253 vero

2095 4290 2144 4339 in
2179 4288 2322 4341 nube
2384 4287 2560 4342 lucida
2597 4289 2797 4356 pariter
2844 4289 3129 4358 eﬂ'ulgens,
3181 4290 3413 4362 Filiique
3467 4309 3651 4347 secum

2091 4389 2143 4429 et
2191 4380 2312 4432 cuin
2373 4381 2533 4434 Patre
2584 4381 2724 4434 lucis
2778 4383 3228 4448 coniutictitincm
3277 4401 3340 4438 ac
3389 4387 3650 4441 unitatem

2093 4469 2410 4526 ostendens.
2450 4471 2654 4526 Horum
2687 4473 2834 4526 enim
2867 4475 3144 4542 opulentia
3201 4477 3518 4545 conjunctio
3571 4491 3655 4537 est

2093 4579 2307 4631 unaque
2338 4564 2640 4632 splendoris
2666 4565 3011 4633 prosultatio.
3043 4567 3132 4619 Sic
3161 4568 3324 4635 igitur
3352 4582 3479 4625 sunt
3507 4583 3648 4625 octo.

2088 4653 2563 4719 Quemadmodum
2617 4657 2780 4725 igitur
2827 4658 2959 4710 nihil
2999 4659 3086 4712 hie
3122 4661 3367 4714 dissonat
3400 4664 3650 4717 senarius

2088 4748 2156 4800 ab
2189 4747 2471 4801 octonario
2495 4788 2509 4811 ,
2546 4749 2627 4801 sic
2668 4762 2843 4816 neque
2893 4750 3348 4817 evangelistarnm
3378 4753 3483 4804 ulla
3526 4754 3644 4807 dis-

2086 4838 2274 4891 cordia
2333 4847 2437 4903 est,
2470 4840 2610 4907 quod
2647 4839 2784 4893 alter
2812 4839 3034 4903 dixerit,
3075 4859 3092 4891 ι
3129 4852 3250 4910 post
3298 4843 3413 4897 dies
3457 4860 3590 4909 sex;
3625 4867 3643 4897 ι

2090 4927 2263 4982 Lucas
2291 4945 2421 4983 vero
2454 4945 2467 4982 :
2515 4948 2533 4981 ι
2568 4929 2718 4984 Facti
2755 4941 2881 4985 sunt
2918 4943 3040 5000 post
3068 4935 3166 4985 hos
3206 4949 3491 4989 sermones
3541 4938 3650 4990 fere

2089 5021 2205 5075 dies
2238 5000 2448 5084 ὁρίου»
2484 5008 2577 5074 sed
2617 5021 2866 5090 utrisque
2901 5024 3049 5077 velut
3081 5027 3431 5092 spectandam
3468 5027 3646 5092 nobis,

2085 5127 2273 5166 eorum
2303 5127 2422 5180 quin
2439 5115 2706 5183 secretius
2729 5116 2916 5180 simul,
2950 5124 3004 5167 et
3029 5133 3148 5183 qum
3179 5118 3352 5182 palam
3387 5121 3436 5168 in
3466 5133 3649 5172 inmite

2085 5205 2394 5257 consociata
2429 5181 2633 5269 essent,
2669 5209 2903 5273 speciem
2939 5207 3155 5260 dedere.
3210 5207 3300 5262 Sic
3345 5211 3488 5263 enim
3523 5215 3646 5281 quis

2086 5297 2150 5348 ad
2183 5296 2414 5348 litteram
2442 5313 2664 5364 quoque
2698 5299 2799 5349 rite
2827 5297 3207 5361 considerans,
3253 5301 3394 5353 inter
3427 5317 3484 5354 se
3516 5320 3646 5355 eon-

2087 5389 2278 5440 cordes
2313 5387 2523 5440 divinos
2561 5403 2837 5455 praecones
2867 5388 3178 5443 adverterit.
3231 5391 3366 5443 Octo
3411 5406 3646 5457 namque

2087 5478 2203 5530 dies
2238 5477 2372 5530 dixit
2401 5479 2589 5532 beatus
2621 5478 2817 5540 Lucas,
2876 5496 2980 5531 non
3027 5481 3094 5532 ab
3122 5495 3188 5532 eo
3222 5482 3512 5545 diSsidens,
3550 5486 3644 5550 qui

2091 5587 2107 5617 ί
2152 5583 2272 5638 post
2322 5584 2413 5622 sex
2443 5569 2577 5632 dies,
2614 5590 2629 5620 ι
2673 5571 2916 5634 dixerat;
2964 5571 3053 5623 sed
3108 5571 3249 5624 velut
3300 5573 3641 5641 complexus,

2085 5673 2199 5715 tum
2236 5678 2352 5717 eam
2391 5662 2558 5729 diem,
2594 5680 2695 5733 qua
2733 5679 3012 5719 sermones
3059 5665 3222 5717 habiti
3255 5676 3466 5732 c.~sent,
3523 5678 3634 5721 tum

2087 5862 2160 5909 ix,
2201 5847 2288 5900 28.

3220 5948 3286 6005 l'+
