4444 6450
456 412 569 484 429

1774 424 2099 483 ΗΟΜΙΙᾸΑ
2145 422 2415 486 XXXiV.

3597 443 3705 508 430

456 530 664 594 οἰκείας
699 530 1006 600 περιωπῆς,
1038 531 1095 583 τὸ
1117 531 1174 585 δὲ
1223 533 1372 602 ἡμᾶς
1428 534 1644 601 ἀνάγων
1689 537 1751 587 ἐκ
1775 536 1871 601 τῆς
1926 536 2025 588 κά.
2061 542 2103 596 Α
2137 536 2211 589 vel

1947 536 2025 587 πάι
2061 542 2103 596 Α
2137 536 2219 589 vel
2248 537 2441 591 leviter
2476 544 2722 609 capiatur
2772 560 2799 598 a
2856 559 3049 602 natura
3079 562 3284 617 creata,
3338 562 3391 608 et
3439 562 3702 622 quantum

456 621 630 675 τωθεν
663 622 1072 685 ταπεινώσεως,
1101 624 1189 675 ἶνα
1220 624 1446 694 χωρηθῇ
1485 627 1723 695 μετρίως
1753 628 1882 691 γοῦν
1907 646 2029 693 γεν-

451 715 588 782 νητῇ
627 712 808 781 φύσει,
837 715 933 767 καὶ
965 714 1088 767 ὅσον
1143 716 1387 782 ἀσφαλὲς
1432 717 1460 768 ό
1504 717 1806 786 ἀχώρητος.
1858 720 1924 772 Ἠ
1970 719 2027 772 δὲ

454 803 680 872 τοιαύτη
712 804 985 872 φαντασία
1042 806 1102 857 ού
1140 805 1233 857 τοῦ
1262 805 1351 858 νοῦ
1377 806 1595 875 χείρων,
1656 809 1791 861 ἀλλὰ
1847 812 2029 879 πολλῷ

455 894 722 963 κρείττων
749 896 842 948 καὶ
874 894 1206 966 ὑψηλοτέρα,
1234 896 1310 959 ὡς
1345 899 1672 967 ἐγγινομένη
1711 902 1775 970 τῇ
1794 901 2025 969 δυνάμει

454 988 546 1039 τοῦ
572 987 718 1039 θείου
739 986 1077 1057 Πνεύματος.
1117 990 1190 1041 Ού
1219 989 1425 1056 γίνεται
1460 991 1751 1060 τοιγαροῦν
1780 994 2027 1045 καὶάπο-

453 1077 682 1145 γίνεται,
705 1080 826 1132 οὐδὲ
855 1080 1266 1149 περιγράφεται
1293 1081 1402 1134 οὐδ’
1451 1082 1745 1153 αίσθητικῇ
1796 1085 2024 1153 δυνάμει

457 1169 754 1222 ὑποπίπτει
793 1170 853 1223 τὸ
884 1171 997 1238 φῶς
1027 1173 1125 1242 τῆς
1147 1173 1240 1225 τοῦ
1277 1175 1483 1240 Κυρίου
1522 1176 2021 1246 μεταμορφώσεως,

453 1262 502 1313 εί
536 1264 627 1314 κα)⁵
653 1262 722 1314 δι’
752 1261 1048 1331 ὀφθαλμῶν
1086 1263 1413 1327 σωματικῶν
1446 1264 1708 1334 ἑώραται,
1764 1267 1860 1319 καὶ
1887 1267 2023 1335 πρὸς

452 1351 632 1419 ὀλίγον
661 1354 873 1423 χρόνον,
905 1356 1001 1407 καὶ
1032 1355 1089 1405 ὲν
1151 1354 1385 1426 βραχείᾳ
1419 1356 1512 1408 τοῦ
1572 1357 1733 1427 ὅρους
1787 1362 2021 1428 κορυφῇ,

454 1444 707 1498 ἀλλ’ἀπδ
766 1445 868 1514 τῆς
926 1446 1129 1515 σαρκὸς
1159 1448 1253 1498 ἐπὶ
1303 1447 1363 1499 τὸ
1431 1447 1658 1518 Πνεῦμα
1712 1451 2024 1519 τηνικαῦτα

452 1535 594 1586 κατά
626 1534 975 1601 τδνείπόντα,
1008 1553 1026 1586 ι
1053 1535 1378 1606 Μετέϐησαν
1398 1538 1448 1589 ei
1472 1536 1563 1589 τοῦ
1590 1538 1794 1609 Κυρίου
1822 1540 2021 1608 μύσται

449 1628 516 1695 τῇ
546 1624 818 1693 ὲναλλαγῇ
884 1627 993 1679 τῶν
1027 1628 1351 1695 αίσθήσεων,
1377 1631 1445 1699 ἣν
1468 1629 1651 1693 αὐτοῖς
1678 1632 1740 1685 τὸ
1800 1631 2021 1697 Πνεῦμα

452 1717 779 1785 ἑνήργησε,ι
820 1716 913 1768 καὶ
945 1716 1117 1778 οὕτως
1137 1714 1299 1780 εἶδον,
1325 1717 1385 1770 οῦ
1419 1736 1478 1770 τε
1509 1721 1603 1772 καὶ
1627 1721 1711 1786 ἐφ’
1743 1722 1865 1772 ὅσον
1894 1723 2019 1791 ἐχα-

452 1806 644 1872 ρίσατο
675 1806 935 1874 τούτοιςὴ
958 1808 1050 1859 τοῦ
1108 1808 1252 1861 θείου
1309 1810 1625 1880 Πνεύματος
1675 1809 1924 1880 δύναμις,
1960 1814 2020 1866 τὸ

448 1892 764 1961 ἀπόρρητον
792 1896 969 1947 έκεῖνο
1002 1895 1136 1962 φῶς.

520 1983 584 2033 '0
614 1982 689 2052 μὴ
718 1984 1021 2046 συνιδόντες
1051 1989 1097 2038 οἱ
1125 1988 1217 2038 νῦν
1250 1991 1328 2053 ε’ίς
1354 1988 1511 2044 τοῦτο
1538 1993 2011 2068 βλασφημοῦντες,

447 2072 736 2142 αἰσθητικῇ
769 2092 824 2125 τε
857 2078 947 2126 καὶ
974 2082 1165 2149 κτιστῇ
1193 2080 1420 2151 δυνάμει
1449 2085 1573 2148 τοὺς
1592 2088 1881 2159 ἐκκρίτους
1909 2095 2018 2147 τῶν

448 2164 761 2218 ἀποστόλων
819 2167 944 2219 ίδείν
1004 2169 1259 2239 ᾠήθησαν
1297 2174 1355 2226 τὸ
1373 2176 1487 2243 φῶς
1532 2182 1627 2247 τῆς
1661 2181 1753 2235 τοῦ
1810 2186 2015 2255 Κυρίου

451 2260 949 2326 μεταμορφώσεως,
983 2264 1075 2316 καὶ
1120 2264 1206 2316 διὰ
1242 2266 1401 2320 τοῦτο
1450 2277 1741 2344 κατασπᾷν
1803 2279 2017 2348 ἐπιχει-

453 2346 632 2414 ροῦσιν
669 2350 747 2410 είς
815 2350 1020 2421 κτίσμα
1050 2354 1124 2422 μὴ
1154 2356 1313 2423 μόνον
1345 2358 1405 2409 τὸ
1434 2362 1545 2428 φῶς
1579 2363 1774 2428 έκεῖνο,
1805 2346 1909 2437 τὴν
1923 2346 2016 2422 τοῦ

446 2436 582 2490 θεοῦ
608 2440 767 2504 δόξαν
788 2444 882 2495 καὶ
914 2442 1214 2511 βασιλείαν,
1247 2448 1383 2501 ἀλλὰ
1414 2453 1509 2503 καὶ
1523 2451 1622 2522 τὴν
1659 2436 1890 2525 δύναμιν
1921 2460 2014 2512 τοῦ

447 2525 594 2578 θείου
630 2528 972 2597 Πνεύματος,
1002 2531 1070 2584 δι’
1096 2529 1162 2604 ἦς
1194 2536 1262 2588 τά
1284 2538 1403 2591 θεῖα
1430 2542 1541 2602 τοῖς
1583 2542 1755 2607 ἀξίοις
1807 2548 2017 2601 ἀποκα-

446 2615 727 2671 λύπτεται.
752 2622 824 2673 Ού
851 2623 957 2693 γάρ
980 2625 1238 2693 ἥκουσαν,
1276 2630 1307 2698 ἢ
1340 2631 1438 2684 οὐκ
1462 2634 1787 2691 ἐπίστευσαν
1822 2641 2017 2713 Παύλῳ

445 2709 675 2776 λέγοντι·
706 2716 806 2768 t'A
835 2716 1110 2786 ὀφθαλμὸς
1137 2720 1238 2775 ούκ
1264 2720 1393 2788 εἶδε,
1432 2728 1525 2778 καὶ
1549 2729 1641 2792 οὓς
1666 2733 1766 2785 οὐκ
1789 2709 2013 2803 ἤκουσε,

446 2804 539 2854 καὶ
559 2803 653 2855 ἐπὶ
687 2807 913 2874 καρδίαν
948 2811 1233 2879 ἀνθρώπου
1268 2818 1366 2869 οὐκ
1406 2820 1594 2891 ἀνέϐη,
1657 2824 1692 2877 ἃ
1718 2827 2016 2897 ἡτοίμασεν

445 2895 472 2945 ό
504 2895 635 2958 Θεὸς
669 2900 781 2956 τοῖς
816 2902 1107 2965 ἀγαπῶσιν
1142 2906 1325 2971 αὑτὸν,
1352 2911 1482 2979 ἡμῖν
1517 2913 1572 2965 δὲ
1603 2895 1955 2988 ἀπεκάλυψεν
1989 2923 2015 2973 ὁ

446 2986 574 3048 Θεὸς
609 2986 698 3040 διὰ
728 2989 821 3041 τοῦ
864 2992 1177 3061 Πνεύματος
1239 2999 1447 3052 αὐτοῦ·
1508 3004 1567 3054 τὸ
1629 3005 1737 3075 γὰρ
1797 2986 2018 3079 Πνεῦμα

444 3079 641 3150 ἐρευνᾷ
668 3085 761 3134 καὶ
783 3084 1022 3156 ’τάβάθη
1048 3087 1138 3139 τοῦ
1160 3088 1321 3143 Θεοῦ.
1367 3111 1386 3143 ι
1459 3095 1619 3148 Ἀλλὰ
1678 3099 1773 3167 τῆς
1825 3102 2017 3171 ὀγδόης

445 3174 769 3237 ἐπιστάσης,
794 3176 1049 3245 καθάπερ
1079 3179 1318 3249 εἴρηται,
1370 3187 1707 3254 παραλαϐὼν
1735 3192 1762 3242 ό
1812 3192 2012 3261 Κύριος

443 3263 532 3314 τὸν
568 3263 768 3333 Πέτρον
800 3266 892 3318 καὶ
927 3266 1181 3323 Ἰάκωϐον
1214 3275 1309 3325 καὶ
1370 3275 1648 3347 Ἰωάννην,
1710 3282 1877 3351 ἀνέϐη
1934 3285 2015 3346 είς

443 3354 505 3403 τὸ
535 3353 660 3419 ὅρος
690 3356 1131 3425 προσεύξασθαι·
1166 3362 1251 3414 ἀεὶ
1290 3366 1400 3433 γὰρ
1441 3366 1472 3434 ἢ
1507 3369 1752 3435 πάντων,
1791 3374 1883 3424 καὶ
1915 3377 2015 3426 αύ-

442 3445 551 3497 τῶν
588 3448 696 3500 τῶν
728 3450 1062 3514 ἀποστόλων,
1102 3453 1257 3523 192
1293 3456 1593 3527 ἀποχωρῶν
1638 3464 1797 3530 μόνος
1843 3483 2011 3534 προσ-

442 3538 655 3608 ηύχετο,
688 3541 937 3611 καθάπερ
980 3545 1138 3612 ἡνίκα
1198 3552 1323 3610 τοὺς
1382 3555 1854 3623 πεντακισχιλίους
1913 3560 2011 3610 σὺν

446 3633 658 3699 γυναιξὶ
682 3635 777 3688 καὶ
800 3636 1031 3699 παιδίοις
1058 3640 1219 3691 πέντε
1255 3641 1441 3711 ἄρτοις
1485 3644 1579 3697 καὶ
1611 3645 1763 3697 δυσὶν
1803 3646 2013 3716 ἰχθύσιν

443 3726 705 3798 ἐξέθρεψε
733 3744 748 3758 ’
782 3732 1039 3800 πάραυτα
1066 3732 1172 3802 γὰρ
1207 3734 1413 3798 πάντας
1445 3737 1748 3803 ἀπολύσας,
1777 3742 2010 3803 καὶτοὺς

447 3823 692 3893 μαθητάς
723 3824 930 3887 πάντας
964 3827 1279 3894 ἀναγκάσας
1317 3831 1552 3900 ἐμϐῆναι
1589 3836 1666 3896 είς
1712 3834 1773 3886 τὸ
1804 3832 2009 3897 πλοῖον,

443 3914 599 3976 αὐτὸς
627 3914 794 3983 ἀνέϐη
824 3917 904 3979 εἰς
942 3917 1004 3968 τὸ
1036 3917 1162 3987 ὅρος
1190 3920 1596 3989 προσεύξασθαι
1630 3940 1642 3953 υ
1692 3927 1723 3994 ἢ
1793 3938 2011 3995 συμπα-

445 4003 809 4073 ραλαμϐάνων
840 4006 1076 4072 ὀλίγους,
1111 4009 1201 4059 καί
1234 4011 1360 4072 τοὺς
1412 4013 1519 4065 τῶν
1578 4016 1756 4069 ἄλλων
1805 4018 2007 4086 ὑπερέ-

441 4111 634 4165 χοντας
668 4096 784 4165 μεθ’
822 4096 1017 4149 ἑαυτοῦ
1041 4112 1055 4125 ·
1086 4098 1178 4151 καὶ
1202 4099 1295 4151 τ’ιῦ
1354 4104 1627 4173 σωτηρίου
1647 4108 1754 4176 γάρ
1798 4109 2010 4170 πάθους

442 4189 830 4258 προσάγοντος,
859 4192 972 4250 τοῖς
1002 4190 1101 4257 μὲν
1123 4190 1301 4255 ἄλλοις
1327 4194 1599 4265 μαθηταῖς
1643 4217 1799 4269 φησι,
1842 4202 2009 4255 Καθί-

442 4296 570 4333 σατε
587 4275 711 4343 ὦδε,
734 4280 837 4344 ἕως
871 4284 1241 4352 προσεύξομαι
1266 4302 1279 4315 ο
1340 4288 1763 4359 παραλαμϐάνει
1819 4294 1876 4347 δὲ
1915 4296 2008 4350 τὸν

441 4371 645 4440 Πέτρον
678 4373 771 4424 καὶ
802 4374 1057 4427 Ἰάκωϐον
1079 4377 1170 4429 καὶ
1204 4378 1458 4449 Ἰωάννην
1481 4382 1599 4449 μεθ’
1628 4383 1845 4439 ἑαυτοῦ.
1873 4389 2009 4442 Τού-

437 4480 562 4526 τους
585 4460 678 4516 οῦν
708 4463 984 4517 κάνταῦθα
1012 4468 1208 4533 μόνους
1243 4472 1598 4540 παραλαϐὼν,
1627 4477 1895 4547 ἀναφέρει
1923 4483 2004 4544 είς

437 4554 560 4624 ὅρος
594 4555 792 4625 ὑψηλὸν
828 4557 950 4609 κατ’
988 4557 1147 4621 ἰδίαν,
1198 4561 1292 4612 καὶ
1350 4540 1759 4635 μετεμορφώθη⁷
1793 4540 2002 4640 έμπροξ-
2039 4540 2080 4593 D

440 4647 565 4698 σθεν
585 4649 782 4713 αὐτῶν,
816 4650 1092 4701 τουτέστιν
1115 4651 1294 4705 αὐτῶν
1316 4654 1591 4722 ὁρώντων.
1618 4659 1683 4712 Τί
1717 4663 1854 4726 ἐστι,
1892 4666 2004 4717 Με-

438 4738 805 4807 τεμορφώθη;
840 4740 1002 4808 φησὶν
1033 4743 1060 4793 ό
1089 4743 1473 4814 Χρυσὸστομος
1511 4748 1783 4817 θεολόγος.
1823 4756 2006 4825 Παρή-

439 4830 630 4894 νοιξεν,
657 4829 733 4892 ὡς
757 4832 1069 4901 εὐδόκησεν,
1095 4833 1275 4901 ὀλίγον
1312 4838 1407 4905 τῆς
1436 4838 1706 4909 θεότητος,
1756 4846 1850 4898 καὶ
1895 4850 2007 4909 τοῖς

440 4919 674 4989 μύσταις
699 4920 864 4987 ἔδειξε
902 4924 991 4973 τὸν
1027 4925 1339 4978 ἐνοικοῦντα
1386 4928 1539 4982 Θεόν.
1595 4932 1842 4998 Ἐγένετο
1897 4938 2003 5007 γάρ

434 5014 493 5065 ὲν
516 5011 593 5082 τῷ
622 5013 1017 5082 προσεύχεσθαι
1056 5015 1237 5078 αὐτὸν,
1285 5017 1407 5074 ὼςὸ
1453 5020 1668 5085 Λουκᾶς
1726 5040 1882 5093 φησι,
1943 5027 2004 5077 τὸ

435 5098 800 5166 εἶδοςαὺτοῦ
868 5104 1095 5173 ἕτερον·
1144 5106 1364 5176 λάμψαν
1411 5109 1600 5180 ὥσπερ
1649 5114 1820 5183 ἥλιο,
1861 5117 1934 5179 ὡς
1977 5120 2003 5170 ὁ

433 5194 711 5257 Maeonio;
741 5196 963 5263 γράφει.
1008 5197 1095 5259 Ὠς
1118 5198 1265 5265 ἣλιος
1297 5200 1353 5251 δὲ
1376 5197 1551 5265 εἶπεν,
1581 5205 1675 5272 οὐχ
1700 5205 1785 5257 ἵνα
1808 5210 2001 5278 αἰσθη-

434 5287 524 5337 τὸν
544 5288 769 5358 ὲννοήσῃ
802 5304 886 5351 τις
925 5290 985 5339 τὸ
1041 5289 1157 5357 φῶς
1217 5292 1413 5358 ἐκεῖνο,
1474 5294 1655 5363 ἄπαγε
1718 5299 1813 5367 τῆς
1862 5303 2002 5354 κατὰ

434 5378 556 5431 νοῦν
580 5380 842 5448 ἀϐλεψίας
870 5382 978 5432 τῶν
1012 5382 1181 5450 μηδὲν
1216 5384 1322 5436 τῶν
1348 5386 1470 5439 κατ’
1516 5388 1774 5458 αἴσθησιν
1820 5412 2003 5461 φαινι-

434 5473 611 5541 μένων
644 5473 974 5542 ὑψηλότερον
996 5475 1197 5527 ἐννοεῖν
1226 5475 1542 5544 δυναμένων
1570 5481 1581 5532 ί
1612 5482 1832 5543 ἀλλ’ἵνα
1865 5489 2001 5552 γνῷ..

432 5580 552 5631 μεν,
580 5563 660 5614 ὅτι
688 5562 716 5614 ὃ
746 5564 858 5625 τοῖς
898 5562 1020 5614 κατ’
1045 5563 1297 5630 αἴσθησιν
1343 5567 1502 5631 ζῶσι,
1568 5571 1661 5621 καὶ
1700 5572 1767 5624 δι’
1806 5575 1998 5645 αἰσθή-

429 5671 568 5715 σεως
593 5653 792 5724 ὁρῶσίν
842 5655 1034 5707 ἐστινό
1068 5656 1240 5724 ἥλιος,
1275 5659 1433 5710 τοῦτο
1459 5664 1568 5723 τοῖς
1611 5665 1751 5716 κατᾷ
1787 5667 1998 5735 πνεῦμα

428 5747 589 5809 ζῶσι,
627 5748 716 5799 καὶ
766 5752 822 5801 ὲν
878 5748 1152 5818 πνεύματι
1214 5750 1413 5818 ἑρώσίν
1480 5755 1627 5805 ἐστιν
1681 5761 1707 5807 ό
1760 5760 1995 5828 Χριστὸς

2137 626 2213 678 illi
2246 635 2419 681 tutum
2474 642 2575 696 est,
2611 636 2703 703 qui
2735 636 2847 704 ipse
2877 640 2995 708 capi
3034 656 3141 695 non
3176 655 3354 712 potest
3388 661 3449 699 ac
3491 649 3702 704 incom-

2136 719 2522 785 prehensibilis
2553 732 2658 778 est.
2693 745 2711 777 ι
2753 727 3101 796 Ejuscemodi
3137 744 3317 790 autem
3388 737 3704 796 informatio

2134 810 2266 864 nihil
2308 812 2672 882 intelligentia
2708 820 2950 877 deterior
2982 834 3084 887 est,
3132 827 3226 880 sed
3254 827 3415 898 longe
3444 845 3705 898 [οι-ωειειιο

2132 902 2238 957 tior
2285 917 2349 956 ac
2377 904 2688 973 sublimior,
2749 921 2806 965 tit
2852 929 2969 982 qua:
3018 915 3189 969 divini
3225 915 3460 987 Spiritus
3503 923 3705 976 virtute

2134 988 2244 1053 ﬁat,
2273 991 2503 1060 ejusque
2536 994 2825 1064 impressio
2848 1005 3100 1057 exsistat.
3136 1004 3249 1059 Non
3279 1007 3461 1077 itaque
3488 1014 3701 1067 accedit

2130 1096 2195 1134 ac
2232 1083 2463 1149 decedit,
2525 1096 2619 1142 aut
2669 1090 3165 1161 circumscribitur,
3223 1101 3303 1152 vel
3355 1100 3457 1152 sub
3505 1118 3700 1161 sensus

2132 1171 2439 1230 facultatem
2482 1180 2629 1233 cadit
2674 1182 2853 1238 lumen
2894 1186 3188 1243 Dominieae
3256 1196 3701 1249 transformatiu-

2131 1266 2252 1331 nis;
2290 1272 2503 1325 tametsi
2537 1275 2713 1329 oculis
2747 1281 3029 1347 corporeis
3084 1282 3259 1337 visunt
3295 1295 3408 1351 est,
3448 1301 3611 1356 atque
3647 1294 3701 1344 Μ

2128 1354 2193 1407 ad
2235 1360 2511 1413 modicum
2547 1372 2781 1430 tempus.
2817 1378 2870 1419 et
2906 1368 2957 1421 in
3002 1373 3204 1428 montis
3237 1376 3432 1444 exiguo
3464 1382 3696 1449 vertier,

2128 1446 2221 1498 sed
2247 1445 2402 1513 juxta
2433 1466 2557 1504 eum
2595 1456 2687 1522 qui
2718 1457 2792 1510 ait
2819 1476 2833 1512 :
2871 1478 2887 1509 ι
2929 1461 2972 1513 Α
3004 1478 3168 1519 carne
3192 1467 3257 1519 ad
3287 1471 3537 1536 spiritum
3570 1483 3699 1529 tune

2129 1539 2375 1592 translati
2419 1541 2629 1598 Domini
2663 1546 2919 1616 discipuli
2962 1560 3109 1617 sunt,
3148 1571 3408 1611 sensuum
3445 1561 3700 1618 immuta-

2128 1626 2295 1691 tione,
2347 1641 2509 1699 quam
2577 1636 2628 1688 in
2688 1639 2795 1693 illis
2838 1640 3077 1709 Spiritus
3129 1646 3279 1703 fecit.
3316 1669 3334 1702 ι
3371 1651 3535 1722 inque
3573 1672 3696 1712 eum

2129 1722 2347 1774 modum
2385 1724 2668 1792 viderunt,
2706 1733 2863 1800 cujus
2901 1735 3007 1790 illis
3045 1748 3099 1791 et
3127 1754 3388 1809 quantum
3430 1763 3700 1805 commer—-

2128 1809 2271 1862 cium
2322 1811 2573 1880 indu'sit,
2622 1818 3023 1890 inexplicabilis
3062 1830 3210 1887 illius
3249 1838 3493 1901 luminis,
3527 1842 3696 1896 divini

2052 1875 2091 1927 Β
2123 1896 2361 1969 Spiritus
2404 1875 2599 1962 virtus.

2187 1991 2340 2058 Quod
2372 2010 2479 2051 non
2519 2000 2905 2073 intelligentes,
2962 2013 3055 2079 qui
3096 2030 3239 2071 nunc
3292 2021 3344 2073 in
3380 2023 3507 2076 illud
3548 2026 3696 2085 blus-

2122 2083 2400 2152 phemant,
2422 2094 2690 2149 sentiendi
2720 2108 3012 2170 creataque
3062 2106 3265 2163 virtute
3288 2152 3301 2173 ,
3324 2118 3693 2180 apostoltirum

2119 2184 2424 2252 praecipuos
2459 2188 2713 2243 arbitrati
2756 2205 2883 2247 sunt
2934 2197 3137 2252 vidisse
3180 2202 3358 2258 lumen
3396 2206 3695 2270 Dominieae

2121 2274 2656 2347 transformationis;
2708 2298 2938 2354 eamque
2998 2291 3066 2343 ob
3118 2308 3228 2347 rem
3268 2299 3319 2351 in
3379 2314 3690 2361 creatnrum

2119 2377 2320 2422 sortem
2370 2371 2656 2428 detrahere
2712 2390 2984 2434 conantur
3038 2386 3237 2441 nedum
3308 2392 3487 2447 lumen
3558 2400 3692 2452 illud

2118 2456 2235 2527 (Dei
2264 2461 2474 2517 scilicet
2510 2468 2851 2535 majestatem
2896 2482 2951 2527 et
2994 2481 3273 2547 regnum),
3304 2500 3494 2539 verum
3528 2490 3691 2545 etiam

2118 2550 2288 2606 divini
2360 2556 2600 2624 Spiritus
2652 2562 2942 2631 virtutem,
2982 2585 3090 2637 qua
3136 2573 3320 2630 divina
3380 2583 3693 2638 ntauifrstat

2120 2641 2205 2695 his
2256 2646 2348 2712 qui
2373 2646 2520 2716 digni
2555 2661 2703 2704 sunt.
2731 2654 2849 2708 Non
2878 2660 3023 2711 enim
3057 2664 3378 2721 audiverant
3405 2681 3497 2724 aut
3524 2672 3694 2728 Paulo

2120 2750 2224 2788 non
2253 2739 2594 2796 crediderant
2626 2745 2820 2800 dir-enti
2844 2790 2856 2810 ,
2898 2769 2915 2801 ι
2955 2750 3160 2808 Oculus
3194 2773 3301 2811 non
3332 2762 3486 2825 vidit,
3544 2774 3693 2823 auris

2118 2841 2225 2881 non
2256 2832 2481 2895 audivit,
2514 2837 2564 2887 in
2600 2839 2809 2893 nullius
2843 2843 3081 2899 hominis
3111 2863 3205 2918 cor
3231 2851 3516 2910 descendit
3545 2865 3691 2928 quod

2119 2918 2261 2975 Deus
2293 2923 2649 2994 diligentibus
2689 2930 2862 2999 ipsmu
2896 2943 3256 3009 pra‘paravit;
3310 2948 3468 3002 nobis
3510 2964 3689 3005 autem

2120 3030 2213 3081 per
2254 3013 2517 3081 Spiritum
2562 3037 2718 3075 suum
2773 3028 3052 3083 t'cvclavii.
3107 3034 3348 3101 Spiritus
3400 3042 3541 3093 ettim
3599 3044 3689 3099 Dei

2117 3106 2347 3176 abyssos
2374 3122 2712 3168 scrutatur.»
2760 3117 2852 3171 liie
2881 3132 3060 3175 autem
3092 3136 3301 3192 octava,
3323 3135 3464 3186 sicut
3487 3137 3689 3191 dictum

2038 3218 2082 3280 ρ
2116 3207 2221 3260 est,
2276 3198 2544 3257 Dominus
2601 3204 2819 3260 Petrum
2880 3217 3178 3284 assmupsit
3232 3231 3285 3273 et
3325 3222 3588 3279 Jacohum
3638 3247 3692 3285 rt

2118 3287 2384 3344 Joannem
2421 3302 2506 3360 et,
2550 3311 2735 3364 preces
2775 3300 3046 3370 tiu-turus,
3080 3321 3316 3365 montem
3352 3324 3687 3377 (λοιεερριιιιίι.

2118 3378 2341 3444 Quoties
2398 3385 2540 3438 cuitu
2617 3393 2823 3456 precari
2876 3395 3091 3450 volebat
3128 3414 3340 3465 omnes,
3391 3410 3500 3459 inm
3560 3427 3691 3479 apa-

2116 3472 2291 3527 stolos
2364 3475 2508 3543 ipsos
2551 3494 2579 3530 a
2626 3496 2684 3532 se
2765 3489 3016 3550 removit,
3060 3499 3117 3543 ιιι
3167 3498 3383 3561 quando
3450 3502 3691 3569 quinque.

2116 3564 2358 3621 millibus
2388 3570 2651 3633 virorum,
2688 3577 2976 3631 muliertun
3008 3596 3071 3634 ae
3112 3583 3403 3642 infantium
3447 3597 3690 3663 quinque

2114 3668 2281 3722 panes
2328 3672 2390 3710 ac
2436 3660 2543 3713 duo
2588 3665 2765 3732 piscns
2809 3669 2988 3725 danlo
3040 3672 3239 3731 famem
3297 3687 3516 3738 ext-mit.
3564 3689 3687 3743 Sta-

2116 3749 2210 3799 tim
2241 3751 2386 3803 enim
2414 3756 2672 3811 omnibus
2705 3761 2970 3827 dimissis,
3000 3766 3299 3839 discipulos
3336 3792 3467 3830 suos
3500 3783 3679 3834 navim

2114 3844 2870 3914 eonscemlerejussit,'dum
2911 3857 3109 3925 ipsein
3162 3876 3400 3919 montem
3446 3877 3687 3939 perrexit

2114 3945 2389 3989 oraturus.
2423 3936 2579 4008 Smpe
2608 3943 2771 3995 etiam
2804 3961 3007 4013 paucos
3039 3966 3244 4023 eosque
3279 3967 3641 4026 praastantissi
3668 3998 3673 4006 -

2115 4041 2231 4078 mos
2260 4028 2443 4097 elegit.
2477 4032 2610 4085 Nam
2644 4038 2916 4103 passionis
2948 4057 3061 4096 sure
3094 4055 3338 4116 tempore
3373 4058 3660 4124 appropin

2111 4128 2333 4184 quante,
2383 4125 2594 4179 cmteris
2650 4128 2933 4196 discipulis
2984 4134 3141 4200 dixit,
3201 4139 3409 4198 Manete
3469 4148 3570 4204 hoc
3624 4156 3675 4204 in

2110 4397 2454 4460 sumpsisset,
2507 4396 2558 4450 in
2592 4400 2762 4454 altum
2801 4415 3045 4469 montem
3079 4417 3368 4479 secessit”
3409 4432 3461 4473 et
3504 4432 3681 4481 trans-

2110 4482 2373 4539 formatus
2398 4499 2480 4543 est
2506 4504 2628 4545 ante
2657 4510 2770 4561 eos,
2819 4516 2837 4548 »
2867 4500 2967 4553 hoc
2991 4512 3096 4567 est,
3121 4506 3256 4575 ipsis
3279 4518 3633 4573 cernentibus
3658 4563 3671 4582 .

2113 4575 2218 4628 illis
2246 4591 2451 4633 coram.
2502 4580 2641 4647 Quid
2672 4598 2777 4652 est,
2823 4608 2841 4639 ‹
2900 4591 3345 4658 Τι-ιιιιείυτηιιιιιιε
3384 4616 3489 4672 est,
3532 4629 3549 4661 ι
3599 4614 3677 4669 ait

2109 4678 2278 4717 aureo
2310 4683 2403 4721 ore
2425 4669 2776 4740 Theologus?
2803 4698 2819 4729 ι
2850 4681 3133 4753 Tantisper
3163 4694 3374 4758 aperuit
3404 4699 3677 4754 modicum

2109 4755 2312 4826 aliquid
2343 4760 2580 4829 deitatis,
2640 4770 2715 4821 uti
2787 4772 3009 4842 placuit,
3050 4796 3113 4832 ac
3163 4755 3450 4853 discipulis
3503 4793 3673 4849 Deum

2109 4845 2498 4906 iuhabitantem
2528 4860 2786 4913 ostendit.
2829 4863 2993 4919 Fama
3022 4871 3164 4923 enim
3195 4886 3277 4927 est
3305 4882 3432 4931 dum
3466 4896 3670 4949 oraret,

2106 4941 2261 4993 utait
2298 4942 2488 5009 Lucas,
2528 4952 2737 5015 species
2769 4954 2890 5022 ejus
2928 4960 3069 5026 alia;
3108 4966 3401 5031 splendens
3435 4983 3493 5025 ut
3520 4977 3659 5043 sol,»

2106 5040 2165 5083 ut
2198 5032 2484 5091 Mattheus
2536 5043 2741 5096 scribit.
2781 5065 2798 5095 ι
2844 5048 2909 5101 Ut
2941 5055 3019 5105 sol
3058 5072 3076 5105 ι
3114 5067 3291 5113 autem
3352 5064 3511 5130 dixit,
3560 5086 3666 5125 non

2107 5133 2165 5176 ut
2190 5127 2582 5195 aliquislumen
2606 5135 2731 5187 illud
2760 5139 3023 5205 ejusmodi
3051 5150 3300 5217 uastitnet,
3335 5159 3475 5223 quod
3507 5174 3671 5217 sensu

2104 5218 2352 5283 capiatur
2383 5223 2596 5292 (apage
2661 5232 2860 5284 mentis
2900 5236 3197 5292 czrcitatem
3234 5258 3420 5299 eorum
3449 5251 3539 5317 qui
3573 5252 3675 5305 illis

2100 5323 2220 5377 qua:
2265 5327 2427 5364 sensu
2470 5321 2848 5386 percipiuntur
2902 5327 3039 5381 nihil
3087 5332 3377 5389 sublimius
3433 5343 3674 5408 cngitare

2105 5416 2330 5467 possunt
2355 5406 2397 5471 ),
2428 5411 2518 5458 sed
2576 5423 2630 5461 ut
2665 5413 3032 5484 intelligimus
3059 5462 3071 5483 ,
3114 5425 3256 5489 quod
3310 5429 3388 5479 sol
3423 5442 3528 5493 est,
3586 5436 3670 5487 his

2102 5510 2224 5560 qua:
2255 5512 2417 5550 sensu
2458 5500 2651 5554 vivunt
2680 5518 2953 5574 Suusuque
2990 5515 3354 5581 conspiciunt,
3406 5519 3454 5571 id
3507 5522 3669 5575 (lini-

2107 5594 2251 5638 stum
2286 5595 2342 5637 ut
2377 5586 2540 5641 Deum
2575 5606 2715 5657 esse,
2753 5596 2834 5649 his
2869 5601 2958 5665 qui
2996 5604 3187 5669 spiritu
3226 5604 3412 5662 vivunt
3457 5624 3508 5665 et
3558 5618 3671 5683 spi-

2108 5676 2208 5726 ritu
2250 5675 2463 5741 vident;
2508 5694 2603 5733 nec
2636 5698 2775 5748 opus
2812 5706 2927 5741 esse
2978 5692 3084 5744 alio
3124 5695 3329 5751 lumine
3352 5702 3410 5753 in
3444 5699 3540 5758 Dei
3580 5708 3671 5756 vi-

2119 5765 2270 5824 sione
2339 5771 2421 5827 his
2474 5774 2563 5839 qui
2620 5775 2818 5831 divinis
2856 5780 3077 5839 dotibus
3146 5790 3357 5857 praditi
3408 5807 3537 5851 sunt
3570 5786 3668 5867 (η’.

499 5860 573 5928 (1)
614 5864 688 5920 Ita
728 5865 1035 5920 Massaliaoi
1081 5864 1244 5920 Deum
1298 5870 1469 5936 ipsum
1510 5875 1741 5930 humana
1783 5886 1938 5943 quasi
1983 5881 2247 5939 industria
2282 5901 2309 5939 a
2348 5902 2403 5941 se
2427 5889 2633 5952 jactant
2673 5893 2853 5948 videri
