4444 6450
432 400 531 465 433

1750 403 2074 461 llUMlLiA
2131 405 2270 462 \X5
2301 408 2385 459 Μ’.

3586 392 3687 459 illi

514 505 667 557 Ἐπεὶ
714 506 766 557 δὲ
800 504 890 557 καὶ
946 508 1399 579 μεταμορφωθεὶς
1446 510 1472 561 ὀ
1519 508 1721 578 Κύριος
1765 509 1996 579 ἔλαμψε,
2032 518 2073 570 Α
2172 514 2269 580 Qu:

1929 510 1996 577 με.
2032 518 2073 570 Α
2172 513 2621 582 Quandoquidem
2658 530 2779 568 κυνί)
2812 514 2978 567 etiam
3014 512 3274 568 Dominus
3326 513 3684 566 transieritis-

436 595 531 647 γαὶ
564 597 660 666 τὴν
689 597 846 662 δ”ξαν
871 598 966 652 καὶ
984 600 1079 670 τὴν
1104 600 1470 671 λαμπρότητα
1497 602 1591 654 καὶ
1620 603 1678 653 τὸ
1718 602 1833 669 φῶς
1865 603 2000 655 ἔδει·

436 687 525 750 ξεν
554 692 753 747 ἐκεῖνο.
790 690 883 742 καὶ
910 690 1031 759 ἣξει
1063 693 1226 746 πάλιν
1260 687 1370 757 οἷος
1399 693 1557 763 ὤφθη
1585 697 1697 756 τοῖς
1735 694 2004 763 μαθηταῖς

435 780 493 829 ἐν
516 777 593 847 τῷ
626 779 767 847 δρει,
795 776 903 849 ἆρα
946 782 1314 848 προσελάϐετό
1343 801 1395 837 τι
1438 784 1576 851 φῶς,
1634 784 1731 837 καὶ
1762 786 1841 846 εἰς
1879 788 2005 849 τοὺς

437 870 638 951 αἰῶνας
660 872 793 937 ἕξει,
810 871 839 924 δ
864 872 1127 942 πρότερον
1148 874 1246 927 οὐκ
1272 870 1451 944 εἶχενς
1484 877 1700 944 Ἀπαγε
1717 879 1815 945 τῆς
1845 876 2007 946 βλασ-

437 961 665 1029 φημίαςο
696 964 723 1015 ὁ
763 965 869 1035 γὰρ
902 956 1063 1018 τοῦτο
1101 966 1278 1033 λέγων
1338 969 1485 1037 τρεῖς
1534 970 1723 1037 φύσεις
1771 971 1864 1022 ἐπὶ
1911 970 2003 1023 τοῦ

436 1051 672 1120 Χριστοῦ
696 1053 933 1119 δοξάςει,
965 1058 1066 1125 τήν
1094 1073 1151 1109 τε
1183 1058 1335 1110 θείαν
1381 1060 1473 1112 καὶ
1512 1060 1612 1127 τὴν
1635 1060 2003 1133 ἀνθρωπίνην,

437 1147 531 1195 καὶ
565 1145 663 1214 τὴν
696 1147 787 1198 τοῦ
828 1149 1005 1215 φωτὸς
1059 1149 1290 1203 ἐκείνου·
1321 1151 1609 1221 τοιγαροῦν
1640 1152 1737 1222 ούχ
1790 1152 2002 1222 ἑτέραν,

435 1235 548 1288 ἀλλ’
585 1238 651 1307 ἣν
698 1233 846 1306 εἶχεν
890 1240 1111 1308 ἀφανῶς
1158 1241 1519 1313 λαμπρότητα
1568 1244 1772 1311 ταύτην
1812 1246 2007 1313 ὲφανέ-

442 1346 633 1395 ρωσεν.
678 1328 804 1401 Εἶχε
837 1334 894 1385 δὲ
947 1334 1053 1387 ὑπὸ
1094 1335 1194 1405 τὴν
1232 1336 1411 1405 σάρκα
1466 1339 1860 1407 κεκρυμμένην
1907 1336 2006 1408 τὴν

437 1420 799 1493 λαμπρότητα
838 1424 937 1493 τῆς
966 1425 1180 1494 φύσεως
1204 1426 1303 1495 τῆς
1337 1427 1505 1489 θείαςι
1543 1429 1737 1481 οὐκοῦν
1759 1429 1860 1498 τῆς
1894 1430 2010 1483 θεό-

439 1516 599 1582 τητός
632 1516 746 1568 ἐστι
778 1517 838 1569 τὸ
878 1518 993 1584 φῶς
1024 1520 1217 1575 έκεῖνο.
1272 1519 1364 1571 καὶ
1395 1517 1650 1572 ἄκτιστόν
1686 1523 1854 1574 ἐστιν’
1886 1522 2009 1574 ἐπεὶ

439 1610 532 1661 καὶ
558 1610 956 1679 μετεμορφώθη
989 1609 1223 1678 Χριστὸς
1247 1614 1387 1666 κατᾶ
1418 1614 1545 1673 τοὺς
1578 1613 1884 1679 θεολόγους,
1910 1615 2009 1683 οὐχ

435 1702 464 1755 ὃ
488 1703 585 1754 ούκ
618 1698 686 1771 ἦν
714 1704 1173 1773 προσλαϐόμενος.
1200 1706 1320 1757 οὐδὲ
1348 1709 1429 1768 είς
1456 1708 1591 1773 ὅπερ
1622 1707 1721 1758 οὐκ
1748 1702 1814 1775 ἦν
1844 1724 2009 1775 μετα-

437 1794 757 1861 ϐαλόμενος,
812 1793 927 1846 ἀλλ’
974 1795 1110 1865 ὅπερ
1162 1791 1231 1866 ἦν
1284 1798 1398 1858 τοῖς
1463 1798 1685 1859 οἰκείοις
1736 1795 2007 1865 μαθηταῖς

437 1885 852 1951 ὲκφαινόμενος.
888 1884 1173 1952 διανοίγων
1202 1885 1406 1938 τούτων
1440 1887 1506 1939 τὰ
1545 1886 1791 1956 ὄμματα,
1821 1888 1912 1939 καὶ
1942 1888 2007 1938 ὲκ

435 1974 655 2041 τυφλῶν
682 1975 1049 2045 ἐργαζόμενος
1080 1975 1404 2045 βλέποντας.
1459 1977 1626 2046 Ὀρᾷς
1671 1978 1753 2029 ὅτι
1783 1976 1918 2046 πρὸς
1946 1977 2009 2029 τὸ

440 2069 555 2135 φῶς
626 2070 802 2121 ἐκεῖνο
863 2068 1051 2135 τυφλοί
1118 2070 1255 2122 εἰσιν
1288 2070 1337 2121 οί
1370 2071 1509 2121 κατὰ
1559 2070 1719 2137 φύσιν
1770 2069 2003 2137 ὁρῶντες

438 2152 708 2226 ὀφθαλμοί
726 2176 740 2223 ;
760 2154 968 2212 Οὐκοῦν
1005 2158 1124 2211 οὐδὲ
1161 2160 1223 2212 τὸ
1246 2159 1359 2228 φῶς
1390 2161 1565 2212 έκεῖνο
1587 2160 1868 2229 αίσθητὸν,
1888 2159 2007 2213 οὐδὲ

437 2252 486 2302 οί
511 2250 745 2319 ὁρῶντες
765 2250 1097 2319 αίσθητικοῐς
1123 2251 1309 2314 ἁπλῶς
1335 2253 1522 2321 ἑώρων
1538 2252 1859 2321 ὀφθαλμοῖς,
1875 2252 2008 2306 ἀλλὰ

441 2343 932 2411 μετασκευασθεῐσι
962 2347 1029 2414 τῇ
1070 2344 1298 2414 δυνάμει
1331 2344 1426 2397 τοῦ
1468 2344 1611 2398 θείου
1666 2345 2004 2413 Πνεύματος.

452 2434 860 2505 Ἐνηλλάγησαν
890 2436 1005 2501 οὖν,
1062 2438 1158 2489 καὶ
1196 2437 1341 2490 οὕτω
1368 2437 1469 2507 τὴν
1514 2438 1817 2508 ἐναλλαγὴν
1845 2433 2006 2502 εἶδον,

438 2527 537 2595 οὐχ
566 2529 631 2597 ἢν
676 2514 1056 2597 ἀρτίωςξὰλν
1086 2531 1152 2599 ἢν
1198 2529 1258 2593 ἐξ
1301 2530 1471 2598 αὐτῆς
1506 2530 1605 2599 τῆς
1652 2529 2008 2599 προσλήψεως

440 2619 597 2671 ἔλαϐε
627 2620 688 2671 τὸ
723 2621 991 2689 ἡμέτερον
1035 2621 1284 2690 φύραμα,
1331 2620 1532 2674 θεωθὲν
1575 2624 1639 2691 τῇ
1692 2620 1882 2674 ένώσει
1916 2622 2009 2674 τοῦ

440 2712 612 2777 Λόγου
641 2712 733 2765 τοῦ
756 2712 911 2765 Θεοῦ.
944 2713 1223 2765 Ἐντεῦθεν
1251 2716 1342 2765 καὶ
1369 2715 1401 2784 ἡ
1432 2714 1489 2765 ὲν
1520 2714 1790 2784 παρθενίᾳ
1814 2714 2008 2766 συλλα-

439 2801 611 2856 ϐοῦσα
631 2819 691 2855 τε
728 2803 823 2857 καὶ
859 2802 1095 2855 τεκοῦσα
1130 2803 1293 2867 ξένως
1337 2805 1427 2855 τὸν
1461 2803 1519 2868 ἐξ
1550 2804 1723 2873 αὐτῆς
1750 2805 2012 2874 τεχθέντα

441 2894 778 2962 σαρκοφόρον
823 2893 956 2946 Θεὸν
995 2893 1242 2961 ἐπέγνω·
1280 2895 1376 2946 καὶ
1414 2894 1640 2963 Συμεὼν
1689 2893 1766 2956 ὡς
1810 2894 2009 2964 βρέφος

438 2982 626 3036 τοῦτον
661 2985 799 3053 μετὰ
830 2986 1018 3054 χεῖρας
1057 2983 1262 3049 λαϐὼν,
1298 2988 1393 3038 καὶ
1438 2987 1471 3055 ὴ
1509 2984 1808 3055 πρεσϐῦτις
1840 2987 2011 3039 Ἀννα

440 3076 977 3144 προσυπαντήσασα’
1012 3075 1317 3144 διεφαίνετο
1356 3076 1465 3144 γὰρ
1512 3073 1623 3130 οἷον
1667 3078 1736 3129 δι’
1788 3076 2011 3130 ὑελίνων

2107 617 2191 661 tus
2224 609 2521 676 splenduit,
2550 608 2805 676 illamque
2829 607 3133 661 claritatem
3167 607 3283 674 (seu
3311 603 3682 670 majeStatem)

2104 708 2158 751 et
2188 697 2530 764 splendorem
2573 708 2627 751 et
2671 700 2853 751 lumen
2883 696 3125 752 ostendit
3158 735 3173 758 ,
3211 709 3517 762 rursusque
3551 707 3682 746 ven-

2109 796 2265 843 turus
2324 798 2429 853 est,
2480 790 2660 857 qualis
2718 790 2770 842 in
2821 799 3005 843 monte
3062 786 3350 854 discipulis
3391 784 3679 853 apparuit,

2107 893 2307 946 ergone
2338 881 2521 936 lumen
2580 881 2801 949 aliquod
2842 880 3140 947 assumpsit
3192 889 3243 931 et
3301 878 3356 931 in
3414 886 3676 929 aaternntn

2108 971 2398 1026 habiturus
2454 982 2559 1047 est,
2601 972 2749 1041 quod
2806 973 2958 1039 prius
3017 986 3124 1024 non
3186 967 3448 1023 haberet?
3498 968 3681 1035 Apage

2109 1062 2523 1131 blasphemiam.
2561 1065 2695 1119 Nam
2726 1064 2818 1135 qui
2864 1065 2966 1116 hoc
3007 1062 3162 1125 dicit,
3207 1070 3315 1116 tres
3357 1060 3409 1116 in
3458 1057 3679 1119 Christo

2108 1164 2333 1208 naturas
2388 1156 2724 1225 epinabitur,
2787 1163 2901 1209 tum
2961 1153 3171 1209 scilicet
3228 1153 3469 1210 divinant
3511 1161 3677 1217 atque

2109 1246 2427 1313 humanam,
2472 1255 2585 1301 tum
2633 1256 2685 1301 et
2738 1247 2874 1303 lucis
2928 1246 3093 1300 illius.
3144 1244 3269 1302 Non
3293 1244 3455 1312 igitur
3488 1244 3676 1303 aliam,

2110 1338 2202 1394 sed
2234 1355 2392 1407 quam
2425 1340 2640 1394 occulte
2684 1338 2940 1403 habebat,
3002 1338 3309 1393 claritatem
3374 1337 3514 1390 hanc
3566 1351 3679 1391 ma-

2110 1427 2407 1483 nifestavit.
2484 1428 2728 1484 Habebat
2781 1438 2964 1482 autem
3032 1428 3134 1482 sub
3189 1442 3355 1482 carne
3418 1425 3683 1486 latentem

2109 1520 2453 1587 splendorem
2512 1520 2707 1574 divina:
2758 1528 2991 1573 naturre.
3044 1519 3188 1587 Ergo
3244 1517 3548 1572 divinitatis
3591 1525 3682 1571 est

2112 1612 2293 1664 lumen
2361 1612 2531 1677 illud,
2584 1620 2639 1664 et
2704 1610 3005 1664 increatnm
3060 1618 3163 1664 est.
3222 1609 3677 1677 Quandoquidem

2109 1702 2275 1757 etiam
2308 1717 2374 1755 ex
2412 1702 2790 1771 theologorum
2840 1702 3095 1755 doctrina
3128 1701 3379 1755 Cluistns
3415 1700 3683 1754 transfor-

2114 1804 2295 1848 matus
2352 1806 2453 1859 est,
2516 1810 2621 1847 non
2677 1794 3010 1848 assumenda
3052 1794 3334 1862 quodnon
3381 1804 3518 1854 erat,
3584 1807 3683 1851 nec

2108 1885 2251 1953 quod
2307 1886 2358 1938 in
2416 1885 2548 1938 illud
2610 1884 2932 1938 immutatus
2975 1886 3069 1946 sit,
3128 1885 3219 1936 sed
3281 1881 3682 1938 manifestandu

2109 1976 2225 2031 suis
2256 1975 2544 2045 discipulis
2578 1976 2630 2030 id
2674 1976 2819 2045 quod
2856 1983 2993 2049 erat,
3047 1988 3240 2043 nempe
3286 1974 3500 2029 illorum
3551 1988 3683 2041 ape-

2111 2069 2258 2122 tiens
2293 2068 2504 2130 oculos,
2538 2078 2591 2122 et
2628 2084 2692 2121 ex
2726 2069 2890 2123 crecis
2928 2066 3159 2125 reddens
3195 2068 3458 2124 videntes.
3499 2067 3679 2129 Vides,

2110 2161 2176 2214 ad
2231 2162 2378 2214 illam
2416 2162 2589 2215 lucem
2624 2162 2772 2230 quod
2826 2161 3051 2221 attinet,
3090 2174 3264 2214 carens
3304 2174 3426 2213 esse
3467 2159 3680 2214 oeulos.

2111 2253 2203 2324 qui
2238 2270 2301 2308 ex
2337 2264 2545 2311 naturae
2594 2247 2901 2306 rationibus
2952 2251 3175 2305 vident?
3232 2250 3371 2318 Ergo
3424 2265 3492 2308 ne
3550 2248 3680 2308 illud

2111 2350 2332 2418 quidem
2362 2349 2543 2403 lumen
2582 2347 2785 2403 sensile
2824 2354 2928 2409 est,
2967 2360 3147 2415 neque
3202 2344 3451 2398 videntes
3503 2342 3685 2399 orulis

2110 2442 2378 2499 sentiendi
2413 2442 2462 2495 vi
2493 2456 2717 2509 quoquo
2765 2440 2928 2494 modo
2967 2437 3211 2507 prmditis
3256 2437 3540 2499 videbant,
3586 2435 3682 2494 sed

2110 2532 2204 2601 qui
2234 2534 2435 2586 virtute
2469 2532 2639 2587 divini
2674 2530 2913 2600 Spiritus
2946 2539 3127 2585 essent
3156 2528 3448 2583 immutati.
3479 2527 3684 2581 Immu-

2112 2626 2208 2679 tati
2245 2626 2427 2695 itaque
2458 2634 2607 2686 sunt,
2634 2625 2798 2693 inque
2829 2639 2955 2677 eum
2989 2624 3207 2677 modum
3241 2620 3683 2675 immutationem

2109 2717 2388 2782 viderunt,
2423 2732 2529 2771 non
2555 2732 2717 2785 quam
2749 2726 2879 2770 tunc
2902 2729 3121 2789 recens,
3150 2713 3245 2769 sed
3275 2728 3442 2782 quam
3473 2711 3539 2766 ab
3568 2710 3684 2778 ipsa

2111 2810 2491 2878 assumptione
2538 2818 2721 2863 nostra
2756 2817 2915 2863 nacta
2947 2806 3270 2876 conspersio
3313 2805 3403 2867 sit,
3440 2819 3558 2871 quae
3590 2800 3684 2859 Dei

2112 2899 2275 2956 Verbi
2309 2902 2512 2956 unione
2541 2902 2745 2957 deitate
2772 2900 2983 2955 imbuta
3015 2899 3108 2954 sit.
3143 2898 3277 2951 llinc
3313 2909 3535 2966 quoque
3563 2908 3685 2960 quae

2112 2993 2168 3046 in
2193 2993 2510 3063 virginitate
2540 2994 2784 3048 inaudita
2816 2992 3027 3047 ratione
3057 2991 3311 3058 concepit
3338 2986 3684 3058 peperitque,

2113 3097 2176 3135 ex
2216 3098 2274 3138 se
2300 3090 2485 3136 natum
2520 3083 2686 3138 Deum
2721 3084 2773 3137 in
2806 3096 2974 3137 carne
2999 3082 3243 3152 agnovit;
3271 3079 3507 3149 Symeon
3535 3092 3680 3146 quo-

439 3167 705 3236 ὑμένωνὴ
732 3166 853 3221 θεία
885 3167 1117 3237 δύναμις
1140 3168 1510 3235 διαυγάζουσα
1541 3170 1653 3232 τοῖς
1684 3168 1863 3240 ἔχουσι
1884 3169 2009 3233 τοὺς
2037 3185 2079 3244 ο
2113 3188 2194 3241 quc

1923 3169 2009 3233 οὓς
2037 3185 2079 3244 c
2113 3187 2221 3241 Quo
2247 3173 2339 3241 qui
2370 3188 2494 3227 eum
2536 3181 2796 3241 tanquam
2844 3171 3106 3227 infantem
3156 3170 3209 3224 in
3265 3184 3460 3223 manus
3489 3181 3678 3229 susce-

439 3258 747 3326 ὀφθαλμοὺς
776 3259 874 3327 τῆς
921 3259 1144 3330 καρδίας
1182 3260 1647 3330 κεκαθαρμένους.

2105 3266 2244 3333 perit
2294 3280 2541 3336 anusque
2595 3266 2751 3321 Anna
2807 3275 3005 3335 quaeet
3034 3264 3151 3333 ipsa
3183 3260 3507 3317 occurrerit.
3554 3258 3683 3321 Elu-

440 3351 593 3403 cehat
620 3352 764 3404 enim
808 3352 952 3406 velut
998 3367 1094 3419 per
1127 3362 1317 3407 tenues
1364 3355 1774 3409 membranulas
1817 3354 2017 3409 vitreas
2091 3358 2277 3413 divina
2334 3358 2531 3423 virtus,
2629 3358 2736 3413 illis
2787 3356 3055 3428 aﬂ'ulgens
3107 3370 3171 3411 ac
3212 3353 3543 3417 'irradians,
3585 3351 3680 3425 qui

440 3447 626 3498 oculos
670 3450 855 3502 cordis
890 3448 1126 3502 mundos
1165 3450 1449 3504 haberent.

509 3539 574 3590 Τί
596 3539 762 3593 δὲκαὶ
784 3540 891 3592 τῶν
910 3540 1085 3594 ἄλλων
1102 3542 1481 3612 ἀπολαμϐάνει
1503 3545 1628 3609 τοὺς
1649 3546 2004 3617 κορυφαίους,
2056 3530 2061 3538 ’

441 3635 531 3686 καὶ
565 3637 757 3701 ἀνάγει
801 3636 1049 3699 τούτους,
1076 3638 1172 3691 καὶ
1201 3638 1323 3690 κατ’
1361 3639 1501 3694 ίδίαν
1533 3641 1762 3709 μόνους;
1802 3642 1922 3695 ἰνα
1952 3661 2005 3695 τι

442 3725 655 3788 πάντως
681 3727 934 3799 ὑποδείξῃ
955 3729 1092 3796 μέγα
1116 3745 1175 3780 τε
1195 3730 1297 3797 καὶ,
1310 3730 1590 3799 μυστικόν.
1614 3731 1737 3794 Πῶς
1754 3726 1848 3785 οὖν
1865 3734 2005 3801 μέγα

442 3820 533 3870 καὶ
565 3820 827 3885 μυστικὸν
858 3822 889 3888 ὴ
932 3820 1026 3875 τοῦ
1057 3821 1317 3888 αἰσθητοῦ
1371 3821 1546 3889 φωτὸς
1582 3820 1701 3887 θέα,
1735 3823 1803 3895 ἢν
1852 3824 2005 3877 αὐτοί

441 3930 498 3963 τε
528 3913 574 3963 οἱ
622 3913 935 3978 ἐκλεγέντες
981 3915 1078 3967 καὶ
1121 3914 1251 3981 πρὶν
1287 3915 1608 3983 ἀναχθῆναι,
1651 3915 1747 3971 καὶ
1782 3917 1879 3981 σὺν
1908 3915 2003 3969 αὐ-

440 4007 550 4063 τοῖς
585 4004 633 4055 0!
671 4004 822 4058 κάτω
854 4004 1165 4074 λειφθέντες
1198 3999 1376 4073 εἶχον;
1405 4006 1499 4069 Τίς
1543 4006 1601 4060 δὲ
1636 4010 1820 4070 αύτοῐς
1845 4007 2006 4078 χρεία

442 4100 533 4148 καὶ
560 4097 876 4164 Πνεύματος
919 4097 1227 4167 δυνάμεως,
1258 4100 1352 4152 καὶ
1380 4101 1479 4171 τῆς
1522 4100 1592 4154 δι’
1624 4102 1796 4170 αὐτῆς
1832 4119 1998 4173 προσ-

440 4188 615 4257 θήκης
651 4189 683 4257 ἦ
717 4188 1022 4258 ἐναλλαγῆς
1072 4191 1336 4260 ὀμμάτων
1382 4192 1520 4261 πρὸς
1569 4193 1669 4262 τὴν
1707 4193 1801 4246 τοῦ
1832 4194 2007 4262 φωτὸς

441 4281 651 4331 ἐκείνου
685 4281 836 4345 θέαν,
880 4281 1041 4350 εἴπερ
1084 4282 1345 4350 αἰσθητόν
1376 4301 1434 4336 τε
1460 4285 1554 4337 καὶ
1598 4286 1848 4351 κτιστόν;
1883 4287 2007 4349 Πῶς

440 4374 496 4425 δὲ
529 4372 653 4438 δόξα
683 4376 775 4425 καὶ
804 4373 1047 4443 βασιλεία
1078 4374 1172 4428 τοῦ
1209 4377 1419 4447 Πατρδς
1454 4380 1546 4431 καὶ
1571 4379 1664 4431 τοῦ
1694 4379 2009 4449 Πνεῦματος

442 4466 501 4515 τὺ
534 4466 646 4532 φῶς
672 4466 730 4518 τὸ
767 4466 1057 4537 αίσθητόν;
1090 4468 1213 4531 Πῶς
1248 4468 1293 4522 δ’
1315 4472 1372 4522 ὲν
1410 4474 1474 4540 τῇ
1506 4471 1728 4542 τοιαύτῃ
1756 4472 1882 4543 δόξῃ
1916 4473 2010 4525 καὶ

444 4558 692 4627 βασιλεία
722 4560 861 4615 κατὰ
888 4561 980 4614 τὸν
1021 4562 1283 4630 μέλλοντα
1324 4563 1496 4619 αἰῶνα
1526 4564 1647 4635 ἥξει
1689 4567 1717 4617 ὁ
1750 4565 2011 4636 Χριστὸς,

2180 3549 2320 3616 Quid
2372 3564 2503 3604 vero
2558 3548 2721 3603 etiam
2768 3561 2952 3602 causae
3007 3554 3111 3611 est,
3143 3559 3242 3599 cur
3272 3557 3303 3596 e
3351 3542 3681 3611 reliquorum

2106 3642 2278 3699 choro
2304 3640 2577 3710 principes
2611 3640 2859 3703 assumit,
2886 3654 2949 3695 ac
2980 3636 3261 3699 subducit,
3294 3651 3500 3705 eosque
3526 3649 3684 3692 seor-

2106 3748 2225 3789 sum
2263 3732 2447 3788 solos?
2476 3730 2743 3785 Nimirum
2805 3739 2863 3784 ut
2913 3728 3192 3800 quidpiam
3232 3740 3505 3796 .magnum
3546 3726 3685 3778 insi.

2108 3837 2239 3881 nuet
2262 3834 2424 3895 atque
2451 3824 2763 3897 mysticum.
2781 3822 3028 3889 Quonam
3055 3822 3217 3891 igitur
3242 3821 3406 3873 modo
3426 3833 3681 3887 magnum

2113 3932 2179 3974 ac
2227 3919 2511 3988 mysticum
2546 3917 2764 3972 sensilis
2823 3916 2959 3970 lucis
3012 3898 3359 3982 conspectus,
3391 3909 3548 3979 cujus
3582 3907 3684 3977 ipsi

2116 4023 2333 4078 quoque
2389 4008 2569 4074 electi,
2602 4009 2921 4075 priusquam
2970 4004 3443 4064 subducerentur,
3469 3999 3682 4068 copiam

2116 4098 2409 4160 habebant,
2443 4110 2508 4153 ac
2565 4110 2690 4153 cum
2742 4094 2850 4151 illis
2876 4095 2965 4164 qui
3013 4094 3184 4157 relicti
3237 4090 3492 4151 fuerunt?
3542 4089 3682 4156 Quid

2114 4203 2246 4244 vero
2285 4188 2447 4244 etiam
2480 4186 2556 4241 illi
2587 4200 2726 4254 opus
2754 4184 2993 4254 Spiritus
3046 4183 3265 4249 virtute,
3303 4197 3365 4236 ac
3412 4196 3535 4250 quae
3589 4196 3685 4248 per

2109 4298 2228 4339 eam
2262 4290 2397 4346 erat,
2431 4277 2786 4344 accessionis,
2820 4291 2914 4331 seu
2943 4274 3224 4329 oculorum
3254 4272 3682 4333 immutationis.

2110 4378 2175 4432 ad
2210 4377 2391 4428 lumen
2417 4371 2546 4426 illud
2579 4371 2917 4435 intuendum,
2952 4368 3220 4438 siquidem
3270 4364 3540 4434 ejusmodi
3568 4374 3687 4418 erat

2112 4471 2253 4538 quod
2288 4468 2451 4521 sensu
2486 4463 2858 4533 perciperetur
2889 4472 3051 4531 atque
3073 4469 3317 4515 creatum
3343 4456 3687 4520 exsistebat?

2114 4560 2395 4631 Quomodo
2428 4566 2612 4611 autem
2640 4555 2896 4625 majestas
2924 4562 2977 4607 et
2999 4566 3227 4621 regnum
3259 4548 3436 4603 Patris
3468 4560 3531 4603 ac
3559 4547 3685 4616 Spi-

440 4652 528 4701 ὅτε
557 4652 657 4702 οὐκ
709 4650 890 4720 ἀέρος,
921 4652 980 4705 ού
1029 4654 1230 4719 φωτὸς,
1272 4653 1333 4705 ού
1365 4654 1531 4707 τόπου
1572 4655 1730 4724 χρεία
1781 4656 2008 4709 καὶτῶν
2039 4675 2087 4735 υ
2115 4654 2195 4707 rill

1934 4656 2008 4709 ῶν
2039 4675 2087 4735 υ
2115 4654 2255 4707 ritus
2307 4654 2489 4704 lumen
2515 4649 2656 4717 quod
2689 4660 2855 4701 sensu
2906 4641 3241 4714 percipitur?
3268 4637 3386 4704 Q‘uo
3404 4648 3682 4707 postremo

440 4742 720 4804 τοιούτων,
775 4743 890 4796 ἀλλ’
940 4746 1061 4796 ἀντὶ
1112 4745 1330 4798 πάντων
1377 4747 1520 4800 κατὰ
1550 4747 1641 4799 τὸν
1690 4748 2013 4801 Ἀπόστολον

442 4836 573 4903 ἡμῖν
606 4835 759 4887 ἔσται
792 4838 821 4887 ὀ
853 4836 1018 4901 Θεός;
1052 4837 1112 4888 Εἰ
1144 4837 1200 4889 δὲ
1223 4837 1344 4889 ἀντὶ
1372 4838 1607 4901 πάντων,
1636 4843 1732 4894 καὶ
1755 4843 1874 4893 ἀντὶ
1900 4859 2013 4909 φω-

440 4927 531 4986 τὺς
566 4927 801 4987 πάντως·
832 4924 955 4979 ὅθεν
975 4927 1248 4979 δείκνυται
1283 4928 1448 4981 πάλιν
1481 4931 1575 4981 καὶ
1601 4930 1658 4981 τὸ
1692 4930 1806 4998 φῶς
1839 4933 2012 4984 ἐκεῖνο

441 5014 541 5081 τῆς
594 5014 845 5085 θεότητος
892 5017 972 5069 δν·
1019 5019 1144 5072 ἐπεὶ
1195 5020 1290 5079 καὶ
1338 5022 1366 5071 ὁ
1400 5009 1856 5089 θεολογικώτατος
1904 5024 2012 5076 τῶν

444 5107 845 5173 εὐαγγελιστῶν
892 5109 1144 5177 Ἰωάννης
1192 5111 1281 5163 διὰ
1315 5112 1413 5179 τῆς
1472 5113 1887 5182 Ἀπογαλύψεως
1919 5118 2011 5169 ὲκ-

444 5201 646 5264 φαίνει,
692 5200 769 5261 ὡς
820 5202 851 5271 ἡ
890 5202 1159 5268 μέλλουσα
1204 5204 1297 5254 καὶ
1333 5205 1572 5272 μένουσα
1615 5207 1797 5279 ἐκείνη
1835 5209 2008 5272 πόλις,

449 5310 467 5342 ι
507 5292 581 5341 Οὐ
627 5292 818 5361 χρείαν
852 5292 963 5362 ἔχει
1014 5293 1105 5347 τοῦ
1138 5294 1292 5364 ἡλίου
1329 5298 1449 5355 οὐδὲ
1486 5298 1583 5367 τῆς
1631 5299 1883 5369 σελήνης,
1925 5300 2011 5355 ἵνα

442 5385 702 5454 φαίνωσιν
721 5388 776 5438 ὲν
806 5389 1022 5460 αὐτῇοή
1056 5391 1165 5459 γὰρ
1195 5390 1321 5456 δόξα
1344 5392 1439 5444 τοῦ
1457 5390 1592 5445 Θεοῦ
1634 5391 1900 5461 ἐφώτισεν
1914 5395 2011 5446 αύ-

438 5479 558 5547 τὴν,
584 5480 677 5532 καὶ
706 5484 732 5532 6
757 5481 944 5551 λύχνος
984 5481 1151 5550 αὐτῆς
1174 5482 1233 5533 τὺ
1264 5484 1469 5552 ἀρνίον.
1512 5503 1530 5536 ι
1788 5482 1914 5557 Ἆρ’
1948 5486 2010 5539 οὐ

440 5571 691 5637 φανερῶς
714 5577 813 5624 ’ζιπὲ
824 5572 985 5639 Ξειξεν
1007 5573 1138 5643 ἡμῖν
1152 5573 1311 5625 κάκεῖ
1331 5575 1422 5627 τὸν
1442 5575 1497 5629 ὲν
1514 5576 1780 5647 Θαὸωρίῳ
1796 5577 1889 5631 νῦν
1912 5593 2008 5646 με-

439 5662 867 5731 ταμορφωθέντα
899 5662 1057 5728 θείως
1092 5662 1329 5734 Ἰησοῦν;
1364 5664 1420 5728 ὃς
1445 5666 1556 5737 ἔχει
1581 5668 1680 5737 μὲν
1714 5670 1787 5733 ὡς
1816 5668 2011 5739 λύχνον

518 5853 557 5883 l“
593 5853 610 5913 1
641 5854 757 5907 Cur.
796 5871 880 5920 xv,
916 5853 1003 5907 ‘28.
1087 5858 1122 5887 ιτ
1169 5859 1335 5923 Apoc.
1372 5873 1503 5923 XXII,
1532 5857 1622 5912 9.3.

2109 4747 2276 4801 modo
2303 4746 2356 4799 in
2384 4742 2648 4812 ejusmodi
2680 4740 2967 4808 majestate
2990 4746 3044 4790 et
3075 4750 3245 4805 regno
3282 4735 3333 4786 in
3361 4732 3543 4785 futuro
3582 4745 3685 4792 sa:-

2110 4838 2236 4892 eulo
2288 4833 2465 4889 veniet
2492 4833 2769 4897 Christus,
2804 4828 3022 4899 quando
3066 4842 3166 4881 nec
3217 4840 3361 4885 aere,
3395 4840 3493 4877 nec
3542 4822 3682 4882 luce.

2110 4944 2209 4982 nec
2238 4928 2358 4981 loco
2388 4940 2523 4993 opus
2552 4924 2676 4985 erit.
2711 4936 2805 4976 seu
2838 4920 3068 4973 aliorum
3098 4918 3219 4986 ejus
3272 4915 3518 4985 generis,
3561 4913 3680 4980 sed,

2110 5030 2245 5075 teste
2306 5017 2668 5087 Apostolo",
2703 5016 2846 5069 Deus
2896 5012 2999 5067 erit
3048 5011 3208 5063 nobis
3249 5025 3349 5079 pro
3395 5007 3685 5071 omnibus!

2115 5112 2210 5166 Sin
2243 5122 2421 5165 autem
2453 5125 2552 5180 pro
2583 5109 2862 5169 omnibus,
2910 5104 3135 5163 omnino
3165 5102 3329 5156 etiam
3366 5115 3463 5169 pro
3518 5099 3683 5152 lumi—

2116 5221 2183 5260 ne
2209 5246 2222 5260 .
2262 5204 2411 5261 Unde
2444 5221 2635 5261 rursus
2668 5209 2946 5275 probatur,
2984 5204 3115 5281 illud
3140 5218 3357 5273 quoque
3382 5201 3573 5261 lumen.
3601 5213 3686 5253 es-

2115 5313 2174 5354 se
2204 5296 2421 5359 deitatis
2446 5337 2459 5350 .
2496 5295 2631 5350 Nam
2664 5308 2718 5350 et
2749 5298 3203 5366 emngelistarum
3234 5294 3471 5350 Joannes
3500 5291 3686 5347 divina

2119 5388 2473 5445 doctissimus
2524 5405 2619 5458 per
2694 5389 3082 5449 revelationem
3138 5386 3394 5444 ostendit,
3443 5383 3682 5439 futuram

2116 5499 2178 5538 ac
2210 5492 2513 5536 manentem
2536 5482 2680 5535 illam
2713 5482 3006 5546 civitatem,
3034 5495 3052 5531 ι
3076 5494 3184 5533 non
3218 5477 3522 5536 habituram
3542 5485 3681 5542 Opus

2119 5577 2231 5630 sole
2262 5584 2356 5627 aut
2403 5576 2554 5641 luna,
2579 5585 2637 5627 ut
2684 5573 2737 5626 in
2780 5589 2840 5627 ea
2872 5572 3091 5626 luceant
3118 5588 3131 5625 :
3160 5571 3378 5625 claritas
3403 5569 3543 5621 enim
3590 5566 3683 5621 Del

2118 5666 2573 5722 illuminabiteam
2598 5684 2612 5741 ξ
2640 5675 2691 5721 ει
2713 5664 3074 5735 lucernaejus
3095 5668 3374 5739 estAguus
3398 5660 3461 5711 ".
3494 5678 3510 5711 ι
3544 5656 3681 5721 Num
