4444 6450
393 409 490 466 457

1689 395 2014 457 HOMILIA
2047 395 2283 454 XXXVI

3511 386 3612 444 458

397 538 528 589 ριος,
565 518 656 570 καὶ
701 518 807 570 τῶν
838 517 1076 582 ἀνομιῶν
1111 517 1263 586 ὑμῶν
1304 515 1364 569 ού
1419 517 1491 586 μὴ
1546 517 1764 586 μνησθῶ
1799 515 1896 568 ἔτι.
1931 533 1946 564 ι
1983 517 2028 571 Α
2060 512 2146 566 Dei

1866 535 1896 567 L.
1931 533 1946 564 ι
1983 517 2028 571 Α
2060 512 2257 566 Deinde
2287 526 2314 564 c
2344 512 2541 580 templo
2573 510 2798 578 egressi,
2833 520 2883 562 et
2929 509 2990 561 iis
3024 507 3240 574 quinos
3275 505 3621 559 cIIenderuut

397 609 529 668 Εἶτα
577 611 666 663 τοῦ
727 610 854 662 ναοῦ
914 609 1284 680 ἐξερχόμενοί,
1353 613 1446 661 καὶ
1513 611 1626 670 τοῖς
1677 610 1754 669 εἰς
1809 609 1956 675 ἡμᾶς

395 702 703 757 ἐπταικόσιν
733 702 1164 768 ἐντυγχάνοντες,
1214 700 1641 762 προσπίπτωσιν
1675 699 1820 749 ἐστιν
1870 701 1956 750 ὅτε

396 801 490 849 καὶ
519 795 809 862 δεομένοις,
844 793 1028 861 βαρεῖς
1059 793 1243 853 αὐτοῖς
1275 794 1437 858 ἐσμεν
1468 792 1560 841 καὶ
1592 789 1831 856 ἀνηλεεῖς
1864 791 1957 840 καὶ

397 887 722 955 ἀμεελικτοι,
756 885 848 936 καὶ
876 883 1045 954 ταυτα
1073 883 1202 951 μηδὲ
1237 881 1492 950 δηναρίου
1522 881 1694 948 λόγων
1729 882 1954 948 ἐχόντων

396 975 502 1027 τῶν
535 975 669 1041 πρὸς
710 973 854 1039 ἡμᾶς
895 971 1112 1021 ἐκείνων
1151 970 1502 1038 πταισμάτων
1532 971 1682 1039 πρὸςξ
1712 970 1777 1019 τὰ
1821 968 1958 1036 ἡνμέ-

398 1080 527 1130 ςερα
555 1063 687 1129 πρὸς
719 1064 808 1112 τὶν
842 1061 970 1112 Θεδν
999 1061 1335 1122 ταλαντιαία,
1365 1059 1561 1122 μᾶλλον
1587 1060 1642 1111 δὲ
1674 1060 1764 1110 καὶ
1797 1060 1956 1110 πολυ-

398 1156 634 1207 τάλαντα
667 1153 816 1205 ὄντα.
855 1151 954 1202 Διά
983 1150 1137 1202 τοῦτο
1172 1153 1198 1202 ὁ
1227 1151 1587 1218 συμπαθήσας
1623 1151 1752 1218 ἡμῖν
1790 1166 1956 1216 μετα-

399 1245 620 1311 νοήσασι
652 1243 852 1310 Κύριος
883 1242 974 1293 καὶ
1005 1241 1070 1292 τὰ
1095 1240 1325 1292 τοσαῦτα
1369 1241 1546 1307 ἀφεὶς,
1585 1240 1704 1292 ίδὼν
1732 1241 1791 1292 τὸ
1822 1241 1958 1307 πρὸς

399 1337 521 1395 τοὺς
547 1333 850 1399 ὁμοφύλους
881 1333 1198 1399 ἀσυμπαθὲς
1227 1331 1380 1399 ἡμῶν
1409 1333 1501 1384 καὶ
1548 1333 1844 1395 ἀνένδοτον,
1871 1332 1961 1400 ὀρ-

398 1425 611 1492 γίζεται
651 1422 771 1475 καθ’
814 1422 970 1491 ήμῶν
1008 1423 1251 1485 δικαίως,
1287 1422 1383 1474 καὶ
1415 1423 1776 1493 παραδίδωσιν
1813 1424 1958 1491 ἡμᾶς

402 1515 517 1572 ταῖς
550 1511 889 1572 ἀνυποίστοις
924 1510 1197 1576 βασάνοις.
1233 1513 1345 1574 τοῖς
1391 1529 1448 1562 τε
1487 1512 1718 1564 ἐνταῦθα
1770 1530 1960 1582 πειρα-

404 1605 582 1668 σμοῖς,
619 1603 709 1652 καὶ
751 1604 870 1660 ταῖς
920 1601 1237 1668 μελλούσαις
1278 1602 1649 1672 ἀτελευτήτοις
1684 1603 1957 1664 κολάσεσι,

404 1693 523 1744 γατ“
573 1693 734 1743 αὑτὸν
783 1692 1014 1743 ἐνταῦθα
1061 1693 1151 1742 τὸν
1185 1694 1280 1759 τῆς
1324 1693 1708 1761 αύτοαληθεῐας
1764 1695 1957 1759 λόγον*

410 1802 426 1831 ι
461 1781 612 1833 Οὕτω
647 1784 774 1850 γὰρ,
821 1784 1004 1847 φησὶν,
1039 1780 1130 1830 καὶ
1158 1782 1184 1832 ὁ
1214 1783 1402 1849 Πατήρ
1437 1801 1534 1849 μου
1575 1784 1603 1833 ὁ
1643 1785 1960 1851 ἐπουράνιος

403 1878 616 1942 ποιήσει
648 1874 793 1941 ὑμῖν,
827 1873 922 1923 ἐὰν
950 1873 1021 1942 μὴ
1055 1872 1225 1939 ἀφῆτε
1255 1873 1482 1933 ἕκαστος
1513 1875 1588 1940 τῷ
1624 1873 1835 1941 ἀδελφῷ
1866 1875 1959 1925 αὑ·
1992 1855 2032 1908 Β

403 1965 494 2017 τοῦ
532 1966 635 2015 ἀπὸ
665 1965 771 2014 τῶν
805 1963 1034 2030 καρδιῶν
1067 1964 1237 2031 ὑμῶν.
1277 1982 1294 2013 ι
1332 1963 1404 2014 Τὸ
1431 1963 1472 2015 δ’
1504 1964 1582 2017 ἔτι
1622 1966 1918 2034 δεινότερον
1944 2007 1958 2031 ,

403 2060 482 2108 ὅτι
518 2058 610 2107 καὶ
647 2059 769 2116 τοὺς
798 2055 964 2115 ὅντως
998 2053 1089 2105 τοῦ
1130 2055 1263 2106 Θεοῦ
1293 2055 1527 2118 δούλους,
1561 2057 1802 2124 δηλονότι
1837 2059 1963 2122 τοὺς

405 2148 587 2213 ἁγίους
618 2148 876 2210 ἀγγέλους
929 2161 987 2196 τε
1037 2149 1127 2196 καὶ
1160 2147 1500 2215 ἀνθρώπους,
1550 2148 1642 2210 οὓς
1672 2151 1962 2218 ἐλπίζομεν

408 2232 738 2291 ἱκετεύοντες
757 2231 1020 2290 ἐντεῦθεν,
1042 2232 1376 2300 πρεσϐευτὰς
1403 2235 1562 2305 204
1586 2238 1723 2301 ἕξειν
1743 2240 1854 2290 ἐκεῖ
1873 2240 1967 2291 καὶ

417 2321 638 2387 μεσίτας
669 2320 800 2389 πρὸς
832 2321 984 2383 Θεὸν,
1010 2321 1129 2372 καθ’
1159 2322 1333 2389 ἡμῶν,
1364 2326 1460 2390 φεῦ
1489 2330 1499 2377 l
1539 2328 1839 2396 εὑρήσομεν
1877 2333 1968 2382 τὸν

408 2409 536 2459 Θεὸν
583 2409 998 2476 παροξύνοντας,
1036 2409 1125 2460 ἐὰν
1171 2411 1244 2479 μὴ
1290 2413 1519 2465 ἐνταῦθα
1555 2419 1663 2477 τοῖς
1712 2421 1789 2477 εἰς
1823 2420 1968 2486 ἡμᾶς

411 2497 666 2547 πταίσασι
714 2498 1014 2563 συμπαθεῖς
1045 2500 1300 2568 φανῶμεν
1322 2518 1337 2532 ·
1372 2502 1522 2553 αὐτοὶ
1569 2505 1676 2572 γάρ
1710 2509 1862 2570 εἰσιν,
1895 2509 1967 2570 ὡς

409 2588 661 2654 ἀνωτέρω
692 2588 1110 2656 μεμαθήκαμεν,
1149 2592 1194 2641 οξ
1229 2592 1304 2660 τῷ
1339 2593 1526 2664 Κυρίῳ
1561 2598 1698 2662 μετὰ
1736 2599 1968 2665 σφοδρᾶς

407 2677 581 2743 λύπης
635 2680 1131 2746 προσαγγέλλοντες
1169 2680 1227 2732 τὸ
1269 2683 1499 2752 σκληρὸν
1544 2687 1638 2738 καὶ
1687 2689 1964 2742 ἀνένδοτον

412 2770 504 2832 τῆς
539 2770 813 2836 ἡμετέρας
837 2769 1077 2838 γνώμης.
1104 2773 1295 2836 Καλῶς
1319 2776 1371 2826 δὲ
1403 2777 1508 2844 ἄρα
1539 2780 1634 2829 καὶ
1666 2779 1760 2847 τὴν
1796 2782 1965 2850 ἀρχὴν

412 2857 684 2924 ἐλέγομεν,
714 2859 800 2909 τὸν
844 2861 1034 2913 ἑαυτοῦ
1078 2863 1293 2932 Πατέρα
1331 2860 1564 2928 εἷναι,ὂν
1611 2867 1685 2924 ὡς
1741 2869 1962 2936 βασιλέα

2059 611 2427 662 occurrentes,
2481 602 2584 654 etsi
2643 601 2990 666 procidentes
3053 599 3355 658 obsecrent,
3407 597 3525 648 duri
3567 603 3622 649 et

2060 694 2175 747 sine
2206 691 2572 745 misericordia
2598 701 2648 743 et
2673 691 2951 742 inhumani
2983 706 3076 742 eos
3103 691 3470 755 iiicrepazmis,
3500 687 3623 741 licet

2059 799 2244 836 eorum
2286 785 2351 838 ad
2391 798 2487 835 nos
2525 783 2704 836 debita
2747 798 2810 833 ne
2841 781 3047 834 denarii
3093 783 3309 848 quidem
3350 779 3621 833 rationem

2062 876 2293 929 habeam
2326 875 2366 928 si
2399 885 2783 942 comparentur
2813 888 2934 925 cum
2990 874 3190 924 nostiis
3226 871 3290 924 ad
3328 872 3490 924 Deum
3531 873 3624 924 de-

2062 965 2184 1018 bitis
2209 966 2405 1018 talento
2437 980 2530 1018 seu
2562 965 2741 1032 p0tius
2775 963 2957 1017 multis
2995 962 3210 1014 talentis
3245 962 3626 1030 aeqnivalenti-

2063 1057 2182 1111 bus.
2217 1057 2340 1110 Ideo
2376 1057 2466 1124 qui
2498 1057 2668 1109 nostri
2702 1055 3081 1122 pmnitentium
3120 1055 3374 1106 misertus
3402 1064 3484 1106 est
3516 1053 3622 1105 Dn-

2064 1150 2241 1203 miuus
2266 1159 2317 1201 et
2343 1158 2488 1201 tanta
2521 1148 2746 1208 dimisit,
2780 1146 2971 1201 videns
3002 1161 3099 1199 nos
3127 1161 3252 1213 erga
3293 1145 3489 1200 fratres
3524 1147 3626 1198 fer-

2062 1254 2183 1292 reos
2211 1251 2264 1291 et
2297 1237 2684 1298 inexorabiles,
2723 1238 2844 1305 jure
2885 1237 3145 1289 adversus
3192 1252 3290 1289 nus
3345 1237 3624 1297 irascitur,

2063 1343 2270 1395 nosque
2293 1329 2455 1380 tradit
2482 1327 2770 1394 suppliciis
2803 1326 3261 1387 intolerabilibus,
3292 1325 3377 1379 hic
3405 1326 3624 1393 quidem

2065 1419 2450 1474 tentationibus
2479 1427 2530 1471 et
2577 1418 2772 1470 futuris
2817 1416 3139 1483 perennibus
3195 1417 3393 1484 poenis,
3430 1431 3625 1468 secun-

2064 1513 2191 1564 dum
2237 1511 2364 1564 illud
2408 1511 2577 1575 ipsius
2627 1509 2873 1562 veritatis
2907 1510 3134 1560 verbum
3168 1525 3182 1561 :
3222 1526 3240 1558 ι
3285 1508 3392 1568 Sic,
3432 1508 3627 1574 inquit,

2065 1611 2111 1652 et
2141 1600 2295 1654 Pater
2322 1615 2478 1653 meus
2511 1600 2753 1653 ccelestis
2788 1597 2949 1652 faciet
2985 1600 3164 1660 vobis,
3199 1599 3373 1651 sinon
3403 1599 3624 1651 remise-

2067 1691 2181 1742 ritis
2209 1690 2585 1756 unusquisque
2617 1687 2768 1739 fratri
2816 1702 2914 1740 suo
2943 1686 3009 1738 de
3053 1687 3310 1739 cordibus
3347 1688 3566 1740 vestris.
3609 1703 3626 1735 ι

2067 1780 2219 1845 Quod
2249 1779 2423 1831 adhuc
2453 1789 2534 1831 est
2565 1777 2856 1828 immanius
2880 1815 2892 1828 .
2917 1775 3115 1828 sinceri
3150 1775 3289 1829 servi
3323 1775 3436 1836 Dei,
3472 1774 3522 1826 id
3548 1785 3634 1827 cs‘.
3662 1783 3671 1793 ‘

2069 1871 2240 1925 sancti
2261 1879 2368 1922 tam
2407 1869 2581 1936 angeli
2608 1884 2766 1935 quam
2797 1867 3046 1921 homines
3080 1883 3218 1935 quos
3255 1869 3341 1920 hic
3372 1878 3629 1935 rogantes

2070 1975 2352 2028 speramus
2384 1959 2775 2013 intercessores
2806 1959 2875 2010 ibi
2903 1958 3101 2010 habere
3128 1966 3178 2010 et
3210 1958 3537 2009 mediatores
3563 1957 3631 2008 ad

2071 2052 2260 2114 Deum,
2291 2062 2476 2105 contra
2505 2067 2623 2112 nos,
2656 2051 2756 2102 heu
2784 2052 2794 2101 I
2831 2049 3170 2101 inveniemus
3200 2049 3368 2100 Deum
3397 2049 3462 2101 ad
3497 2048 3633 2127 iram.

2072 2144 2464 2205 coacitaturos,
2497 2142 2602 2194 nisi
2635 2141 2724 2194 hic
2752 2141 2817 2193 iis
2857 2143 2950 2207 qui
2979 2155 3077 2192 nos
3114 2139 3460 2195 offenderunt
3486 2155 3632 2193 coin-

2073 2234 2475 2285 miserationem
2517 2232 2889 2285 exhibeamus.
2926 2230 3030 2296 Ipsi
3066 2231 3207 2281 enim
3243 2241 3392 2291 sunt,
3429 2241 3485 2282 ut
3536 2246 3630 2284 su—

2071 2341 2164 2393 pra
2189 2324 2498 2385 didicimus,
2530 2323 2619 2390 qui
2650 2324 2879 2376 Domino
2903 2339 3021 2375 cum
3066 2324 3369 2376 vehementi
3410 2324 3634 2377 tristitia

2071 2420 2394 2468 annuntiant
2414 2424 2656 2467 nostram
2684 2413 3074 2466 inexorabilem
3097 2423 3148 2466 et
3165 2417 3415 2467 acerbam
3441 2415 3633 2483 agendi

2072 2507 2360 2558 rationem.
2402 2504 2568 2557 Recte
2606 2507 2767 2572 igitur
2799 2519 2827 2556 a
2860 2504 3126 2571 principio
3172 2507 3486 2558 dicebamus
3533 2506 3636 2558 Pa-

2074 2610 2208 2651 trem
2243 2613 2399 2651 snum
2437 2611 2556 2650 csse
2589 2612 2750 2663 quem
2795 2612 2889 2665 per
2922 2599 3234 2664 parabolam
3271 2609 3327 2650 ut
3364 2614 3546 2668 regem
3581 2610 3636 2652 et

2073 2690 2308 2756 judicent
2341 2688 2501 2740 modo
2527 2687 2658 2738 dixit
2692 2686 2984 2750 Dominus;
3023 2703 3143 2739 nam
3178 2704 3283 2741 non
3311 2690 3446 2742 dixit
3476 2708 3488 2740 :
3529 2689 3638 2758 Ego

2073 2780 2246 2831 virum
2290 2777 2670 2830 inexorabilem
2723 2778 2927 2829 tradam
2968 2778 3268 2845 suppliciis,
3319 2781 3431 2844 sed,
3480 2778 3639 2835 Pater

2073 2887 2226 2924 meus
2259 2869 2514 2925 C(eIestis.

413 2953 503 3000 καὶ
581 2953 772 3021 κριτὴν
816 2954 1044 3006 ἐνταῦθα
1092 2957 1176 3007 διὰ
1219 2959 1315 3026 τῆς
1357 2960 1671 3029 παραϐολῆς
1718 2965 1746 3015 ὁ
1800 2965 2002 3034 Κύριος
2055 2983 2246 3037 φησιν·
2295 2968 2354 3017 οὐ
2387 2968 2492 3034 γὰρ
2538 2961 2689 3017 εἶπεν
2737 2964 2988 3030 ἐνταῦθα,
3021 2965 3124 3017 Τὸν
3185 2967 3494 3034 ἀμείλικτον
3534 2969 3640 3036 ἐγὼ

413 3047 717 3114 παραδώσω
765 3050 875 3110 τοῖς
926 3049 1290 3117 βασανισταῖς,
1335 3055 1470 3121 ἀλλ’,
1532 3058 1570 3107 0
1616 3058 1804 3129 Πατήρ
1853 3081 1954 3130 μου
1998 3066 2024 3115 ὁ
2066 3062 2405 3131 ἐπουράνιος.

482 3139 806 3207 Φοϐηθῶμεν
832 3141 944 3203 οὖν,
973 3144 1206 3210 ἀδελφοὶ,
1225 3148 1312 3198 τὸν
1346 3151 1643 3216 τηνικαῦτα
1672 3155 1779 3206 τῶν
1803 3158 1972 3223 ἁγίων
1999 3165 2040 3221 C

414 3233 531 3284 καθ’
574 3233 726 3300 ἡμῶν
763 3231 952 3300 ζῆλονο
1009 3237 1284 3304 φρίξωμεν
1336 3242 1429 3309 τὴν
1481 3243 1628 3296 θείαν
1671 3248 1969 3315 ἀπόφασιν·

414 3323 748 3389 αἱδεσθώμεν
793 3324 888 3389 τὴν
924 3327 1028 3392 πρὸ
1057 3327 1259 3394 ταύτης
1287 3331 1363 3390 εἰς
1397 3333 1543 3400 ἡμᾶς
1573 3336 1666 3386 τοῦ
1704 3337 1837 3390 Θεοῦ
1872 3359 1975 3407 μα-

413 3413 710 3479 κροθυμίαν
733 3429 746 3442 '
780 3415 1224 3482 ἀναλογισώμεθα
1250 3419 1307 3469 τὸ
1327 3422 1555 3488 μέγεθος
1571 3426 1672 3493 τῆς
1699 3430 1972 3500 ἡμετέρας

414 3504 549 3570 πρὶς
602 3504 686 3552 τὸν
741 3502 869 3555 Θεὸν
911 3504 1128 3573 ὀφειλῆς
1156 3508 1297 3572 ὅσον,
1345 3514 1437 3563 καὶ
1476 3515 1671 3582 ταῦτα,
1724 3521 1856 3588 πρὸς
1900 3525 1971 3576 τὰ

414 3591 733 3657 ὀφειλόμενα
761 3593 888 3660 παρ’
909 3591 1106 3661 ἑτέρων
1133 3597 1259 3664 ἡμῖν
1284 3604 1725 3670 συγκρινόμενον.
1759 3611 1974 3678 «Illoni-

413 3697 565 3740 x:;,o
608 3682 631 3729 ὁ
683 3682 881 3749 Πέτρος
935 3684 1150 3750 ἐρωτῶν
1204 3687 1353 3753 ἔλεγε
1426 3694 1560 3761 πρὸς
1607 3697 1693 3747 τὸν
1747 3698 1972 3767 Κύριον,

421 3774 790 3840 «Ἀμαρτήσει
829 3776 904 3832 είς
953 3776 1049 3842 ἐμὲ
1095 3778 1142 3828 ὀ⁶
1175 3779 1399 3847 ἀδελφός
1451 3800 1572 3850 μου,
1646 3790 1736 3838 καὶ
1783 3793 1975 3859 ἀφήσω

416 3863 600 3930 abuit;
640 3864 739 3925 ἓως
779 3865 1046 3930 ἑπτακιςς
1082 3869 1187 3919 Καὶ
1220 3871 1447 3937 ἤκουσεν
1473 3890 1489 3903 ο
1528 3894 1544 3922 ι
1588 3878 1659 3927 Οὐ
1705 3879 1847 3945 λέγω
1895 3899 1976 3934 σοι

419 3953 520 4012 ἕης
552 3953 1042 4016 ὲπτάκις,ἀλλ’ἓως
1075 3955 1525 4024 ἑϐδομηκοντάκις
1547 3964 1682 4018 ἑπτα
1707 3981 1718 3993 ·
1752 3985 1768 4016 ι
1802 3969 1974 4019 καίτοι

419 4042 738 4100 τοσαυτάκις
766 4044 897 4109 πρὸς
927 4044 1071 4112 ἡμᾶς
1099 4048 1322 4096 πταῖσαι
1345 4049 1431 4098 τὸν
1455 4047 1678 4118 ἀδελφὸν
1712 4055 1815 4105 τῶν
1846 4056 1974 4106 ἀὸυ-

419 4137 589 4183 νάτων
629 4133 741 4182 ἐστὶ
773 4132 975 4198 σχεδόν.
1021 4134 1205 4198 Ἠμῶν
1240 4136 1292 4185 δὲ
1329 4138 1559 4190 ἑκάστου
1591 4143 1655 4193 τὰ
1681 4145 1812 4212 πρὸς
1844 4147 1974 4198 Θεὸν

419 4225 732 4289 πταίσματα
776 4225 870 4273 καὶ
932 4222 1119 4274 τοῦτον
1184 4227 1499 4295 ύπερὸαίνει
1549 4232 1639 4283 τὸν
1704 4236 1973 4304 ἀριθμόνο

415 4313 514 4362 κᾶν
551 4313 663 4371 ἐνὸς
694 4315 949 4382 causam;
976 4314 1374 4386 μὲγιθος,πρὸς
1402 4321 1459 4372 ὃν
1485 4323 1599 4373 ἐστι
1633 4325 1693 4376 τὸ
1728 4331 1975 4395 πταῖσμα

417 4402 764 4468 ἐνθυμηθεὶς,
821 4404 1150 4471 ἀσύγκριτον
1208 4407 1461 4476 εὑρήσεις
1508 4413 1641 4479 πρὸς
1689 4419 1755 4467 τα
1798 4420 1975 4470 ὲκεῖνα

2146 3157 2336 3226 Igitur,
2389 3155 2608 3217 fratres,
2646 3154 2933 3209 timeamus
2974 3170 3288 3210 sanetorum
3323 3167 3509 3212 contra
3542 3174 3640 3214 nos

2078 3250 2554 3317 indignationem;
2613 3262 2979 3313 expaveamus
3017 3248 3253 3300 divinam
3315 3251 3643 3302 condemna-

2077 3343 2318 3403 tionem;
2354 3354 2704 3392 revereamur
2747 3340 2884 3391 hanc
2934 3341 3335 3392 antecedentem
3385 3340 3476 3393 Dei
3514 3359 3638 3410 erga

2077 3448 2174 3486 nos
2193 3431 2676 3498 longanimitatem;
2703 3430 3000 3497 cogitemus
3028 3438 3228 3496 quanta
3259 3431 3364 3482 sint
3390 3446 3508 3497 quae
3535 3433 3641 3485 Deo

2077 3524 2357 3584 debemus,
2393 3521 2689 3589 praasertim
2717 3520 2761 3573 si
2794 3519 2892 3572 ista
2924 3535 3042 3572 cum
3069 3519 3266 3574 debitis
3307 3520 3505 3588 quibus
3549 3521 3640 3573 alii

2078 3616 2142 3668 ad
2177 3630 2276 3667 nos
2326 3615 2586 3680 ligantur,
2619 3614 2984 3666 conferamus.
3026 3612 3272 3677 Quoties,
3329 3615 3404 3665 ait
3449 3613 3640 3668 Petrus

2077 3704 2359 3756 Dominum
2387 3703 2748 3769 interrogans,
2772 3701 3015 3770 peccabit
3045 3702 3098 3753 in
3134 3718 3214 3754 me
3257 3702 3424 3757 frater
3461 3719 3638 3766 meus,

2077 3802 2129 3846 et
2155 3793 2421 3844 dimittam
2463 3791 2550 3844 ei?
2590 3806 2760 3859 usque
2793 3791 3037 3856 septies?
3075 3789 3139 3843 Et
3173 3793 3418 3844 audivit:
3451 3811 3469 3842 ι
3524 3793 3641 3846 Non

2078 3884 2200 3936 dico
2231 3883 2326 3935 tibi
2367 3897 2538 3950 usque
2589 3882 2813 3949 septies,
2847 3883 2938 3934 sed
2974 3897 3142 3949 usque
3171 3884 3478 3950 septuagies
3524 3898 3644 3951 sep-

2080 3976 2182 4027 ties
2214 3976 2279 4028 7‘.
2329 3991 2345 4023 ›
2385 3973 2551 4025 Porro
2589 3972 2699 4024 fere
2725 3981 2803 4024 est
2843 3974 3176 4040 impossibile
3215 3974 3438 4026 fratrem
3482 3977 3640 4030 toties

2080 4064 2129 4114 iu
2157 4078 2255 4115 nos
2283 4077 2530 4129 peccare.
2564 4061 2774 4115 Nostrae
2807 4073 2983 4112 autem
3020 4062 3072 4113 in
3121 4059 3286 4114 Deum
3315 4063 3640 4118 offensiones

2076 4155 2237 4206 etiam
2286 4153 2433 4205 hunc
2485 4168 2769 4205 numerum
2815 4164 3093 4218 superant.
3153 4151 3280 4206 Etsi
3330 4157 3637 4223 perpendas

2078 4245 2236 4295 unius
2264 4243 2581 4310 gravitatem
2613 4251 2666 4293 et
2699 4241 2973 4293 mediteris
3010 4242 3136 4308 quis
3170 4244 3238 4295 sit
3267 4258 3427 4309 quem
3465 4244 3642 4298 oﬂ'en-

2077 4336 2280 4392 dimus.
2315 4336 2516 4386 nullam
2556 4336 2818 4386 rationein
2854 4335 3017 4387 facies
3063 4350 3250 4386 earum
3295 4352 3414 4402 qum
3454 4349 3640 4390 contra

2079 4432 2178 4469 nos
2210 4418 2623 4470 committuntur
2655 4417 3012 4479 offensarum,
3047 4420 3146 4470 etsi
3183 4422 3490 4488 septuagies
3522 4435 3641 4488 scp-

417 4491 615 4550 πάντα,
649 4491 747 4543 κᾶν
772 4491 1227 4558 ἔὸδομηκοντακις
1258 4497 1394 4548 ἑπτὰ
1426 4502 1686 4572 τυγχάνῃ.
1724 4503 1972 4559 Τοσαῦτα
2004 4494 2053 4551 Ῑ)
2080 4509 2172 4561 ties

1885 4506 1972 4559 Ξτα
2004 4494 2053 4551 Ῑ)
2080 4509 2178 4561 ties
2201 4509 2542 4561 accidissent.
2581 4507 2746 4574 Igitur
2771 4523 2893 4561 cum
2925 4518 3002 4560 tot
3025 4518 3079 4562 et
3112 4519 3259 4562 tanta
3294 4511 3401 4563 Deo
3438 4512 3640 4567 debeas

419 4582 510 4629 καὶ
545 4579 841 4645 τηλικαῦτα
870 4581 1050 4632 τοίνυν
1087 4583 1315 4648 ὀφείλων
1337 4587 1412 4652 τῷ
1441 4588 1560 4658 Θεῷ
1591 4593 1848 4657 τάλαντα,
1883 4599 1976 4649 καὶ

422 4670 802 4736 μακροθυμίαν
858 4672 1016 4737 μόνον
1070 4674 1334 4740 αἰτήσας,
1397 4679 1458 4729 σὺ
1513 4680 1569 4731 δὲ
1619 4687 1711 4734 καὶ
1766 4688 1975 4739 τελείαν

420 4763 611 4826 ἄφεσιν
648 4761 774 4828 παρ’
807 4759 968 4813 αὐτοῦ
999 4762 1176 4812 λαῦὼν
1215 4763 1306 4814 τοῦ
1342 4767 1670 4835 ὀφλήματος,
1697 4770 1816 4826 εἶτα
1843 4779 1976 4844 πρὸς

423 4854 620 4919 μικρὰν
653 4852 926 4918 ἀργυρίων
962 4854 1211 4921 ὀφειλὴν·
1254 4857 1421 4910 ταῦτα
1470 4863 1576 4930 γὰρ
1607 4865 1672 4916 τὰ
1709 4866 1972 4935 δηνάρια’

420 4943 567 5008 παρὰ
601 4943 692 4991 τοῦ
725 4944 1026 5006 ὀφείλοντος
1056 4947 1337 5000 συνδούλου
1377 4955 1759 5023 μακροθυμίαν
1787 4961 1972 5012 αἰτού-

419 5046 600 5097 lit-5V0;
637 5032 695 5079 οὐ
743 5031 984 5097 παρέξεις
1021 5034 1348 5103 προθύμως;
1385 5041 1591 5094 Ούκοῦν
1622 5046 1973 5122 ἀπαιτηθήσῃ

417 5127 482 5172 τα
533 5124 705 5172 πάντα
757 5123 976 5184 δικαίως
1009 5140 1020 5152 ·
1073 5126 1186 5187 πῶς
1236 5129 1342 5198 γὰρ
1391 5133 1448 5182 οὐ
1495 5134 1700 5187 δίκαιον
1755 5142 1849 5191 καί
1881 5142 1975 5210 τὴν

417 5214 705 5280 ἀφαίρεσιν
741 5213 1039 5280 ὑποστῆναι
1072 5219 1284 5281 πᾶσανς
1322 5223 1415 5273 καὶ
1451 5225 1546 5294 τῆς
1591 5229 1978 5302 ἀγνωμοσύνης

417 5305 859 5370 προσυπνιστῆναι
894 5305 988 5372 τὴν
1037 5309 1370 5377 καταδίκηνς
1415 5316 1513 5366 Διὰ
1545 5318 1697 5372 τοῦτό
1730 5325 1860 5387 φησί
1894 5341 1977 5388 τις

416 5393 524 5444 τῶν
543 5395 869 5459 προφητῶν·
908 5413 923 5442 ι
967 5395 1060 5444 Ὃν
1092 5398 1290 5462 τρόπον
1317 5401 1591 5472 ἐποίησας,
1623 5405 1791 5470 οὕτως
1823 5412 1974 5465 ἔσται

416 5501 500 5535 σοι
524 5500 535 5510 ·
569 5484 625 5533 τδ
655 5485 1001 5551 ἀνταπόδομά
1039 5502 1130 5535 σου
1177 5481 1666 5562 ἀνταποδοθήσεται
1698 5502 1774 5560 είς
1805 5519 1973 5570 κεφα-

412 5573 512 5643 λήν
547 5590 660 5626 σου.
704 5574 860 5626 Ἀλλὰ
916 5574 988 5643 μὴ
1026 5575 1114 5626 τὸν
1150 5578 1385 5647 ἔλεγχον,
1423 5587 1496 5654 μὴ
1526 5587 1622 5656 τὴν
1671 5590 1859 5660 ὀργὴν,
1897 5600 1969 5663 μὴ

483 5729 526 5759 ’⁵
568 5728 752 5781 Matth.
790 5746 940 5791 Xt‘tll,
975 5734 1060 5786 2'2.
1138 5737 1182 5765 ‘°
1216 5738 1346 5791 Abl.

721 5823 986 5883 Ριιτιιοι..
1024 5832 1135 5892 tiri.
1181 5832 1295 5889 (IL!

2078 4599 2295 4660 talenta,
2331 4606 2383 4650 et
2416 4599 2585 4650 solam
2616 4601 2938 4667 deprecatus
2988 4602 3332 4667 patientiam,
3372 4604 3638 4673 integram

2077 4692 2246 4744 debiti
2276 4691 2344 4743 ab
2376 4706 2439 4744 eo
2484 4693 2735 4745 obtineas
2759 4694 3156 4756 dimissionem,
3209 4705 3264 4748 tu
3306 4697 3499 4750 deinde
3542 4713 3639 4765 pro

2083 4796 2246 4849 parvo
2284 4797 2630 4834 nummorum
2664 4783 2847 4836 debito
2875 4786 2984 4852 (qui
3041 4801 3164 4838 vere
3208 4797 3334 4840 sunt
3381 4789 3637 4857 denarii),

2081 4889 2109 4926 a
2143 4888 2404 4928 conservo
2443 4875 2685 4928 debitore
2716 4875 2782 4928 de
2823 4877 3077 4943 patientia
3134 4891 3374 4946 rogatus.
3425 4897 3532 4934 non
3577 4884 3642 4935 li-

2077 4965 2265 5019 benter
2298 4966 2542 5020 annues?
2565 4966 2731 5021 Secus
2765 4969 2941 5020 omnia
2968 4969 3087 5034 jure
3117 4971 3487 5037 exigerentur;
3517 4990 3640 5026 nam

2079 5070 2257 5109 nonne
2307 5057 2510 5122 justum
2555 5068 2698 5110 esset
2742 5067 2793 5112 te
2821 5061 3075 5114 omnibus
3108 5064 3350 5129 spoliari,
3385 5073 3440 5116 et
3468 5066 3640 5131 culpze

2080 5143 2261 5197 subire
2291 5144 2730 5198 damnationem?
2783 5147 2903 5202 Ideo
2949 5150 3093 5202 dixit
3146 5166 3287 5203 unus
3344 5155 3639 5220 propheta-

2081 5247 2245 5285 rum:
2305 5252 2323 5283 ι
2360 5235 2512 5288 Sicut
2555 5235 2754 5301 fecisti,
2791 5239 2861 5290 ita
2907 5239 2998 5290 fiet
3047 5241 3180 5303 tibi;
3233 5245 3519 5297 retributio
3550 5258 3641 5299 tua

2083 5335 2430 5378 convertetur
2460 5327 2512 5378 in
2543 5338 2706 5394 caput
2749 5339 2896 5380 tuum
2918 5327 2987 5381 ⁸⁸.
3018 5348 3036 5380 ›
3076 5329 3182 5384 Sed
3217 5347 3324 5384 non
3362 5336 3640 5399 vitupera-

2087 5415 2307 5476 tionem,
2351 5432 2455 5470 non
2502 5418 2662 5480 iram,
2717 5435 2822 5473 non
2873 5424 3194 5475 sententiam
3234 5435 3636 5492 exspectemus,

2083 5508 2296 5572 fratres,
2328 5512 2419 5565 sed
2471 5513 2780 5577 induamus,
2813 5517 3273 5582 quemadmadum
3320 5520 3459 5574 dixit
3495 5521 3638 5588 Apo-

2080 5599 2271 5664 stulus,
2304 5602 2507 5657 viscera
2543 5603 2951 5670 misericordiae,
2986 5617 3094 5661 tam
3125 5610 3303 5664 verbis
3335 5626 3494 5679 quam
3547 5628 3638 5666 co-
