4444 6450
434 358 539 422 405

1728 377 2058 436 ΠΟΜΙΗΑ
2100 377 2400 444 XXXVII.

3576 392 3679 454 ωε

434 473 524 521 καὶ
566 472 625 524 τὸ
667 472 925 542 θεοφόρον
957 476 1252 531 ἐναπέθετο
1295 481 1534 550 πνεῦμα,
1576 485 1643 537 δι’
1676 479 1736 537 οἶδ
1772 487 1891 554 μετ’
1940 488 1999 539 οὐ
2033 492 2075 548 Δ
2105 494 2189 563 jus

1940 488 1999 539 οὐ
2033 492 2075 548 Δ
2105 494 2194 563 jus
2243 511 2345 565 ope
2399 512 2506 551 non
2560 497 2731 551 multo
2775 504 2894 565 post
2929 499 3165 571 conjuge
3213 499 3345 554 illud
3392 516 3594 573 corpus
3627 509 3678 560 in

435 563 570 615 πολὺ
610 566 707 617 καὶ
750 567 810 619 τὸ
855 568 1087 635 σύζυγον
1120 571 1298 624 ἐκεῖνο
1341 579 1501 642 σῶμα
1529 578 1607 639 είς
1657 578 1884 642 ἀείζωον
1910 583 2003 634 καὶ

433 653 686 722 οὐράνιον
720 658 1071 724 μετατίθεται
1100 661 1299 732 χῶρον,
1334 666 1559 731 είκότως
1606 672 1695 721 καὶ
1740 669 1841 736 τῆς
1875 674 2005 743 περὶ

436 745 608 815 αὐτὴν
650 750 907 821 ἀπαρχῆς
945 754 1109 824 μέχρι
1136 757 1229 809 νῦν
1260 760 1611 832 καταλλήλως
1640 777 1653 793 ⁶
1685 766 1870 820 πολλοὶ
1898 771 2005 838 γὰρ

435 838 545 891 τῶν
568 840 665 893 ἀπ’
694 844 889 906 αίῶνος
920 846 1209 926 εῦμενείας
1235 851 1389 915 θείας
1420 854 1514 907 καὶ
1543 856 1697 924 δόξης
1723 860 1817 910 καὶ
1845 861 2005 917 δυνάο

440 944 586 1019 μεως
619 929 833 1003 ἔτυχον,
866 934 942 999 ὡς
971 938 1066 990 καὶ
1099 937 1191 991 τὸν
1241 941 1406 996 Δαόὶδ
1444 942 1649 1012 λέγειν·
1690 966 1708 999 ι
1755 948 1909 1019 Ἐμοὶ
1949 952 2005 1006 δὲ

441 1017 563 1071 λίαν
583 1021 923 1112 ἀτιμήθησαν
950 1030 999 1081 oi
1040 1029 1184 1098 φίλοι
1236 1049 1356 1096 σου,
1398 1036 1425 1088 ό
1473 1037 1625 1106 Θεὸς,
1672 1039 1794 1093 λίαν
1822 1017 2007 1112 ἒὲκρα-

438 1110 753 1179 ταιὼθησαν
780 1116 837 1168 αί
869 1117 1035 1187 ἀρχαὶ
1062 1119 1244 1174 αὐτῶν
1264 1138 1278 1154 ·
1310 1122 1756 1198 ιεαριθμήσομαι
1786 1110 2005 1201 αὐτοὺς,

437 1206 533 1253 καὶ
556 1202 697 1273 ὑπὲρ
720 1203 905 1276 ἀμμον
938 1210 1436 1281 πληθυνθήσονται.
1471 1238 1489 1269 ι
1523 1220 1721 1274 Πολλοὶ
1755 1227 1896 1280 κατά
1916 1227 2008 1280 τὸν

440 1287 764 1359 Σολομῶντα
798 1296 1029 1354 πλοῦτον
1055 1302 1378 1374 ἐκτήσαντο,
1419 1308 1513 1362 καὶ
1548 1312 1743 1366 πολλαὶ
1781 1316 2010 1385 θυγατέ-

442 1396 537 1448 ρες
594 1384 860 1458 ἑποίησαν
910 1392 1165 1464 δύναμιψ
1216 1398 1356 1465 αῦτη
1408 1399 1464 1453 δὲ
1528 1384 1869 1471 ὑπέρκειται
1912 1412 2011 1465 καί¹

442 1473 689 1547 ὑπερῆρε
738 1481 949 1548 πάντας
978 1502 1039 1540 τε
1072 1489 1167 1542 καὶ
1216 1491 1419 1558 πάσας,
1476 1495 1586 1551 οὐδ’
1624 1499 1747 1553 ὅσον
1792 1503 1967 1557 εἰπεῖν
1993 1520 2006 1535 ο

445 1567 583 1662 μόχη
633 1574 743 1641 γὰρ
796 1574 934 1631 Θεοῦ
995 1578 1092 1633 καὶ
1150 1583 1354 1648 παντὸς
1418 1587 1762 1659 ἀνθρωπείου
1816 1595 2010 1662 γένους

443 1658 894 1755 στάααλμεταξυ,
924 1664 1018 1720 τὸν
1056 1669 1189 1724 Θεδν
1232 1674 1494 1745 ἀποίησεν
1526 1658 1657 1734 νΥίὸν
1691 1658 2009 1755 ἀνθρωπου,

441 1748 688 1851 viain-6t
734 1753 875 1851 Θεοῦ
924 1758 1054 1822 τοὺς
1091 1763 1416 1833 ἀνθρώπους
1462 1748 1864 1844 ἀπειργάσατο,
1912 1748 2010 1851 τὴν

442 1840 550 1910 γῆν
571 1844 967 1948 pupa-vehenda,
997 1855 1092 1906 καὶ
1134 1857 1196 1910 τὸ
1227 1858 1382 1925 γένος
1420 1840 1695 1925 θεώσασα,
1747 1840 2009 1944 καὶ-μόνή

442 1937 636 2032 πασῶν
672 1937 817 2032 ,αὕτη
867 1945 1053 2015 μήτηρ
1104 1948 1204 2015 μὲν
1242 1952 1305 2011 ἐκ
1348 1956 1563 2021 φύσεως
1626 1960 1767 2032 ὑπὲρ
1829 1937 2011 2018 πεῖσαν

442 2026 606 2124 φύσιν
658 2030 977 2117 ἀναπέφηνε
1017 2038 1176 2105 Θεοῦ,
1224 2041 1437 2110 βασιλὶς
1492 2047 1547 2101 δὲ
1609 2026 1811 2114 παντὸς
1852 2056 2013 2124 ἐγκο-

446 2122 607 2189 σμίου
631 2127 730 2222 καὶ
761 2127 1135 2222 ὑπερκοσμίου
1168 2136 1471 2206 κτίσματος
1500 2144 1710 2214 ὑπῆρξε
1734 2146 1811 2217 τῷ
1835 2122 2009 2222 ἀερρά-

443 2230 556 2283 στῳ
584 2216 749 2313 τόκῳ·
778 2220 872 2275 καὶ
897 2221 1040 2285 οὕτω
1062 2229 1189 2291 τοὺς
1211 2230 1301 2299 ὑφ’
1320 2232 1517 2305 ἑαυτὴν
1547 2236 1613 2289 δι’
1645 2216 1845 2311 ἑαυτῆς

444 2321 606 2406 σασα,
621 2311 727 2406 Δκαὶ
749 2313 810 2367 τὸ
832 2317 924 2370 ἐπὶ
946 2318 1048 2384 γῆς
1075 2322 1314 2392 ὑπήκοον
1337 2327 1590 2396 οὐράνιον
1608 2332 1725 2386 ἀντ’
1760 2311 2011 2406 ἐπιγείου

440 2397 797 2501 ἀποδείξασα,
855 2410 1162 2478 κρείττονος
1207 2417 1366 2482 ἀξίας
1400 2420 1541 2492 αὕτη
1587 2427 1682 2479 καὶ
1726 2397 2012 2501 δυνάμεως

442 2491 754 2593 ῦπερτέρας
810 2504 1181 2574 μετασχοῦσα,
1213 2511 1307 2562 καὶ
1346 2512 1445 2581 τῆς
1497 2515 1560 2568 ὲκ
1602 2519 1712 2571 τῶν
1764 2491 2013 2593 οὐρανῶν

440 2584 529 2690 διά
552 2587 694 2643 θείου
725 2592 1040 2690 ῐῖνεύματος
1061 2607 1421 2672 χειροτονίας,
1450 2609 1673 2680 ὑψηλῶν
1702 2584 2010 2690 ὑψηλοτάτη

442 2680 533 2733 καὶ
556 2687 830 2755 μακαρίου
844 2688 1032 2758 γένους
1058 2702 1450 2771 μακαριωτάτη
1477 2702 1690 2772 βασιλὶς
1721 2680 2010 2783 ὲγφεστηκεί

512 2815 621 2917 Νῦν
654 2823 751 2917 καὶ
802 2825 894 2879 τὸν
926 2828 1156 2900 οὐρανὸν
1190 2833 1392 2903 ἔχουσα
1429 2839 1640 2907 πρέπον
1672 2844 2009 2917 οίκητήριον,

438 2908 513 3007 ῶς
542 2912 676 2982 αὐτῇ
707 2919 986 2990 προσῆκον
1014 2922 1308 2993 βασίλειον,
1336 2930 1417 2991 είς
1445 2931 1505 2983 ὃν
1532 2934 1640 2986 ἀπὸ
1670 2908 2012 3007 γῆς-μεταν-ἰ

440 3001 583 3100 ἔστηΔ
618 3008 893 3100 σήμερον,
943 3015 1036 3067 καὶ
1068 3018 1131 3069 ἐκ
1177 3018 1368 3084 δεξιῶν
1392 3001 1688 3095 ’παρέστη
1714 3001 1821 3081 τοῦ.
1862 3050 2013 3100 παμ-

441 3093 706 3193 ϐασιλέως
763 3103 823 3193 εν
876 3105 1156 3177 ἱματισμῷ
1228 3093 1508 3185 διαχρύσῳ
1563 3093 2004 3193 περιὸεδλημένη

440 3189 868 3288 ⁸ἷτίειιτοικιλμένη,
919 3198 1061 3251 κατά
1118 3201 1181 3252 τὸ
1236 3205 1532 3273 εἰρημένον
1588 3211 1666 3278 τῷ
1729 3189 2007 3288 ψαλμῳδῶ

438 3275 702 3379 Προφῇτῃ
728 3286 857 3379 περί
880 3288 1070 3358 αὐτῆς.
1114 3291 1438 3366 ’ίματισμὸν
1466 3300 1522 3351 δὲ
1553 3275 1767 3375 νοήσεις
1783 3275 2008 3379 διάχιρυζ

440 3382 533 3418 σον
573 3369 633 3461 to
671 3374 900 3441 θεαυγὲς
943 3379 1158 3451 ἐκείνης
1190 3383 1372 3452 σῶμα,
1424 3369 1852 3461 πεποικιλμένον
1874 3369 2008 3460 ’ταῖς

440 3460 818 3525 παντοδαπαῖς
846 3464 1089 3532 ἀρεταῖς*
1125 3472 1261 3541 μόνη
1298 3473 1407 3540 γὰρ
1438 3473 1576 3544 αῦτη
1610 3476 1703 3529 νῦν
1745 3480 1883 3547 μετά
1911 3482 2005 3535 τοῦ

439 3548 786 3615 θεοδοξάστου
825 3558 1077 3627 σώματος
1111 3564 1207 3616 σὺν
1232 3565 1309 3633 τῷ
1346 3565 1460 3635 Υίῷ
1484 3570 1575 3620 τὸν
1599 3571 1849 3639 οὐράνιον
1893 3574 2006 3643 ἔχει

438 3642 639 3712 χῶρον·
670 3648 731 3700 οὗ
763 3648 872 3718 γὰρ
898 3648 1011 3720 εἶχε
1042 3656 1295 3725 κατέχειν
1339 3661 1417 3719 είς
1444 3659 1596 3723 τέλος
1618 3664 1685 3733 γῆ
1714 3665 1808 3717 καὶ
1836 3642 2008 3736 τάφος

439 3737 534 3787 καὶ
574 3737 804 3801 θάνατος
838 3743 1147 3814 ζωαρχικδν
1193 3750 1354 3818 σῶμα
1375 3753 1468 3804 καὶ
1502 3752 1772 3824 θεοδὸχον,
1803 3759 1896 3811 καὶ
1918 3761 2008 3812 οὐ-

442 3833 603 3897 ρανοῦ
637 3836 733 3888 καὶ
774 3839 870 3890 τοῦ
900 3840 1135 3900 οὐρανοῦ
1185 3844 1296 3895 τῶν
1328 3847 1577 3913 οὐρανῶν
1618 3851 1871 3923 φίλτερον
1918 3856 2006 3908 ὲν-

437 3926 720 3996 διαίτημα.
753 3928 818 3982 Εί
844 3932 949 4001 γὰρ
978 3932 1148 4003 ψυχὴ,
1176 3934 1313 3989 Θεοῦ
1351 3939 1510 4008 χάριν
1535 3940 1742 3997 ἔνοικον
1779 3945 2004 4016 σχοῦσα,

442 4018 579 4088 πρὸς
601 4020 827 4091 οὐρανὸν
873 4024 1162 4099 ἀνέρχεται
1207 4027 1315 4081 τῶν
1358 4031 1591 4085 ενταῦθα
1631 4034 1872 4101 λυθεῖσα,
1905 4055 2006 4093 κα·-

441 4109 617 4179 θάπερ
641 4116 734 4167 καὶ
760 4114 849 4168 διὰ
881 4116 1092 4170 πολλῶν
1125 4124 1435 4189 καταφανὲς
1465 4124 1631 4196 208
1658 4128 1871 4196 γέγονε,
1907 4134 2005 4185 καὶ

444 4211 796 4274 πιστεύομεν,
836 4207 952 4271 πῶς
996 4210 1062 4261 ἂν
1093 4213 1151 4264 τὸ
1190 4216 1265 4283 μή
1308 4216 1470 4282 μόνον
1503 4219 1561 4270 ἐν
1610 4221 1788 4291 ἑαυτῷ
1839 4223 2003 4278 λαϐὸν

442 4298 603 4349 αὑτὸν
630 4300 723 4351 τὸν
753 4302 1078 4369 προαιώνιον
1110 4308 1204 4357 καὶ
1256 4310 1516 4380 μονογενῆ
1540 4312 1636 4365 τοῦ
1686 4315 1823 4367 Θεοῦ
1850 4317 2001 4385 Υίὺν,

439 4390 537 4457 τὴν
569 4391 793 4444 ἀὲνναον
824 4395 1008 4463 πηγὴν
1042 4396 1140 4464 τῆς
1174 4400 1415 4468 χάριτος,
1456 4402 1591 4455 ἀλλὰ
1633 4405 1727 4457 καὶ
1757 4423 2005 4478 γεννητι-

2107 591 2383 645 cmlestem
2426 594 2553 645 vitm
2588 593 2847 660 perennis
2876 594 3150 661 regionem
3185 605 3303 650 erat
3345 597 3680 653 transferen-

2107 683 2261 747 dltm,
2299 693 2356 738 ut
2390 685 2666 739 miraculis
2695 687 2837 739 haud
2878 685 3068 741 minus
3106 688 3455 743 mirabilibus
3497 691 3678 759 priora

2106 778 2473 831 confirmaret.
2510 777 2642 832 Nam
2677 780 2829 833 mttlti
2862 796 2891 834 a
2928 781 3126 834 seculo
3159 780 3401 835 divinam
3436 781 3671 836 felicita-

2111 878 2218 923 tem
2250 878 2305 923 et
2332 872 2560 939 gloriam
2598 883 2653 927 et
2686 872 3064 926 fortitudinem
3108 872 3486 935 obtinuerunt,
3514 874 3588 927 ita
3623 886 3677 926 ut

2108 961 2316 1016 diceret
2380 961 2545 1016 David
2586 982 2598 1016 :
2638 983 2655 1014 ι
2708 963 2837 1018 Mihi
2886 977 3066 1019 autem
3120 964 3288 1019 nimis
3335 966 3677 1021 honorificnti

2110 1066 2239 1110 sunt
2270 1055 2431 1108 amici
2470 1056 2567 1119 tui,
2600 1056 2778 1120 Deus;
2826 1057 2992 1110 nimis
3039 1054 3385 1111 confortatus
3415 1066 3498 1110 est
3530 1060 3682 1126 priu—

2108 1148 2316 1215 cipatus
2346 1162 2537 1201 eorum
2568 1167 2581 1211 ;
2614 1149 2975 1203 diuumerabo
3016 1163 3133 1213 eos,
3172 1158 3225 1202 et
3269 1163 3434 1215 super
3462 1164 3679 1204 arenam

2110 1234 2624 1302 multiplicabuntur
2651 1236 2718 1290 ⁸³.
2758 1254 2775 1286 ›
2832 1235 2985 1291 Multi
3030 1243 3501 1304 congregaverunt
3545 1236 3682 1289 divi-

2109 1330 2235 1393 tias,
2283 1336 2337 1383 et
2367 1330 2551 1383 multae
2583 1329 2705 1383 tiliae
2752 1327 3001 1383 fecerunt
3034 1328 3356 1402 potentiam,
3380 1328 3471 1381 illa
3505 1339 3678 1383 autem

2110 1435 2461 1490 supergressa
2491 1432 2573 1475 est
2600 1420 2885 1474 universos
2912 1429 2965 1474 et
2992 1422 3275 1476 universas
3294 1420 3360 1481 “.
3396 1419 3686 1473 ineﬂ‘abili-

2113 1518 2227 1575 ter;
2266 1525 2393 1565 nam
2448 1512 2565 1565 sola
2615 1519 2772 1565 stans
2818 1511 2959 1565 inter
2994 1512 3162 1568 Deum
3202 1522 3258 1565 et
3311 1527 3475 1569 omne
3510 1529 3684 1583 genus

2112 1600 2436 1663 humanum,
2472 1602 2639 1657 Deum
2690 1602 2814 1657 fecit
2846 1602 3042 1656 Filium
3076 1602 3341 1666 hominis,
3389 1603 3529 1659 filios
3556 1620 3684 1658 vero

2111 1692 2206 1748 Dei
2241 1694 2367 1748 fecit
2392 1695 2664 1759 homines,
2689 1705 2885 1750 terrain
2916 1695 2969 1749 in
2998 1694 3196 1750 cmlum
3226 1706 3465 1760 mutans,
3491 1711 3689 1765 genus-

2112 1802 2220 1858 que
2253 1789 2552 1843 humanum
2589 1790 2656 1844 ad
2686 1788 2986 1843 divinitatis
3016 1788 3336 1859 dignitatem
3368 1790 3607 1858 erigens,
3633 1799 3686 1842 et

2111 1883 2229 1936 sola
2262 1893 2457 1938 natura
2499 1881 2671 1937 Mater
2711 1882 2801 1937 Dei
2836 1896 2998 1948 super
3043 1897 3259 1935 omnem
3288 1890 3537 1934 naturam
3564 1883 3685 1934 eui-

2112 1974 2234 2033 luit.
2272 1975 2516 2029 omnium
2548 1989 2680 2029 vero
2712 1983 3086 2028 creaturarum
3130 1973 3245 2026 sive
3292 1972 3457 2040 hujus
3496 1973 3682 2025 mundi

2109 2069 2224 2122 sive
2254 2082 2417 2137 supra
2472 2067 2734 2121 mundum
2782 2066 3083 2136 positarum
3139 2064 3321 2135 regina
3370 2063 3539 2133 fulget
3590 2079 3686 2134 per

2111 2176 2270 2215 suum
2306 2169 2524 2231 partum
2563 2159 2930 2227 inetfabilem;
2966 2160 3157 2226 sicque
3200 2174 3295 2227 per
3330 2159 3683 2226 semetipsarn

2112 2256 2364 2311 subditos
2404 2254 2654 2309 exaltans
2684 2262 2738 2307 et
2771 2251 3137 2307 obedientiam
3189 2267 3214 2305 a
3244 2252 3476 2321 jterrena
3524 2253 3689 2306 caele-

2112 2361 2250 2405 stem
2304 2348 2670 2409 constituens,
2703 2346 2927 2416 majoris
2972 2344 3257 2415 dignitatis
3307 2353 3359 2398 et
3392 2344 3687 2413 singularis

2111 2442 2367 2513 potentiae
2400 2441 2544 2496 facta
2571 2440 2864 2510 particeps,
2906 2442 3131 2508 ipsaque
3163 2455 3191 2493 a
3232 2437 3435 2507 Spiritu
3470 2440 3687 2493 caelitus

2113 2534 2315 2588 eximie
2343 2532 2691 2594 confirmata,
2722 2532 3057 2586 sublimibus
3089 2530 3376 2587 sublimior
3408 2538 3572 2599 atque
3605 2528 3687 2585 fe-

2112 2626 2235 2682 licis
2268 2626 2485 2697 generis
2512 2623 2830 2681 felicissima
2851 2624 3097 2680 constitit
3126 2624 3333 2694 regina.

2187 2845 2359 2900 llodie
2388 2860 2520 2900 vero
2552 2844 2753 2899 coelum
2786 2843 2995 2897 habens
3024 2840 3357 2896 conveniens
3403 2840 3687 2895 habitacu-

2116 2938 2225 2992 lum
2253 2950 2309 2993 ut
2337 2940 2617 3008 prepriutu
2645 2938 2752 2991 sibi
2787 2937 3070 3005 palatium,
3098 2951 3208 3004 quo
3236 2950 3265 2987 a
3289 2944 3436 2988 terra
3468 2936 3571 2988 hac
3597 2936 3686 2987 die

2116 3033 2385 3095 ascendit,
2418 3031 2593 3087 astitit
2625 3046 2655 3084 a
2709 3030 2921 3084 dextris
2952 3027 3117 3097 Regis
3180 3030 3229 3081 in
3279 3029 3481 3081 vestitu
3516 3028 3685 3081 deau-

2120 3134 2237 3178 rato
2264 3125 2601 3178 circumdata
2631 3122 2912 3182 varietate.
2947 3131 3106 3190 prout
3136 3121 3202 3175 de
3227 3136 3289 3173 ea
3312 3121 3511 3174 cecinit
3540 3122 3684 3187 psal-

2112 3215 2304 3269 mistes
2342 3214 2637 3283 Propheta.
2681 3213 2946 3267 Vestitum
2992 3223 3172 3266 autem
3229 3213 3553 3266 dcauratum
3590 3227 3684 3265 co-

2112 3307 2223 3377 gita
2251 3305 2552 3376 gloriosum
2595 3304 2717 3370 ejus
2767 3318 2969 3372 corpus
2999 3303 3331 3357 omnimodis
3358 3304 3677 3356 distinctum

2111 3397 2446 3460 virtutibus;
2479 3396 2593 3449 sola
2621 3396 2767 3447 enim
2812 3394 2927 3463 ipsa
2975 3395 3137 3448 hodie
3160 3410 3281 3447 cum
3316 3409 3415 3447 suo
3447 3409 3678 3461 corpore

2109 3489 2293 3543 divina
2316 3488 2567 3543 claritate
2599 3488 2806 3556 fulgida
2837 3489 3115 3542 cmlestem
3143 3487 3352 3540 obtinet
3380 3488 3675 3554 regionem;

2110 3598 2237 3637 nam
2288 3597 2395 3638 non
2444 3582 2619 3651 potuit
2658 3589 2800 3635 terra
2830 3591 2885 3634 et
2914 3581 3222 3648 sepulcrum
3265 3588 3318 3633 et
3349 3595 3494 3633 mors
3530 3580 3583 3631 in
3616 3582 3681 3631 ti-

2109 3691 2234 3731 nem
2267 3675 2546 3745 possidere
2572 3674 2706 3729 illud
2727 3688 2925 3743 corpus
2950 3672 3003 3726 in
3032 3687 3139 3741 quo
3171 3673 3311 3726 Deus
3334 3671 3515 3726 sedem
3542 3673 3681 3725 coelo

2108 3774 2163 3822 et
2206 3767 2348 3820 caelo
2396 3765 2659 3820 caelorum
2695 3764 2986 3832 gratiorem
3024 3762 3123 3816 sibi
3177 3761 3446 3831 elegerat;
3484 3762 3683 3830 quippe

2110 3858 2158 3915 si
2195 3858 2378 3913 anima
2407 3872 2529 3928 quae
2564 3858 2792 3927 gratiam
2828 3855 2919 3908 Dei
2958 3856 3350 3909 inhabitantem
3386 3854 3591 3918 habuit,
3628 3854 3680 3904 in

2110 3951 2310 4007 caelum
2332 3952 2575 4005 ascendit
2598 3950 2789 4002 barum
2817 3962 2995 4001 rerum
3021 3946 3199 4014 fragili
3229 3945 3449 4000 vinculo
3477 3947 3680 4006 soluta,

2113 4043 2255 4098 sicut
2284 4056 2376 4110 per
2409 4043 2611 4095 multos
2663 4043 2864 4095 factum
2896 4046 2979 4092 est
3026 4037 3374 4091 manifestum
3404 4076 3420 4102 ,
3466 4047 3520 4091 et
3564 4052 3683 4090 ore!

2114 4136 2321 4201 dimus,
2367 4135 2645 4205 quomodo
2694 4148 2912 4201 corpus,
2941 4130 3087 4201 quod
3121 4145 3227 4183 non
3278 4129 3452 4183 solum
3492 4130 3544 4181 iu
3588 4145 3677 4182 se-

2114 4231 2351 4299 metipso
2382 4228 2560 4297 ipsum
2592 4227 2807 4296 accepit
2835 4235 3099 4280 aeternum
3127 4233 3179 4277 et
3210 4224 3552 4291 unigenitum
3587 4222 3679 4276 Dei

2111 4321 2334 4385 Filium,
2367 4334 2660 4390 perennem
2720 4319 2909 4388 gratias
2956 4318 3179 4378 fontem,
3209 4316 3303 4369 sed
3357 4315 3518 4368 etiam
3555 4331 3679 4369 eum

2113 4415 2421 4484 parturivit.
2474 4429 2503 4468 a
2559 4410 2719 4465 terris
2753 4411 2804 4463 in
2837 4410 3175 4483 caelumnon
3232 4407 3423 4460 fuisset
3471 4421 3681 4462 assum-

442 4481 535 4578 κὸν
564 4484 836 4578 ἀναφανεν
874 4486 1037 4540 αὑτοῦ
1071 4489 1251 4559 σῶμα,
1287 4495 1383 4545 οὐκ
1412 4494 1518 4547 ἀπὸ
1548 4495 1648 4564 γῆς
1678 4498 1813 4568 πρὸς
1843 4502 2008 4571 οὐρα-
2036 4510 2085 4571 ο
2115 4481 2197 4578 βω

1920 4519 2008 4570 ρα-
2036 4510 2085 4571 D
2115 4481 2303 4578 ptum?
2349 4508 2444 4563 llla
2490 4505 2709 4576 quidem
2763 4481 3107 4557 solummodo
3146 4508 3254 4557 tres
3301 4513 3475 4553 annos
3526 4508 3675 4562 nate,

436 4575 527 4627 νδν
560 4576 839 4647 ἀνελήφθη
868 4597 880 4645 ;
917 4579 986 4632 'H
1017 4579 1096 4634 ἔτι
1134 4584 1353 4653 τριετὴς
1380 4582 1537 4647 οὖσα.
1579 4592 1670 4642 καί
1720 4593 1885 4661 μήπω
1916 4597 2008 4648 τὸν

439 4664 839 4734 ὑπερουράνιον
889 4667 1101 4721 ἔνοικον
1168 4672 1395 4740 σχοῦσα.
1462 4678 1594 4745 μηδὲ
1667 4685 2008 4752 σαρκοφόρον

440 4757 855 4825 προαγαγοῦσα,
890 4761 961 4814 τὰ
1014 4762 1181 4830 ’Δγια
1229 4766 1337 4817 τῶν
1376 4768 1548 4835 ἁγίων
1588 4771 1835 4839 οἰκοῦσα,
1865 4775 2007 4845 μετά

436 4850 497 4901 τὸ
559 4851 903 4920 τηλικούτοις
963 4873 1023 4909 τε
1089 4859 1183 4910 καὶ
1233 4861 1511 4923 τοσούτοις
1579 4863 1881 4936 ὑπερτελὴς
1912 4870 2005 4921 καὶ

439 4943 583 4993 κατὰ
614 4942 773 5011 σῶμα
799 4945 1074 5011 γενέσθαι,
1103 4948 1197 5000 καὶ
1225 4948 1395 5012 ὄντως
1432 4951 1803 5022 ὑπερκοσμία,
1833 4960 1906 5025 γῆ
1939 4958 2004 5009 ἂν

440 5032 682 5099 ἐγεγόνει
732 5035 1035 5108 διαφθορὰν
1092 5038 1404 5108 timaram;
1439 5046 1530 5095 καὶ
1582 5045 1748 5099 πόθεν
1784 5028 1848 5101 εἶν
1893 5050 2006 5120 ἔχοι

436 5124 596 5177 τοῦτο
623 5126 783 5194 λόγον
812 5131 921 5190 τοῖς
956 5131 1095 5198 μετά
1125 5131 1285 5202 λόγου
1320 5134 1619 5200 σκοποῦσι;
1648 5140 1744 5191 Διά
1762 5138 1920 5193 τοῦτο
1946 5144 2004 5193 τὸ

436 5219 704 5286 γεννῆσαν
732 5223 954 5285 εἰκότως
992 5223 1151 5291 σῶμα
1180 5226 1560 5293 συνδοξάζεται
1587 5230 1663 5298 τῷ
1700 5234 2002 5301 γεννήματι

434 5309 561 5380 δῦξῃ
592 5309 903 5382 θεοπρεπεῖ.
943 5316 1036 5367 καὶ
1077 5318 1484 5382 συνανίσταται,
1520 5323 1661 5374 κατά
1694 5323 1753 5374 τὸ
1789 5342 2001 5394 προφη-

435 5402 585 5453 τικὸν
620 5399 791 5473 ᾆσμα,
821 5407 899 5475 τῷ
927 5408 1193 5479 πρότερον
1225 5413 1519 5466 ἀναστάντι
1552 5416 1836 5485 τριημέρῳ
1869 5419 1999 5486 Χρι-

436 5494 547 5563 στῷ
577 5498 611 5566 ἡ
667 5498 898 5564 κιϐωτὸς
930 5502 1023 5555 τοῦ
1073 5505 1416 5575 ἁγιασματός
1453 5507 1639 5561 αὑτοῦ·
1673 5511 1766 5562 καὶ
1817 5513 1998 5582 παρὰ·

435 5603 621 5652 στασις
669 5593 876 5659 γίνεται
932 5596 1045 5657 τοῖς
1100 5598 1370 5669 μαθηταῖς
1408 5600 1504 5668 τῆς
1555 5602 1615 5652 ὲκ
1648 5601 1858 5672 νεκρῶν
1905 5604 1998 5657 καὶ

503 5813 545 5843 ’³³
576 5813 713 5871 f‘sal.
746 5833 1005 5887 cuxvm,
1046 5822 1123 5877 l7.
1200 5824 1243 5855 “
1275 5823 1432 5877 Prov.
1469 5841 1611 5888 xui,
1641 5825 1731 5879 21}.

2108 4617 2233 4658 cum
2274 4600 2515 4656 nondum
2566 4598 2840 4653 cmlestem
2894 4594 3122 4648 incolam
3168 4593 3449 4647 habuisset
3495 4606 3677 4660 nequo

2106 4709 2270 4752 carne
2327 4693 2572 4747 inclutum
2629 4689 2909 4747 edidisset,
2972 4686 3026 4740 in
3084 4684 3301 4740 Sanctis
3359 4692 3671 4738 sanctorum

2106 4789 2466 4844 commorata,
2495 4780 2605 4847 jam
2647 4785 2726 4829 tot
2756 4786 2810 4830 et
2852 4775 3017 4830 tantis
3056 4774 3273 4828 dotibus
3308 4774 3583 4829 cumulata
3621 4781 3678 4826 ct

2103 4871 2259 4942 quasi
2309 4868 2543 4925 ccelestis
2585 4866 2778 4931 evasit,
2828 4874 2973 4919 terra
3009 4865 3411 4932 corruptionem
3447 4864 3674 4919 subiens

2106 4966 2247 5019 facta
2288 4962 2470 5018 esset?
2500 4957 2635 5025 Quis
2674 4972 2795 5011 cum
2848 4958 3057 5011 ratione
3101 4956 3455 5009 considerans
3506 4954 3675 5008 ratio-

2106 5065 2229 5106 nem
2266 5050 2317 5103 in
2351 5049 2469 5103 istis
2513 5046 2829 5100 inveniret?
2867 5046 2991 5099 Ideo
3017 5060 3216 5112 corpus
3271 5047 3511 5114 parentis
3545 5060 3668 5099 cum

2104 5157 2334 5212 corpore
2359 5141 2527 5211 prolis
2557 5140 2738 5194 divina
2762 5139 2932 5209 gloria
2959 5137 3454 5207 fuitglorilicatum,
3479 5147 3529 5190 et
3555 5152 3675 5191 sur-

2105 5236 2271 5299 rexit,
2309 5232 2607 5289 secundum
2644 5235 2913 5288 canticum
2947 5233 3264 5293 vatidicum,
3305 5246 3424 5284 cum
3455 5229 3674 5284 Christo

2106 5324 2198 5394 qui
2224 5325 2372 5393 prior
2394 5333 2512 5393 post
2535 5332 2645 5377 tres
2663 5323 2775 5376 dies
2794 5323 3107 5385 resurrexit,
3141 5336 3262 5375 arca
3286 5320 3670 5373 sanctiﬁcatio-

2106 5417 2195 5470 nis
2216 5416 2365 5484 ejus;
2399 5425 2453 5468 et
2481 5425 2854 5485 argumentum
2891 5412 3031 5466 facta
3061 5420 3186 5466 sunt
3218 5411 3500 5479 discipulis
3534 5412 3673 5461 illius

2105 5510 2269 5563 etiam
2312 5508 2728 5561 resurrectionis
2755 5522 2783 5560 a
2824 5507 3052 5561 mortuis
3083 5505 3340 5559 sindoues
3381 5514 3433 5555 et
3484 5504 3669 5565 lintea,

2108 5602 2221 5657 sola
2255 5601 2310 5655 in
2345 5600 2595 5671 sepulcro
2644 5600 2922 5665 derelicta,
2962 5599 3182 5667 solaque
3228 5598 3442 5651 iuventa
3500 5596 3552 5648 iu
3606 5611 3671 5649 eo
