4444 6450
411 371 512 429 tt?)

412 578 519 643 λαμ
531 577 788 646 πρότερος
831 580 999 648 ἥλιος.

1700 375 2025 434 NOMINA
2055 374 2354 434 XXXVII.

412 485 656 554 κτημένη
732 486 830 555 τὴν
868 486 955 540 διά
1004 484 1221 539 πάντων
1274 487 1496 555 ἀγαθῶν
1578 488 1896 557 εὐκληρίαν,
1948 489 2142 541 ὁπόσον
2195 487 2346 557 ἡλίου
2398 485 2498 554 μὲν
2574 487 2798 555 copam,

3541 362 3601 425 4'7
3614 367 3644 421 ﬂ

2856 500 2969 534 εστι
3034 481 3255 547 μέζων,
3318 479 3551 550 οὐρανοῦ
3602 482 3659 531 δε

481 665 577 725 Τίς
610 683 703 718 σου
730 668 789 720 τὸ
820 669 1051 738 θεαυγὲς
1080 673 1279 737 κάλλος
1316 671 1647 741 ὑπογράψει,
1692 672 1975 740 Θεομῆτορ
2005 672 2049 728 Α
2151 672 2232 736 Qu

1907 687 1975 740 ὀρ
2005 672 2049 728 Α
2151 672 2282 736 Qua:
2323 672 2507 740 lingua
2544 670 2845 734 enarrabit,
2891 668 3058 738 Virgo
3092 666 3343 735 Deipara,
3378 676 3522 720 tuam
3542 664 3662 735 pul-

414 756 680 822 Παρθένε,
714 759 910 827 λόγος;
954 764 1018 817 οὐ
1060 766 1172 834 γάρ
1216 766 1331 818 ἔστι
1364 764 1433 817 τά
1467 765 1534 816 σὰ
1581 763 1860 829 λογισμοῖς
1890 763 1984 814 καὶ

414 847 596 911 λόγοις
622 853 825 919 ὁρίζειν
852 870 866 884 ·
910 857 1092 932 πάντα
1124 857 1233 926 γάρ
1266 856 1585 924 ὑπερϐαίνει
1619 856 1709 907 καὶ
1742 854 1866 906 νοῦν
1895 854 1987 905 καὶ

416 938 594 1004 λόγον.
640 942 865 1012 ’Υμνείν
908 947 953 998 δ’
1000 948 1151 1013 ὅμως
1205 936 1406 1011 ἔξεστι,
1460 947 1554 999 σοῦ
1585 944 1987 1014 φιλανθρώπως

420 1033 792 1102 προσιεμένης
822 1051 834 1064 ·
864 1038 929 1089 σὺ
964 1037 1072 1105 γάρ
1106 1042 1199 1089 καί
1231 1037 1471 1107 χαρίτων
1508 1036 1739 1090 ἀπασῶν
1768 1037 1987 1104 χωρίον,

421 1124 514 1174 καὶ
565 1126 839 1196 πλήρωμα
896 1129 1307 1195 καλοκάγαθίας
1343 1130 1629 1190 παντοίας,
1665 1127 1761 1180 καὶ
1823 1128 1987 1194 πίναξ

421 1218 516 1268 καὶ
546 1216 707 1269 είκὼν
738 1218 980 1289 ἔμψυχος
1010 1220 1215 1287 ἀγαθοῦ
1251 1222 1474 1285 παντὸς,
1500 1222 1594 1274 καὶ
1619 1221 1991 1288 χρηστότητος

423 1309 625 1374 πάσης,
658 1309 733 1370 ὡς
781 1311 915 1382 μόνη
954 1312 1171 1364 πάντων
1215 1311 1495 1381 ἠξιωμένη
1547 1311 1856 1380 συλλήϐδην
1884 1313 1991 1364 τῶν

421 1397 516 1449 τοῦ
549 1398 865 1467 Πνεύματος
913 1403 1272 1472 χαρισμάτων
1299 1419 1311 1433 ·
1350 1403 1549 1471 μᾶλλον
1578 1402 1657 1467 δὲ,
1696 1405 1787 1455 καὶ
1818 1404 1908 1455 τὸν
1936 1407 1994 1456 ἐν

423 1484 466 1555 ᾧ
517 1490 723 1543 τούτων
776 1492 1029 1545 ἁπάντων
1060 1494 1110 1545 oi
1159 1493 1425 1562 θησαυροὶ
1480 1496 1614 1563 μόνη
1678 1494 1994 1563 παραδόξως

424 1582 482 1631 ἐν
511 1584 625 1643 τοῖς
655 1582 989 1651 σπλάγχνοις
1023 1584 1233 1635 ἔνοικον
1269 1585 1494 1653 σχοῦσα,
1528 1589 1622 1638 καὶ
1649 1586 1842 1638 τούτου
1892 1602 1993 1638 κα·

426 1675 672 1725 ταστᾶσα
705 1675 1009 1743 παράδοξος
1043 1680 1215 1750 σκηνή
1243 1694 1258 1709 ο
1298 1678 1594 1731 κάντεῦθεν
1633 1681 1728 1730 καὶ
1780 1678 1877 1730 νῦν
1905 1677 1996 1731 διὰ

428 1763 661 1817 Θανάτου
698 1767 832 1835 πρὸς
892 1767 1198 1822 ἀθανασίαν
1248 1770 1570 1839 χωρήσασα,
1626 1770 1718 1822 καὶ
1774 1770 1996 1832 δικαίως

430 1856 536 1907 ἀπὸ
565 1858 670 1925 γῆς
705 1861 785 1922 εἰς
828 1861 1060 1928 οὒρανδν
1107 1861 1442 1929 μεταστᾶσα,
1472 1861 1546 1921 ὡς
1578 1862 1642 1913 ἂν
1674 1864 1731 1912 ὲν
1760 1863 1996 1927 ὑπερθυ-

433 1947 636 2021 ρανίοις
661 1949 983 2018 σκηνώμασι
1010 1950 1276 2020 σύσκηνος
1296 1952 1412 2019 εἴης
1437 1950 1612 2019 τούτῳ
1634 1951 1725 2004 τὸν
1756 1953 1842 2003 ἀεὶ
1870 1952 1999 2022 χρό-

2086 763 2457 817 chritudinem
2493 761 2678 815 divina
2711 761 2830 815 luce
2869 759 3211 831 fulgentem?
3246 758 3357 811 Tua
3393 758 3535 813 enim
3567 773 3660 812 ne-

2086 871 2191 925 que
2222 865 2399 910 mente
2426 872 2600 925 neque
2625 856 2806 909 verbis
2838 869 3127 921 possumus
3145 852 3388 922 assequi,
3409 859 3652 906 attamen

2088 946 2215 999 licet
2244 946 2484 1015 hymnis,
2520 949 2635 1014 ipsa
2672 956 2728 999 te
2767 946 3058 999 clementer
3097 944 3329 1005 favente.
3363 943 3657 1001 celebrare.

2088 1036 2222 1091 Nam
2261 1053 2312 1090 ιιι
2339 1038 2635 1104 gratiarum
2666 1037 2909 1090 omnimn
2942 1036 3119 1097 sedes,
3159 1046 3213 1087 tu
3246 1036 3524 1103 plenitudo
3560 1050 3661 1089 cu-

2086 1130 2309 1199 juslibet
2358 1128 2613 1183 bonitatis
2645 1132 2726 1183 vel
2776 1129 3213 1199 pulchritudinis,
3267 1140 3320 1183 tu
3375 1128 3557 1183 tabula
3607 1137 3663 1183 et

2092 1222 2271 1291 imago
2310 1221 2548 1275 animata
2590 1222 2767 1274 omnis
2799 1223 2925 1276 boni
2961 1222 3250 1290 omnisque
3283 1220 3657 1289 benignitatis,

2091 1311 2220 1379 quia
2254 1312 2365 1364 sola
2404 1312 2653 1366 meruisti
2686 1312 2868 1366 omnia
2896 1312 3131 1378 recipere
3163 1310 3401 1379 Spiritus
3448 1311 3662 1364 charis-

2093 1412 2259 1464 mata,
2292 1404 2370 1455 rel
2400 1405 2599 1471 potius,
2634 1405 2892 1473 quoniam
2943 1405 3055 1457 sola
3094 1404 3419 1459 miraculose
3449 1406 3499 1457 in
3553 1406 3663 1458 tuis

2093 1494 2392 1547 visceribus
2426 1495 2660 1550 habuisti
2697 1496 3088 1549 inhabitantem
3124 1511 3248 1548 eum
3306 1496 3360 1549 in
3396 1510 3504 1564 quo
3535 1508 3662 1548 sunt

2094 1584 2339 1637 omnium
2397 1585 2784 1639 charismatum
2842 1588 3116 1649 thesauri,
3177 1595 3231 1640 et
3288 1587 3659 1656 prodigiosum

2095 1674 2245 1730 fuiSIi
2281 1676 2400 1744 ejus
2431 1676 2837 1730 tabernaculum
2860 1694 2874 1736 ;
2899 1686 2952 1731 et
2980 1678 3137 1731 hodie
3161 1693 3253 1745 per
3281 1687 3509 1732 mortem
3535 1678 3664 1731 hinc

2096 1766 2163 1819 ad
2212 1766 2677 1821 immortalitatem
2732 1770 2993 1836 protecta,
3026 1776 3081 1822 et
3121 1769 3316 1821 merito
3367 1785 3397 1821 a
3429 1777 3570 1822 terra
3610 1769 3664 1822 in

2098 1854 2298 1909 caelum
2336 1858 2620 1919 translata,
2657 1866 2716 1910 ut
2746 1857 2798 1910 in
2827 1858 3145 1912 caelestibus
3178 1859 3545 1912 tabernaculis
3572 1875 3666 1927 per

2098 1947 2290 1999 sa3cula
2331 1947 2605 2003 inhabiles
2642 1964 2765 2002 cum
2802 1964 2869 2003 eo
2905 1951 2997 2019 qui
3034 1948 3209 2005 factus
3256 1959 3338 2004 est
3379 1950 3665 2005 haereditas

434 2056 544 2102 νον,
580 2041 792 2092 ἐκεῖθεν
844 2042 1187 2109 περιέπουσα
1238 2043 1331 2095 τὸν
1362 2043 1455 2095 σὺν
1503 2044 1729 2111 κλῆρον,
1754 2047 1847 2095 καὶ
1874 2046 1995 2107 ταῖς
2028 2009 2070 2062 Β
2102 2045 2189 2091 illa

1909 2009 1995 2107 ξιῖς
2028 2009 2070 2062 Β
2102 2045 2212 2099 tua,
2248 2052 2408 2106 quem
2440 2041 2547 2093 tuis
2586 2040 2650 2093 ad
2691 2055 2814 2094 eum
2862 2009 3337 2109 deprecationibus
3372 2043 3661 2109 propitium

431 2132 748 2200 ἁκοιμήτοις
778 2133 914 2202 πρὸς
942 2134 1104 2186 αὐτὸν
1133 2135 1453 2205 πρεσϐείαις
1478 2136 1666 2187 τοῦτον
1699 2137 1835 2205 πρὸς
1862 2141 1999 2189 πάν⁹

432 2237 531 2282 τις
568 2221 879 2290 ίλεουμένη.
915 2225 1183 2279 Τοσοῦτόν
1235 2229 1384 2279 ἐστιν
1436 2228 1709 2295 ὲγγυτέρα
1741 2228 1848 2279 τῶν
1880 2229 1999 2298 Θεῷ

435 2312 764 2378 ἐγγιζόντων
787 2331 798 2343 ·
827 2314 969 2368 οὕτω
1008 2318 1274 2386 μειζόνων
1304 2319 1336 2388 ἢ
1375 2320 1517 2370 κατά
1572 2319 1781 2381 πάντας
1809 2324 1843 2389 ἡ
1867 2320 1996 2374 Θεο-

434 2404 589 2465 τόκος
613 2406 840 2474 ἠξίωται
895 2410 1004 2461 τῶν
1038 2410 1343 2481 πρεσϐείων
1364 2429 1377 2442 ·
1410 2414 1471 2463 οὐ
1503 2414 1631 2475 τοὺς
1680 2413 2001 2481 ἀνθρώπους

436 2495 584 2563 λέγω
619 2498 804 2566 μόνον,
833 2500 969 2551 άλλά
996 2502 1091 2553 καὶ
1142 2504 1312 2565 αὑτάς
1367 2505 1545 2566 πάσας
1571 2505 1670 2565 τὰς
1700 2505 2001 2571 ἀγγελικὰς

440 2589 743 2658 ίεραρχίας.
780 2592 912 2659 Περὶ
949 2594 1049 2661 μὲν
1084 2596 1192 2664 γάρ
1236 2594 1338 2662 τῆς
1367 2596 1571 2647 τούτων
1614 2598 1872 2649 ἀνωτάτω
1904 2614 2004 2649 τα-

441 2677 688 2746 ξιαρχίας
721 2680 946 2742 Ἡσαΐας
973 2682 1211 2751 γράφει·
1253 2701 1269 2732 ι
1315 2685 1421 2735 Καὶ
1445 2686 1514 2735 τά
1548 2685 1796 2753 Σεραφὶμ
1816 2687 2003 2755 εἱστή-

441 2788 629 2822 κεισαν
657 2772 841 2843 κύκλῳ
872 2774 1061 2829 αὑτοῦ.
1108 2793 1126 2825 ι
1151 2776 1286 2844 Περὶ
1307 2775 1362 2828 δὲ
1388 2777 1555 2845 αὐτῇς
1586 2778 1747 2828 πάλιν
1769 2778 1795 2827 6
1818 2779 1997 2831 Δαϐίδ·

446 2880 463 2906 ι
504 2862 753 2930 Παρέστη
801 2867 834 2932 ἡ
870 2864 1157 2932 βασίλισσα
1208 2867 1270 2916 ὲκ
1323 2865 1514 2929 δεξιῶν
1567 2884 1681 2920 σου.
1722 2887 1738 2918 ι
1807 2868 2003 2937 Ὀρᾶτε

450 2963 536 3017 τὴν
560 2954 821 3022 διαφοράν
852 2957 949 3024 τῆς
978 2956 1255 3021 στάσεως;
1302 2958 1434 3012 Ἀπὸ
1463 2957 1669 3027 ταύτης
1697 2958 1849 3027 ἔχετε
1880 2977 2005 3011 συν·

440 3047 569 3113 ιρᾷν
599 3047 693 3097 καὶ
724 3047 819 3116 τὴν
852 3048 1117 3117 διαφορὰν
1155 3049 1257 3116 τῆς
1306 3052 1448 3102 κατὰ
1476 3051 1573 3118 τὴν
1595 3050 1751 3111 ἀξίαν
1772 3051 2003 3115 τάξεως·

443 3140 572 3207 περὶ
606 3141 701 3206 μὲν
725 3142 833 3208 γάρ
865 3142 955 3192 τὸν
976 3142 1109 3193 Θεὸν
1138 3142 1207 3194 τά
1235 3143 1505 3211 Σεραῳὶμ,
1535 3144 1763 3210 πλησιον
1790 3144 1846 3197 δὲ
1873 3146 2005 3214 παρ’

442 3232 603 3282 αὐτὸν
635 3234 842 3284 ἐκεῖνον
878 3233 1015 3301 μόνη
1051 3236 1081 3301 ἡ
1116 3233 1478 3302 παμϐασιλὶς,
1506 3235 1537 3303 ἧ
1563 3237 1655 3287 καὶ
1678 3235 1809 3303 παρ’
1837 3236 2003 3288 αὐτοῦ

2100 2130 2355 2183 omnibus
2401 2129 2591 2185 eﬂicis.
2645 2132 2799 2187 Sicut
2830 2135 3094 2203 proximis
3145 2134 3255 2188 Deo
3307 2136 3665 2202 propinquior

2101 2220 2243 2275 facta
2278 2232 2381 2285 est,
2412 2224 2494 2278 sic
2536 2224 2834 2292 majoribus
2884 2240 3045 2295 quam
3096 2226 3273 2279 caeteri
3308 2225 3534 2293 Deipara
3562 2224 3662 2278 do-

2100 2322 2226 2366 nata
2256 2323 2337 2367 est
2374 2316 2632 2380 praemiis,
2661 2332 2760 2370 nec
2792 2318 3038 2373 homines
3068 2327 3278 2372 tantum
3313 2318 3458 2391 dico,
3492 2319 3584 2372 sed
3609 2326 3665 2371 et

2102 2420 2291 2459 omnes
2337 2406 2484 2474 ipsos
2514 2409 2826 2476 angelorum
2860 2410 3098 2464 ordines.
3148 2408 3281 2463 Nam
3328 2410 3395 2463 de
3446 2426 3663 2464 summo

2102 2512 2288 2550 eorum
2325 2499 2514 2552 ordine
2548 2498 2711 2555 Isaias
2738 2501 2927 2553 scribit
2957 2519 2971 2555 :
3008 2501 3097 2554 ιΕι
3129 2502 3411 2567 Seraphim
3449 2502 3665 2556 stabant

2106 2589 2158 2641 in
2188 2588 2415 2643 circuitu
2462 2592 2580 2659 ejus
2605 2589 2673 2644 ⁸⁵.
2720 2611 2737 2643 ι
2777 2595 2985 2646 Rursus
3027 2603 3203 2647 autem
3237 2594 3401 2646 David
3435 2595 3501 2648 de
3547 2609 3608 2647 ea
3650 2611 3667 2648 :

2109 2699 2127 2730 ι
2151 2682 2335 2735 Astitit
2365 2684 2547 2751 regina
2575 2700 2602 2736 a
2633 2685 2837 2739 dextris
2865 2686 2974 2739 tuis
3002 2686 3070 2737 ⁸⁸.
3110 2704 3128 2736 ι
3179 2684 3457 2741 Videtisne
3485 2693 3658 2741 statue

2104 2771 2501 2828 diﬂ'erentiam?
2524 2776 2654 2829 Inde
2678 2776 2838 2830 etiam
2871 2777 3094 2845 potestis
3124 2784 3438 2847 conspicere
3460 2778 3667 2833 ordinis

2107 2866 2402 2918 secundum
2444 2866 2759 2936 dignitatem
2788 2867 3148 2924 differentiam
3177 2886 3191 2934 ;
3229 2885 3355 2923 nam
3385 2871 3666 2940 Seraphim

2107 2955 2325 3021 quidem
2371 2958 2515 3011 circa
2561 2958 2752 3023 Deum,
2787 2960 2899 3013 sola
2946 2970 3125 3015 autem
3159 2962 3403 3028 proxima
3437 2964 3502 3015 ad
3542 2978 3665 3017 eum

2110 3048 2315 3116 regina,
2351 3064 2514 3117 quam
2549 3052 2775 3105 miratur
2805 3053 2942 3107 Deus
2972 3063 3025 3106 et
3051 3053 3340 3119 collaudat,
3369 3054 3667 3122 praedicans

2107 3154 2225 3192 eam
2256 3141 2489 3195 similem
2525 3142 2859 3195 exercitibus
2889 3145 3033 3197 circa
3066 3158 3189 3197 ειιιιι
3221 3144 3581 3212 congregatis,
3616 3151 3669 3197 et

2110 3231 2267 3284 hodie
2293 3232 2481 3285 dicens
2512 3233 2654 3286 sicut
2682 3233 2912 3300 legimus
2946 3237 2997 3287 in
3027 3234 3254 3289 Cantico
3281 3229 3616 3289 canticorum
3649 3251 3664 3288 :

440 3322 532 3372 τοῦ
567 3322 701 3375 Θεοῦ
734 3323 1079 3391 θαυμάζεταί
1109 3342 1169 3377 τε
1202 3328 1294 3378 καὶ
1336 3326 1768 3393 ὲγκωμιάζεται,
1800 3327 2006 3395 κηρύτ-
2034 3328 2080 3388 C
2117 3342 2134 3373 ί
2170 3321 2195 3385 (ξ

1914 3327 2006 3379 ύτ-
2034 3328 2080 3388 c
2117 3342 2134 3373 ι
2170 3321 2341 3387 Quam
2372 3325 2594 3391 pulchra
2632 3334 2734 3387 est,
2782 3326 2959 3379 amica
2990 3341 3103 3379 mea
3135 3328 3148 3378 l
3196 3346 3213 3377 ι
3262 3327 3381 3380 luce
3414 3326 3663 3389 lucidior,

439 3430 623 3475 τοττος
659 3412 770 3467 οἷον
814 3421 933 3479 ταῖς
992 3419 1121 3487 περὶ
1152 3418 1318 3470 αὐτόν
1354 3421 1647 3485 δυνάμεσιν
1684 3420 1876 3487 αὐτὴν,
1910 3420 2006 3471 καὶ

441 3506 688 3571 λέγοντος
717 3510 858 3560 κατά
890 3511 949 3561 τό
1006 3512 1385 3578 είρημένον,ὲν
1431 3514 1544 3569 τοῖς
1592 3512 1698 3563 τῶν
1747 3511 2007 3581 ᾀσμάτων

445 3599 723 3667 ’ᾼσμασι·
770 3618 787 3648 ι
814 3599 879 3650 Τί
908 3601 1043 3665 καλὴ
1077 3602 1109 3670 ﬁ
1147 3601 1375 3669 πλησίον
1408 3619 1509 3668 μου
1539 3618 1554 3665 ;
1600 3620 1617 3652 ι
1654 3602 1837 3667 φωτὸς
1884 3618 2009 3667 φαι-

441 3684 695 3753 δροτὲρα,
746 3688 1095 3754 παραδείσων
1145 3690 1308 3741 θείων
1358 3690 1748 3758 εὐανθεστέρα,
1798 3691 2005 3757 κόσμου

444 3778 644 3838 παντὸς
690 3780 888 3847 ὁρατοῦ
926 3781 1020 3832 καὶ
1073 3781 1308 3849 ἀοράτου
1347 3783 1721 3852 κοσμιωτέρα.
1755 3784 1827 3834 Οὐ
1865 3784 2006 3851 πλη·-

444 3872 558 3922 σίον
595 3873 651 3923 δὲ
687 3872 869 3941 μόνον,
906 3873 1042 3925 ἀλλὰ
1093 3875 1185 3926 καὶ
1231 3876 1296 3927 ἐκ
1348 3874 1540 3937 δεξιῶν
1576 3876 1804 3937 εἰκότως
1827 3892 1840 3906 ι
1870 3876 2006 3941 ῥπου

444 3963 596 4031 γάρὸ
618 3963 853 4029 Χριστὸς
882 3965 937 4014 ἐν
968 3965 1217 4032 οὐρανοῖς
1250 3965 1529 4029 ἐκάθισεν,
1557 3967 1613 4016 ὲν
1640 3966 1791 4036 δεξιᾷ
1816 3965 2009 4031 δηλον-

441 4057 524 4107 ότι
569 4056 668 4124 τῆς
715 4057 1128 4125 μεγαλωσύνης,
1177 4059 1293 4109 ἐκεῖ
1340 4059 1432 4109 καὶ
1477 4057 1613 4125 αὕτη
1647 4057 1741 4109 νῦν
1766 4057 1875 4109 ἀπὸ
1906 4055 2009 4125 γῆς

444 4149 522 4210 εἰς
552 4149 817 4218 οὐρανοὺς
844 4148 1099 4201 ἀναϐᾶσα
1136 4148 1370 4217 ἕστηκεν
1393 4165 1405 4177 °
1448 4149 1508 4200 οὐ
1547 4149 1709 4217 μόνον
1738 4149 1819 4200 ὅτι
1848 4147 2008 4200 ποθεῖ

445 4240 537 4292 καὶ
584 4241 955 4293 ἀντιποθεῖται
998 4238 1216 4292 πάντων
1268 4241 1531 4308 μάλιστα,
1570 4240 1664 4291 καὶ
1696 4240 1879 4299 αὐτοῖς
1907 4256 2008 4305 φυ-

442 4332 616 4392 σικοῖς
641 4329 884 4396 θεσμοῖς,
915 4330 1033 4383 ἀλλ’
1060 4332 1141 4382 ὅτι
1175 4331 1268 4382 καὶ
1302 4331 1491 4398 θρόνος
1522 4331 1671 4382 ἐστὶν
1690 4330 1764 4390 ὡς
1791 4330 2009 4399 ἀληθῶς

443 4420 608 4472 αὐτοῦ
632 4436 645 4449 ’
692 4422 825 4473 ὅπου
856 4422 911 4473 δὲ
958 4421 1197 4488 κάθηται
1229 4424 1255 4473 6
1289 4421 1565 4484 βασιλεὺς,
1614 4422 1730 4473 ἐκεῖ
1757 4424 1785 4472 6
1816 4421 2009 4489 θρόνος

442 4516 678 4566 ἵσταται.
712 4514 912 4565 Τοῦτον
950 4516 1041 4565 τὸν
1098 4514 1285 4582 θρόνον
1320 4518 1412 4566 καὶ
1451 4516 1478 4565 ὁ
1519 4511 1749 4575 Ἡσαΐας
1805 4514 2006 4582 μεταξὺ

443 4606 650 4657 ἐκείνου
674 4606 767 4658 τοῦ
798 4605 1126 4676 χερουϐικοῦ
1154 4606 1318 4676 χοροῦ
1349 4608 1441 4658 καὶ
1479 4606 1675 4658 ἓΰλεπε
1706 4611 1799 4658 καὶ
1823 4607 2008 4674 ἔλεγεν

443 4697 645 4765 ὑψηλὸν
690 4699 780 4751 καὶ
835 4698 1165 4767 ἐπηρμένον.
1199 4699 1258 4750 τὸ
1296 4698 1393 4758 τὰς
1437 4698 1718 4766 οὐρανίους
1748 4697 2007 4764 δυνάμεις

444 4790 931 4858 ὐπεραναϐεϐηκδς
985 4790 1084 4859 τῆς
1132 4789 1473 4858 Θεομήτορος
1527 4789 1729 4853 δηλῶν.
1774 4790 1864 4840 Διὸ
1914 4788 2009 4839 καὶ

441 4881 640 4941 αὐτοὺς
673 4880 885 4947 εἰσάγει
914 4883 1040 4941 τοὺς
1072 4882 1334 4949 ἀγγέλους
1365 4880 1472 4931 ἀπὸ
1504 4880 1709 4947 ταύτης
1750 4882 1840 4930 τὸν
1875 4878 2008 4931 Θεὸν

440 4971 765 5034 δοξάζοντας
824 4975 917 5025 καὶ
958 4974 1253 5039 λέγονταςο
1296 4991 1314 5023 ι
1373 4973 1743 5041 Εὐλογημένη
1790 4974 1829 5039 ἡ
1879 4970 2007 5033 δόξα

442 5064 645 5131 Κυρίου
705 5066 810 5116 ἀπὸ
862 5066 953 5116 τοῦ
1012 5066 1175 5116 τόπου
1215 5064 1409 5117 αὐτοῦ.
1460 5084 1478 5114 ι
1532 5061 1728 5115 Ἰακὼϐ
1759 5062 1813 5113 δὲ
1845 5063 1872 5112 ὁ
1907 5079 2009 5114 πα-

439 5157 708 5225 τριάρχης
738 5156 808 5208 δι’
838 5156 1180 5223 αἰνιγμάτων
1215 5157 1403 5208 τοῦτον
1450 5155 1810 5223 θεασάμενος,
1849 5172 1866 5204 ι
1917 5152 2004 5215 Ὠς

441 5248 672 5316 φοϐερὸς
705 5249 731 5299 6
760 5248 925 5309 τόπος
968 5243 1144 5309 οὗτος,
1190 5242 1342 5298 εἶπεν
1363 5262 1376 5275 ·
1407 5247 1505 5297 οὐκ
1539 5245 1655 5298 ἐστι
1680 5244 1861 5307 τοῦτο,
1892 5244 2006 5297 ἀλλ’

440 5340 469 5406 ἢ
495 5333 642 5399 οἶκος
674 5338 834 5402 Θεοῦ,
862 5340 955 5390 καὶ
978 5337 1115 5406 αὕτη
1141 5340 1172 5408 ή
1202 5338 1345 5407 πύλη
1374 5338 1469 5389 τοῦ
1500 5336 1757 5404 οὐρανοῦ.
1793 5355 1809 5386 ι
1843 5336 2009 5388 Δαϐὶδ

440 5429 497 5479 δὲ
538 5429 802 5499 ἑτέρωθεν
849 5429 957 5482 τῶν
1011 5418 1480 5498 σεσωσμένων.τά
1530 5430 1708 5499 πλήθη
1765 5428 2008 5496 συνάψας

440 5520 640 5589 ἐαυτῷ,
666 5522 757 5573 καὶ
786 5516 896 5574 οἶόν
930 5538 1040 5573 τισι
1068 5524 1313 5591 νευραῖς,
1350 5522 1382 5591 ἢ
1421 5521 1678 5588 φθόγγοις
1701 5521 2005 5588 διαφόροις,

438 5613 550 5673 τοῖς
588 5612 652 5664 ὲκ
695 5612 956 5683 διαφόρου
1006 5614 1193 5677 γέλω-λς
1244 5615 1323 5675 εἰς
1374 5615 1504 5682 μίαν
1552 5614 1735 5664 πίστιν
1772 5612 1877 5666 ὑπὸ
1907 5613 2005 5680 τῆς

508 5793 549 5819 ⁸³
574 5793 673 5847 lsa.
706 5809 775 5858 ιι,
808 5795 840 5847 '2
939 5796 981 5825 ⁸⁸
1015 5796 1161 5848 Pent.
1192 5812 1334 5858 uir,
1372 5795 1451 5847 il.

1530 5797 1571 5823 ⁸⁷
1610 5784 1824 5861 liiech.,
1850 5811 1927 5859 Ili,
1969 5796 2047 5852 l3.

2109 3415 2309 3470 divinis
2360 3414 2644 3470 ﬂorentior
2684 3418 2970 3484 paradisis,
3016 3420 3274 3474 universo
3308 3420 3513 3475 mundo
3556 3428 3669 3474 tum

2110 3507 2304 3562 visibili
2337 3514 2449 3560 tum
2482 3507 2738 3561 invisrbili
2766 3508 3084 3577 speciosior.
3128 3508 3327 3563 Verum
3363 3525 3469 3563 non
3494 3513 3669 3564 solum

2108 3598 2375 3665 proxima,
2435 3597 2529 3651 sed
2582 3600 2745 3650 etiam
2799 3614 2829 3651 a
2882 3601 3090 3652 dextris
3136 3600 3367 3664 sedens;
3403 3617 3523 3654 nam
3581 3603 3669 3656 ubi,

2107 3687 2358 3742 Christus
2402 3689 2456 3741 in
2502 3690 2654 3742 ctelis
2701 3691 2862 3753 sedit,
2899 3691 3103 3744 scilicet
3136 3692 3200 3743 ad
3234 3691 3510 3744 dexteram
3559 3708 3669 3743 tua-

2105 3781 2342 3849 jestatis,
2383 3781 2454 3835 ibi
2488 3792 2541 3834 et
2593 3782 2706 3849 ipsa
2743 3799 2770 3834 a
2813 3782 2973 3836 terris
3034 3783 3086 3835 in
3125 3784 3323 3836 cmlnm
3370 3782 3673 3838 ascendens

2111 3871 2283 3931 stetit.
2312 3888 2419 3925 non
2450 3873 2624 3927 solum
2663 3873 2787 3941 quia
2822 3874 2872 3925 in
2917 3875 3103 3940 primis
3139 3875 3312 3941 diligit
3341 3885 3394 3926 et
3430 3875 3676 3944 diligitur

2111 3963 2274 4016 modo
2319 3965 2579 4033 singulari
2622 3980 2687 4018 ex
2731 3966 2862 4033 ipsis
2906 3975 3115 4019 natnrm
3160 3966 3384 4034 legibus,
3422 3968 3514 4020 sei
3549 3969 3675 4036 quia

2110 4062 2193 4109 est
2226 4054 2277 4108 in
2319 4055 2464 4109 omni
2496 4056 2720 4110 veritate
2760 4058 2991 4111 thronus
3027 4057 3207 4119 illius;
3237 4074 3358 4110 nam
3400 4059 3487 4110 ubi
3519 4061 3674 4114 sedet

2111 4161 2228 4208 rex,
2254 4146 2349 4211 ibi,
2380 4156 2487 4201 stat
2512 4148 2761 4201 thronus.
2794 4147 2962 4212 Quem
2996 4150 3249 4201 thronmn
3282 4149 3447 4202 Isaias
3478 4150 3528 4202 in
3556 4166 3671 4203 me-

2110 4236 2200 4290 dio
2249 4238 2401 4291 chori
2452 4237 2594 4290 illius
2630 4236 2948 4303 Cherubim,
2990 4246 3043 4291 et
3093 4240 3224 4292 vidit
3251 4250 3303 4291 ct
3358 4240 3493 4293 dixit
3528 4241 3676 4294 exal-

2112 4335 2280 4378 tatum
2310 4335 2470 4393 atque
2504 4326 2810 4389 sublimem,
2834 4328 3126 4381 ostendens
3152 4336 3412 4394 quantum
3447 4326 3674 4397 Dcipara

2110 4418 2425 4471 caelestibus
2491 4418 2891 4485 superemineat
2944 4420 3321 4485 potestatibus.
3383 4418 3673 4488 Propterea

2112 4508 2318 4561 inducit
2348 4507 2568 4577 angelos
2603 4507 2670 4559 ab
2706 4523 2765 4560 ea
2808 4510 2972 4560 Deum
3004 4508 3370 4576 gloriﬁcantes
3400 4517 3562 4576 atque
3586 4508 3675 4561 di-

2112 4608 2297 4653 centes
2330 4615 2343 4652 :
2380 4597 2699 4651 «Benedicta
2730 4598 2899 4665 gloria
2934 4597 3159 4651 Domino
3190 4598 3256 4651 de
3293 4598 3414 4651 loco
3441 4614 3541 4653 suo
3570 4601 3667 4655 ⁸⁷.»

2042 4661 2086 4719 D
2111 4692 2279 4747 Jacoh
2310 4708 2440 4745 vero
2465 4692 2770 4760 patriarcha
2811 4692 2958 4745 illum
2993 4692 3046 4745 in
3087 4691 3371 4760 aenigmate
3411 4693 3661 4753 intuitus,

2113 4805 2130 4835 ι
2162 4784 2464 4847 Terribilis,
2512 4785 2707 4852 inquit,
2742 4785 2894 4838 locus
2940 4784 3079 4847 iste;
3115 4783 3202 4837 hic
3233 4799 3339 4836 non
3389 4794 3472 4837 est
3520 4786 3669 4839 aliud

2109 4879 2212 4933 nisi
2243 4880 2436 4932 domus
2470 4878 2560 4931 Dei
2592 4890 2637 4931 et
2674 4889 2826 4944 porta
2861 4878 2984 4930 coeli
3013 4877 3079 4929 ⁸⁸.
3111 4894 3127 4926 ι
3170 4876 3333 4930 David
3364 4888 3544 4932 autem
3570 4880 3670 4932 ali-

2118 4978 2197 5021 ter
2221 4969 2618 5022 multitudinem
2656 4969 2926 5021 salvorum
2959 4968 3063 5021 sibi
3092 4968 3417 5037 adjungens,
3448 4970 3671 5038 quibus,

2117 5060 2263 5113 velut
2316 5061 2494 5114 nervis
2541 5060 2811 5129 variisque
2852 5062 3115 5123 vocibus,
3161 5071 3347 5130 utpote
3400 5077 3465 5113 ex
3520 5064 3670 5116 varia

2113 5162 2269 5224 gente
2301 5155 2351 5207 in
2389 5170 2549 5208 unam
2593 5155 2748 5208 tidem
2790 5156 2859 5208 ab
2900 5156 2999 5208 ista
3032 5153 3250 5219 Virgine
3280 5164 3531 5222 perpetua
3575 5170 3670 5208 acu

2112 5245 2469 5298 commodatis
2511 5246 2896 5299 suavissimum
2950 5243 3002 5295 in
3070 5243 3185 5310 ejus
3238 5240 3449 5295 laudem
3498 5242 3669 5295 melos

2107 5338 2302 5390 emittit
2344 5336 2530 5391 dicens
2569 5354 2581 5389 :
2636 5355 2652 5385 ι
2690 5336 2950 5391 Memores
2983 5346 3147 5389 erimt
3205 5334 3443 5388 nominis
3491 5334 3566 5386 tui
3610 5333 3664 5386 in

2106 5428 2251 5482 omni
2289 5432 2633 5495 generatione
2678 5440 2730 5482 et
2771 5431 3195 5497 generationem,
3234 5441 3518 5497 propterea
3569 5443 3667 5495 [io-

2107 5520 2217 5589 puli
2246 5519 2654 5573 conﬁtebuntur
2692 5520 2783 5572 tibi
2821 5521 2874 5573 in
2910 5531 3193 5582 aeternum,
3225 5527 3278 5573 et
3323 5519 3375 5572 in
3406 5518 3665 5573 saeculum

2108 5611 2290 5665 sarculi
2326 5609 2390 5663 ⁸³.
2437 5630 2453 5661 ι

2127 5793 2170 5849 “1‘
2200 5794 2333 5849 Gen.
2375 5810 2558 5853 xxitu,
2597 5794 2674 5845 Π.
2832 5794 2966 5846 θεοί.
3008 5811 3144 5855 κιιν,
3189 5796 3247 5847 29
