4444 6450
418 392 525 453 473

1683 405 2009 466 ΠΟΜῙΙ.ΙΑ
2056 412 2397 475 XXXVIII.

3553 430 3651 491 474

417 506 803 608 τοῦὶιπέκεινα
833 509 929 563 τοῦ
963 509 1113 574 δντος
1147 513 1461 583 ἱδρυμένου,
1496 517 1694 585 μείζων
1722 519 1766 571 δ’
1812 519 1979 582 ὰσυγ-
2012 521 2051 572 Δ
2081 522 2151 574 sit

1897 535 1979 582 J’f"
2012 521 2051 572 Δ
2081 509 2429 581 sitomnibus
2468 530 2586 583 sine
2623 534 2727 586 ulla
2767 539 3175 603 comparatione
3215 539 3372 609 Virgo
3397 538 3652 612 genitrix,

417 588 623 664 κρίτως
660 598 976 672 summa
1024 603 1491 676 Παρθενομήτωρ,
1524 609 1591 661 δι’
1617 610 1785 677 αὐτῆς
1821 608 1981 678 μεθέ-

416 687 602 752 ξουσιν
629 692 741 774 ὅσοι
771 691 836 761 δὴ
882 692 1170 760 μεθέξουσι
1195 696 1333 749 Θεοῦ
1355 713 1370 729 ο
1409 700 1503 751 καὶ
1538 701 1709 767 αὐτὴν
1743 703 1980 754 οἴσονται

415 777 513 830 τοῦ
537 779 823 849 ἀχωρήτου
854 783 1040 853 χώραν
1064 786 1179 838 ὅσοι
1214 787 1277 858 δὴ
1309 789 1646 856 γινώσκουσι
1680 791 1814 843 Θεὸν
1838 810 1851 823 ·
1884 793 1981 846 xui.

417 868 586 939 αιζτὴν
612 871 919 941 ὑμνήσουσι
949 876 1099 949 μετὰ
1129 878 1265 930 Θεὸν
1312 880 1426 932 ὅσοι
1467 864 1736 935 τὸνᾟεδν
1774 866 1978 953 ὑμνοῦ-

416 976 523 1014 σιν.
565 961 715 1029 Αὕτη
751 966 845 1016 καὶ
876 966 987 1019 τῶν
1020 969 1128 1037 πρὸ
1179 970 1351 1038 αὐτῆς
1382 974 1551 1037 αίτία,
1589 975 1683 1026 καὶ
1722 975 1829 1026 τῶν
1863 976 1979 1043 μετ’

416 1051 585 1124 αὐτὴν
621 1056 946 1124 προστάτις,
972 1062 1070 1114 καὶ
1103 1061 1211 1113 τῶν
1234 1064 1470 1116 αἰωνίων
1501 1064 1781 1129 πρόξενος.
1830 1066 1978 1136 Αὕτη

416 1145 526 1198 τῶν
587 1152 886 1219 προφητῶν
946 1152 1225 1217 ὕπόθεσις,
1273 1156 1381 1210 τῶν
1439 1159 1597 1227 211
1658 1161 1978 1212 ἀποστόλων

419 1238 583 1307 ἀρχὴ,
628 1242 737 1293 τῶν
794 1243 1083 1315 μαρτύρων
1136 1248 1435 1316 ἑδραίωμα,
1485 1251 1595 1302 τῶν
1647 1252 1981 1307 διδασκάλων

420 1331 644 1398 κρηπίς.
676 1331 822 1402 Αὕτη
854 1335 964 1387 τῶν
994 1338 1088 1390 ἐπὶ
1121 1339 1225 1405 γῆς
1256 1342 1285 1407 ἡ
1331 1339 1479 1405 δόξα,
1511 1341 1620 1392 τῶν
1654 1341 1771 1394 κατ’
1816 1344 1982 1411 ούρα-

416 1422 506 1472 νὸν
533 1424 566 1492 ἠ
595 1425 921 1494 τερπνότης,
956 1428 1018 1480 τὸ
1061 1430 1243 1499 πάσης
1275 1432 1375 1500 τῆς
1419 1433 1656 1497 κτίσεως
1706 1435 1985 1502 ἐγκαλλω-

424 1528 624 1580 πισμα.
650 1512 796 1580 Αὕτη
828 1517 1078 1586 καταρχὴ
1098 1518 1193 1570 καὶ
1224 1519 1375 1598 πηγὴ
1405 1520 1496 1572 καὶ
1520 1522 1644 1592 ῥίζα
1673 1523 1782 1575 τῶν
1807 1525 1979 1595 ἀτιορ-

423 1603 604 1671 ῥήτων
638 1605 883 1671 ἀγαθῶν.
906 1607 1057 1678 Αὕτη
1090 1610 1287 1672 παντὸς
1319 1611 1473 1679 ἁγίου
1509 1617 1721 1682 κορυφὴ
1761 1615 1853 1667 καὶ
1896 1632 1984 1667 τε-

420 1692 657 1754 λείωσις.

2083 631 2181 683 per
2225 633 2344 671 eam
2409 623 2675 694 recipiunt
2730 629 3046 709 quicunque
3098 632 3186 685 Dei
3244 644 3450 687 natum.
3522 638 3649 687 lium

2081 707 2391 777 participes,
2434 721 2487 766 et
2522 712 2698 787 ipsam
2742 720 3094 786 possidebunt
3121 724 3437 794 quicunque
3484 728 3648 780 Deum

2082 815 2428 871 cognoscent,
2461 817 2515 862 et
2541 823 2659 862 eam
2683 822 2799 878 post
2822 814 2986 867 Deum
3015 816 3294 872 celebrant
3324 812 3653 887 quicumque

2084 892 2252 948 Deum
2288 898 2581 954 celebrant.
2618 899 2735 969 lpsa
2761 918 2948 959 eorum
2981 924 3102 976 quae
3125 919 3250 963 ante
3280 926 3396 964 eam
3431 910 3651 965 fuerunt

2082 998 2267 1047 causa,
2306 987 2422 1055 ipsa
2453 1001 2643 1045 auctor
2667 1008 2855 1046 eorum
2886 1011 3007 1063 quae
3036 1008 3220 1051 secuta
3260 1010 3407 1062 sunt,
3441 1002 3551 1071 ipsa
3582 1018 3649 1054 ae-

2085 1086 2363 1131 ternorum
2409 1080 2752 1139 distributor.
2787 1085 2905 1155 Ipsa
2958 1089 3346 1157 prophetarum
3388 1094 3611 1145 materia
3637 1132 3652 1155 ,

2082 1169 2449 1235 apostolorum
2481 1185 2663 1241 caput,
2700 1188 2999 1247 martyrum
3036 1179 3299 1235 fortitudo
3320 1222 3335 1248 ,
3367 1185 3650 1238 doctorum

2085 1263 2523 1320 fundamentum.
2569 1265 2686 1333 Ipsa
2741 1278 3080 1325 terrenorum
3117 1274 3310 1359 gloria,
3346 1276 3648 1330 caelestium

2085 1354 2289 1414 lzctitia,
2324 1356 2499 1409 omnis
2528 1359 2817 1413 creationis
2852 1354 3257 1417 ornamentum.
3298 1365 3419 1432 Ipsa
3452 1368 3652 1435 princi-

2084 1445 2232 1513 pium
2263 1444 2405 1511 l'ous,
2437 1457 2490 1500 et
2524 1451 2672 1503 radix
2715 1452 2982 1506 bonorum
3032 1456 3500 1513 inenarrabilium.
3532 1463 3652 1530 Ipsa

2084 1540 2265 1593 omnis
2287 1542 2592 1596 sanctitatis
2617 1545 2830 1599 culmen
2862 1555 2912 1601 et
2943 1548 3230 1617 perlectio.

487 1782 557 1839 Ὦ
606 1789 847 1859 Παρθένε
900 1790 1019 1845 θεία
1053 1794 1148 1845 καὶ
1181 1793 1275 1845 νῦν
1322 1793 1569 1864 οὐρανία.
1601 1796 1718 1861 πῶς
1776 1814 1869 1849 σου
1916 1799 1979 1851 τὸ
2012 1807 2054 1865 Β
2151 1804 2196 1860 Ο
2236 1805 2242 1815 “

1916 1799 1979 1851 τὸ
2012 1807 2054 1865 Β
2151 1804 2196 1860 Ο
2236 1805 2397 1875 Virgo
2439 1807 2622 1862 divina
2667 1819 2722 1863 et
2754 1826 2899 1866 nunc
2946 1813 3218 1878 ctelicola,
3249 1788 3526 1885 quomodo
3558 1825 3647 1871 tua

419 1881 525 1931 πᾶν
554 1880 792 1947 ὲξείπως
829 1885 959 1959 Πῶς
989 1902 1047 1937 σε
1081 1885 1288 1949 δοξάσω
1319 1888 1410 1941 τὸν
1454 1891 1551 1958 τῆς
1580 1889 1737 1958 δόξης
1769 1891 1973 1959 θησαυ-

419 1970 547 2039 ρὸνς
587 1972 689 2025 Σοῦ
720 1978 815 2030 καὶ
848 1958 1037 2046 μνήίμη
1089 1980 1251 2044 μόνον
1282 1981 1474 2049 ὴγίασε
1507 1982 1600 2034 τὸν
1646 1958 1929 2052 χρώμενον
1957 2003 1971 2017 ·

414 2064 551 2129 πρὸς
588 2065 646 2117 σὲ
679 2068 774 2119 καὶ
804 2068 986 2130 νεῦσις
1015 2070 1178 2137 μόνον
1200 2071 1591 2141 διαυγέστερον
1626 2074 1848 2143 ἐποίησε
1882 2078 1976 2129 τὸν

411 2152 556 2216 νοῦν,
595 2156 729 2225 πρὸς
756 2157 889 2226 ὕψος
926 2160 1088 2223 εὐθὺς
1125 2162 1472 2217 ἀναλαϐοῦσα
1523 2164 1667 2218 θεῖον
1693 2182 1707 2197 ·
1744 2166 1831 2219 διὰ
1879 2167 1972 2219 σοῦ

410 2246 701 2314 τρανοῦται
726 2251 789 2302 τὸ
818 2251 916 2319 τῆς
952 2252 1196 2317 διανοίας
1226 2256 1383 2324 ὄμμα
1407 2273 1421 2287 ⁸
1452 2257 1539 2312 διὰ
1565 2258 1660 2311 σοῦ
1686 2261 1971 2330 καταλάμ-

409 2355 569 2392 πεται
602 2342 663 2393 τὸ
697 2342 913 2411 πνεῦμα
964 2347 1111 2398 θείου
1173 2348 1492 2416 Πνεύματος
1546 2350 1813 2421 ἐπιδημίᾳ
1836 2367 1850 2381 ο
1879 2368 1976 2403 τα-

412 2431 633 2501 μιοῦχος
665 2436 772 2503 γὰρ
806 2438 991 2502 ἐγένου
1024 2441 1120 2492 καὶ
1168 2447 1398 2511 περιοχὴ
1448 2444 1684 2514 χαρίτων
1706 2462 1720 2477 ·
1763 2447 1858 2515 ούχ
1887 2447 1973 2501 ἵνα

408 2525 557 2591 παρὰ
591 2529 787 2595 σεαυτῇ
827 2530 1129 2599 κατάσχῃς,
1161 2532 1275 2583 ἀλλ’
1306 2534 1391 2586 ¹ἕνα
1420 2536 1486 2587 τὰ
1519 2536 1813 2603 σύμπαντα
1838 2539 1974 2609 πλη-

409 2615 589 2687 ρεῖισῃς
626 2620 846 2687 χάριτος
872 2634 885 2647 ·
920 2623 946 2672 ὁ
972 2623 1078 2690 γὰρ
1104 2624 1210 2675 τῶν
1241 2627 1533 2679 ἀκενώτων
1560 2627 1852 2696 θησαυρῶν
1878 2647 1974 2682 τα-

413 2706 540 2773 μίας
584 2710 681 2776 τῆς
731 2712 994 2781 διανομῆς
1048 2716 1233 2767 ἕνεκεν
1266 2717 1650 2786 επιτροπεύει·
1682 2720 1736 2771 τί
1770 2721 1874 2788 γὰρ
1903 2722 1968 2791 δὴ

407 2800 503 2849 καὶ
552 2800 938 2856 κατάκλειστον
973 2807 1217 2874 ποιήσειε
1274 2809 1557 2869 τδνκὸλόον
1593 2811 1667 2881 μὴ
1706 2812 1967 2881 μειούμε-

408 2906 531 2955 nov;
562 2893 803 2957 Μετάδος
829 2892 923 2949 οῦν
970 2898 1245 2961 πλουσίως
1304 2901 1466 2953 παντὶ
1494 2902 1570 2970 τῷ
1603 2903 1680 2971 σῷ
1709 2903 1842 2974 λαῷ,
1889 2904 1969 2974 τῷ

409 2983 487 3050 σῷ
516 2985 704 3054 κλήρῳ
732 2987 905 3057 τούτῳ
926 2988 1021 3040 τοῦ
1056 2991 1148 3042 σοῦ
1196 2992 1377 3054 ἐλέους
1411 2993 1507 3047 καὶ
1535 2995 1643 3047 τῶν
1670 2996 1777 3047 σῶν
1808 2997 1969 3065 χαρί-

2082 1900 2336 1961 universa
2366 1902 2674 1955 enarrabo?
2694 1903 2976 1968 Quomodo
3004 1916 3055 1960 te
3087 1907 3426 1976 gloriﬁcabo.
3462 1919 3513 1963 te
3539 1910 3653 1978 glo-

2078 1990 2172 2044 riae
2204 1992 2560 2046 thesaurum?
2587 1993 2710 2047 Sola
2732 1995 2809 2048 tui
2837 1999 3096 2052 memoria
3123 2015 3419 2055 memorem
3447 2003 3651 2055 sancti-

2078 2078 2225 2141 ﬁcat,
2260 2082 2372 2135 sola
2404 2084 2469 2137 ad
2512 2094 2562 2138 te
2593 2086 2794 2140 mentis
2834 2089 3039 2142 erectio
3070 2092 3307 2144 animam
3358 2093 3653 2161 splendore

2076 2162 2347 2226 illuminat
2381 2177 2561 2229 statim
2596 2179 2660 2231 ad
2692 2179 2929 2233 divinam
2958 2183 3411 2238 excelsitudinem
3440 2188 3650 2240 exalta-

2077 2278 2216 2330 tam;
2252 2280 2347 2333 per
2377 2276 2427 2319 te
2454 2269 2668 2321 acuitur
2697 2274 3041 2339 cogitationis
3067 2275 3298 2339 oculus;
3332 2291 3424 2344 per
3454 2285 3507 2330 te
3528 2278 3652 2331 illu-

2075 2360 2312 2412 minatur
2357 2361 2582 2429 spiritus
2612 2364 2780 2416 divini
2822 2364 3060 2433 Spiritus
3087 2368 3344 2433 adventu,
3381 2386 3506 2424 nam
3539 2372 3653 2426 dis-

2075 2454 2351 2521 pensatrix
2376 2453 2515 2507 facta
2531 2468 2587 2507 es
2605 2466 2654 2509 et
2678 2456 2861 2513 alveus
2880 2459 3200 2527 gratiarum,
3229 2475 3572 2531 nequaquam
3594 2476 3653 2519 ut

2072 2559 2165 2598 cas
2189 2545 2327 2613 apud
2364 2552 2417 2599 te
2450 2547 2706 2613 retineas,
2749 2549 2840 2603 sed
2871 2558 2931 2604 ut
2956 2552 3150 2630 omnia.
3175 2553 3400 2643 impleas
3429 2554 3604 2624 gratia
3633 2571 3649 2619 ;

2072 2652 2197 2690 nam
2256 2638 2653 2695 distributionis
2710 2643 2882 2709 gratia
2929 2644 3310 2700 thesaurorum
3342 2638 3645 2716 'nunquam

2073 2729 2497 2785 hauriendorum
2515 2735 2867 2789 constituitur
2898 2736 3304 2793 administrator
3322 2757 3336 2792 :
3353 2740 3481 2808 quid
3504 2742 3651 2795 enim

2072 2824 2323 2880 occlusas
2348 2825 2548 2879 faceret
2574 2827 2791 2881 divitias
2832 2830 3057 2885 minime
3082 2831 3448 2887 imminutas?
3491 2834 3653 2889 Com-

2071 2915 2293 2967 munica
2342 2915 2508 2984 igitur
2543 2916 2885 2973 abundanter
2931 2922 3079 2975 omni
3122 2933 3218 2976 tuo
3264 2923 3488 2992 populo,
3524 2924 3653 2979 huic

2070 3005 2374 3060 liaereditati
2406 3016 2510 3061 tua!
2530 3016 2679 3062 tuam
2705 3011 3139 3067 misericordiam
3166 3024 3399 3085 tuasque
3420 3019 3648 3087 gratias,

403 3092 531 3136 των.
564 3069 609 3127 ὦ
639 3078 917 3130 Δέσποινα.
946 3081 1043 3142 Δὸς
1071 3081 1228 3134 λύσιν
1249 3083 1356 3135 τῶν
1383 3085 1724 3153 κατεχόντων
1749 3085 1957 3141 δεινῶν.
1990 3110 2033 3168 c
2066 3114 2100 3153 ο
2147 3098 2158 3150 ]

1896 3088 1957 3141 ‘w.
1990 3110 2033 3168 ο
2066 3114 2100 3153 o
2147 3098 2399 3162 Domina,
2432 3109 2491 3153 ut
2531 3101 2811 3155 solvantur
2848 3106 3081 3159 vinculis
3120 3108 3323 3177 quibus
3354 3110 3651 3165 durevcon.

424 3167 578 3234 Ορᾷς
610 3168 757 3230 ὅσοις
784 3169 877 3221 καὶ
910 3169 1115 3231 ὁποίοις
1157 3171 1635 3241 κατατρυχόμεθα,
1672 3174 1765 3226 καὶ
1810 3174 1963 3236 ἰδίοις

406 3259 501 3310 καὶ
536 3258 855 3329 ἀλλοτρίοις,
902 3262 998 3313 καὶ
1048 3264 1159 3321 τοῖς
1205 3262 1407 3325 ἔξωθεν
1460 3265 1556 3316 καὶ
1584 3266 1698 3327 τοῖς
1724 3265 1962 3321 ἔνδοθεν.

405 3348 591 3401 Πάντα
614 3353 680 3419 τῇ
712 3354 777 3420 σῇ
801 3351 1029 3421 δυνάμει
1057 3355 1465 3420 μετασκεύασον
1496 3357 1587 3409 ἐπὶ
1610 3357 1670 3409 τὸ
1693 3361 1963 3427 κρεῖττον,

401 3440 526 3500 τοὺς
564 3440 660 3505 μὲν
710 3444 858 3504 ἐντὸς
892 3446 984 3495 καὶ
1019 3446 1327 3512 ὁμοφύλους
1358 3448 1495 3516 πρὸς
1540 3447 1807 3517 ἀλλήλους
1840 3452 1966 3519 ἐξη-

407 3533 668 3601 μεροῦσα,
691 3536 815 3597 τοὺς
847 3536 903 3588 δὲ
936 3539 1117 3609 θηρῶν
1140 3540 1347 3607 ἀγρίων
1380 3540 1535 3610 δίγην
1566 3540 1767 3607 ἔξωθεν
1793 3545 1963 3611 έπεμ-

402 3623 686 3686 6αίνοντας
715 3627 1118 3684 ἀπελαύνουσα.
1155 3632 1580 3701 Ἀντιμέτρησον
1621 3635 1731 3694 τοῖς
1764 3634 1963 3701 ἡμετέ-

403 3733 519 3785 ροις
554 3719 752 3771 πάθεσι
796 3721 895 3787 τὴν
941 3721 1042 3791 σὴν
1081 3700 1402 3790 ἐπικουρίαν
1445 3723 1538 3775 καὶ
1587 3700 1965 3792 ίατρείάν,νέ-

403 3826 580 3876 μοῦσα
617 3810 710 3862 καὶ
759 3811 961 3880 ψυχαῖς
1008 3814 1102 3864 καὶ
1151 3813 1369 3880 σώμασι
1397 3814 1593 3883 δαψιλῆ
1647 3816 1743 3884 τὴν
1778 3817 1961 3885 χάριν,

401 3903 495 3954 καὶ
525 3901 661 3971 πρὸς
692 3904 906 3956 ἅπαντα
930 3906 1129 3975 διαρκῆ
1155 3924 1167 3938 ν
1205 3906 1309 3959 κᾶν
1359 3908 1432 3977 μὴ
1463 3908 1752 3977 χωρῶμεν,
1785 3927 1968 3980 χωρη-

398 3995 731 4062 τικωτέρους
759 3996 1011 4065 ἔργασαι,
1048 3998 1137 4051 καὶ
1179 4000 1349 4063 οὕτως
1378 4001 1751 4070 ἐπιμέτρησον
1780 4002 1866 4054 ἴνα
1891 4006 1957 4073 τῇ

400 4089 466 4153 σῇ
503 4088 687 4154 χάριτι
716 4090 1016 4158 σωζόμενοί
1045 4108 1104 4143 τε
1139 4093 1235 4143 καὶ
1268 4092 1688 4162 δυναμούμενοι,
1728 4095 1963 4158 δοξάζω·

401 4194 502 4246 μεν
535 4182 627 4231 τὸν
676 4184 740 4234 ὲκ
770 4183 865 4235 σοῦ
916 4184 983 4236 δι’
1037 4187 1184 4255 ἡμᾶς
1235 4186 1593 4255 σαρκωθέντα
1628 4187 1960 4257 προαιώνιαν

2062 3190 2432 3259 stringuntur.
2463 3190 2627 3247 Vides
2655 3204 2788 3263 quot
2830 3204 2885 3250 et
2912 3199 3130 3266 quantis
3184 3200 3542 3269 opprimimur
3587 3212 3645 3257 et

2063 3282 2270 3335 nostris
2313 3291 2367 3335 et
2406 3282 2621 3346 alienis,
2670 3292 2725 3339 et
2758 3288 2987 3342 internis
3033 3296 3087 3343 et
3114 3276 3380 3346 externis.
3447 3289 3641 3344 Omnia

2062 3373 2265 3427 virtute
2285 3382 2375 3428 tua
2401 3374 2455 3427 in
2481 3375 2678 3430 melius
2707 3389 2984 3442 converte,
3012 3380 3159 3435 cives
3184 3387 3237 3433 et
3262 3395 3357 3435 eos
3386 3365 3648 3463 qui‘intus

2062 3474 2192 3518 sunt
2210 3464 2355 3519 inter
2379 3481 2438 3519 se
2458 3468 2708 3532 concilia,
2734 3469 2868 3524 alios
2891 3470 3126 3525 ferarum
3147 3471 3321 3535 instar
3342 3472 3645 3527 belluarum

2062 3553 2196 3610 foris
2235 3556 2499 3612 irruentes
2536 3560 2808 3628 perpulsa.
2842 3560 3002 3617 Vltiis
3041 3540 3243 3617 nostri‘s
3293 3544 3643 3619 accommoda

2062 3657 2212 3700 tuum
2249 3650 2506 3703 auxilium
2538 3660 2592 3704 et
2641 3653 2998 3717 curationem,
3046 3652 3324 3724 largiendo
3366 3652 3561 3710 animis
3588 3665 3647 3710 et

2063 3740 2381 3807 corporibus
2406 3740 2769 3796 abundantem
2801 3730 3027 3813 gratiam
3060 3744 3125 3798 ad
3158 3744 3337 3798 omnia
3372 3744 3644 3798 sufﬁcien-

2065 3839 2170 3883 tem
2216 3846 2231 3883 :
2268 3831 2313 3883 si
2341 3844 2446 3883 non
2480 3834 2913 3901 progrediamur,
2950 3835 3356 3905 progredientes
3385 3834 3555 3899 eiiice;
3592 3846 3647 3887 et

2066 3922 2161 3974 tali
2232 3932 2383 3976 utere
2437 3940 2687 3979 mensura
2726 3936 2787 3980 ut
2830 3929 2999 3997 gratia
3023 3939 3110 3981 tua
3152 3928 3342 3982 salvati
3368 3937 3421 3981 et
3445 3927 3644 3981 contir—

2063 4013 2215 4077 mali,
2240 4014 2600 4083 gloriﬁcetnus
2621 4029 2878 4072 aeternum
2900 4019 3135 4073 Verbum
3164 4035 3192 4073 a
3221 4029 3272 4073 te
3292 4028 3519 4109 propter3
3538 4008 3636 4072 nos

2062 4102 2424 4169 iucarnatum,
2472 4123 2596 4181 curn
2640 4119 2845 4164 aeterno
2868 4111 2986 4180 ejus
3020 4110 3199 4171 Patre,
3256 4121 3317 4165 et
3340 4102 3645 4176 viviﬁcante

2069 4190 2295 4261 Spiritu,
2320 4213 2467 4251 nunc
2487 4212 2782 4271 et’semper
2811 4212 2862 4254 et
2893 4204 2945 4254 in
2972 4202 3182 4256 infinita
3206 4198 3421 4258 Saecula.
3448 4202 3640 4255 Amen.

396 4277 571 4342 Λόγον
604 4280 700 4365 σὺν
733 4281 811 4350 τῷ
846 4281 1065 4351 ἀνάρχῳ
1112 4282 1302 4337 τούτου
1340 4283 1535 4353 Πατρὶ,
1592 4285 1685 4336 καὶ
1713 4285 1792 4354 τῷ
1824 4286 2078 4359 ζωοποιῷ
2112 4290 2415 4363 Πνεύματι,
2458 4295 2552 4348 νῦν
2584 4298 2681 4349 καὶ
2747 4298 2834 4351 ἀεὶ
2872 4299 2966 4351 καὶ
3032 4300 3110 4362 είς
3172 4296 3298 4362 τοὺς
3356 4298 3643 4367 ἀτελευτή-

393 4385 519 4431 τους
547 4368 768 4434 αἰῶνας.
814 4374 867 4424 Ἀ
880 4374 1007 4442 μήν.

978 4494 1225 4548 ΟΜῙΛῘΑ
1271 4495 1402 4549 AH'.

393 4609 496 4670 Ε’ίς
526 4606 603 4680 {dt
620 4608 856 4680 πρῶτον
887 4589 1203 4680 -Ἐωθιγόέρ,
1249 4611 1346 4680 '_Er
1389 4602 1567 4679 ᾖ⁴καιὶ
1595 4610 1682 4663 ὅτι
1711 4612 1822 4665 οὐκ
1855 4612 1961 4680 ἀρ-

467 4677 564 4730 κεῖ
590 4678 651 4729 τὸ
679 4677 841 4747 θεῖος
858 4678 1174 4740 βάπτισμα
1200 4677 1530 4730 σῶσαίτὸν
1555 4677 1964 4747 ἀνθρωπονξει

462 4749 549 4816 μὴ
580 4748 677 4800 καὶ
719 4746 834 4813 τὴν
864 4747 1123 4814 τήρησιν
1167 4750 1329 4816 ἔχειν
1347 4748 1596 4802 σπεύδει
1641 4746 1760 4804 τῶν
1789 4752 1963 4805 θείων

467 4816 754 4870 ἐντολῶν.
1404 4819 1413 4831 ³

480 4929 540 4985 Ὀ
570 4932 675 4998 πρὸ
698 4930 805 4983 τῶν
835 4930 1002 4983 ὄντων
1036 4928 1133 4993 ὢν,
1172 4931 1265 4983 καὶ
1298 4932 1367 4984 τὰ
1399 4931 1529 5004 δντα
1576 4934 1639 4983 ἐκ
1692 4926 1765 5001 μὴ
1798 4933 1965 4986 ὄντων

399 5026 635 5091 ποιήσας
678 5022 768 5077 δι’“
800 5026 1135 5093 ἁγαθότητα,
1193 5028 1250 5077 ὲν
1313 5027 1481 5078 πᾶσίν
1545 5028 1716 5091 ἐστιν,
1770 5024 1818 5078 ἐί
1872 5028 1966 5079 xat

397 5116 538 5187 ὑπὲρ
567 5115 635 5169 τά
662 5116 837 5170 πάντα
870 5119 1040 5170 ἐστίν.
1073 5113 1183 5170 Ἦν
1216 5117 1311 5170 οῦν
1338 5123 1398 5169 ἐν
1428 5118 1503 5187 τῷ
1531 5119 1721 5188 κόσμῳ
1744 5121 1835 5171 καὶ
1860 5119 1964 5188 πρὸ

398 5207 493 5260 τοῦ
529 5208 935 5276 παραγενέσθαι
978 5208 1067 5261 διὰ
1106 5211 1329 5280 σαρκὸς,
1359 5211 1471 5263 ἀλλ’
1516 5212 1615 5263 οὐκ
1645 5212 1963 5278 ἐπέγνωσαν

400 5298 564 5352 αὐτὸν
590 5301 617 5351 ὁ
643 5299 867 5368 κόσμος,
906 5302 1028 5353 ἐπεὶ
1057 5301 1156 5353 οὐκ
1207 5301 1478 5371 ἠθέλησαν
1505 5318 1518 5330 ·
1556 5304 1669 5354 ὅσοι
1708 5302 1815 5369 γὰρ
1841 5301 1964 5369 ἠθέ-

400 5388 593 5457 λησαν,
622 5390 715 5441 καὶ
766 5392 1104 5457 ἐπέγνωσαν.
1136 5391 1229 5444 Διὸ
1264 5393 1312 5443 οἱ
1349 5392 1447 5461 μὲν
1504 5391 1817 5458 ἐπιγνόντες
1866 5392 1963 5443 καὶ

404 5479 904 5551 προσελήφθησαν·
958 5483 1006 5534 οἱ
1057 5483 1112 5534 δὲ
1156 5486 1229 5552 μὴ
1287 5484 1600 5551 ἐπιγνόντες
1660 5483 1968 5550 ἐγκατελεί-

403 5552 638 5639 φθησαν,
670 5573 742 5632 ὡς
792 5575 885 5627 καλ⁸
930 5575 1134 5637 Παῦλος
1182 5592 1368 5644 φησιν,
1418 5577 1445 5627 ὁ
1484 5578 1579 5629 καὶ
1616 5575 1969 5643 οελήσας¹καὶ

405 5662 651 5731 θεληθεὶς
677 5666 771 5717 καὶ
801 5667 1133 5720 καταλαΰεῖν
1175 5672 1441 5733 σπεύδων,
1474 5669 1559 5737 ἐφ’
1600 5663 1641 5733 ᾧ
1674 5671 1769 5719 καὶ
1803 5686 1968 5719 κατε-

1988 4566 2042 4626 D

2537 4474 2824 4577 ncitth
2889 4502 3183 4577 xxxviii.

2067 4616 2135 4671 In
2173 4600 2401 4685 primum
2445 4610 2791 4671 llatutirium.
2812 4606 2817 4611 ﬁ
2841 4617 3017 4681 Quod’
3036 4634 3139 4671 non
3166 4620 3367 4688 sufﬁcit
3396 4621 3631 4674 divinum

2134 4689 2395 4757 baptisma
2429 4692 2497 4740 ad
2539 4688 2854 4741 saluandam
2895 4689 3177 4753 hominem,
3208 4690 3530 4744 nisistudeat
3559 4693 3639 4739 di.-

2131 4760 2251 4811 vina
2285 4772 2492 4811 servare
2518 4758 2791 4810 mandata.

2135 4937 2238 5003 Qui
2272 4946 2355 4992 est
2382 4946 2505 4991 ante
2554 4936 2760 5006 omnia:
2779 4936 3058 5005 et‘omuia
3087 4936 3362 4991 exnibilo
3387 4935 3513 4990 fecit
3542 4952 3637 5005 per

2066 5047 2219 5085 suam
2263 5031 2581 5093 bonitatem,
2620 5015 3125 5103 es'tﬂq'omnibus,
3185 5027 3309 5081 licet
3366 5029 3437 5081 sit
3478 5043 3639 5096 super

2063 5122 2267 5173 omnia.
2297 5119 2426 5174 Erat
2450 5136 2580 5189 ergo
2615 5100 2666 5173 iri
2711 5106 2910 5173 mundo
2942 5119 3257 5187 priusquam
3296 5134 3390 5189 per
3415 5134 3635 5172 carnem

2064 5215 2300 5273 adesset,
2331 5213 2425 5265 sed
2454 5228 2562 5266 non
2600 5212 2855 5271 coanovit
2902 5227 3026 5265 eum
3061 5210 3320 5273 mundus,
3338 5227 3457 5264 .nou
3488 5212 3632 5264 enim

2060 5302 2257 5365 voluit;
2282 5315 2403 5353 nam
2424 5301 2733 5368 quicunque
2756 5300 3065 5363 voluerunt,
3084 5314 3209 5353 eum
3233 5311 3632 5366 cognoverunt.

2061 5392 2187 5445 Ideo
2230 5393 2324 5460 qui
2363 5399 2735 5461 cognoverunt
2788 5391 2837 5444 ei
2891 5390 3399 5459 adbazseruntfqui
3452 5399 3633 5443 autem

2077 5501 2180 5538 non
2209 5465 2221 5481 2
2255 5461 2627 5555 cognoverunt
2677 5484 2919 5539 damnati
2992 5482 3231 5569 fuerunt,
3278 5490 3441 5551 prout
3501 5482 3637 5535 dixit

2071 5574 2292 5637 Paulus,
2328 5576 2418 5644 qui
2444 5590 2565 5627 cum
2593 5574 2748 5628 vellet
2771 5583 2825 5625 et
2862 5574 3273 5640 concupisceret
3308 5578 3362 5623 et
3390 5570 3636 5624 studeret

2049 5666 2513 5734 comprehendere
2542 5673 2765 5735 propter
2784 5678 2945 5731 quam
2977 5678 3200 5717 causam
3239 5659 3631 5714 damnati'sunt

408 5753 597 5824 λήφθη
633 5758 741 5809 ὑπὸ
769 5760 1005 5829 Χριστοῦ
1033 5760 1125 5812 τοῦ
1159 5762 1361 5831 Κυρίου
1388 5762 1565 5830 ἡμῶν,
1589 5764 1814 5829 γράφων
1848 5765 1975 5829 περὶ
2049 5774 2077 5810 a
2113 5758 2163 5809 Di

1869 5765 1975 5829 περὶ
2049 5774 2077 5810 a
2113 5758 2342 5810 Domino
2376 5766 2561 5809 nostro
2583 5754 2710 5811 Jesu
2745 5757 2983 5819 Christo,
3007 5755 3073 5808 de
3117 5754 3321 5808 Graecis
3368 5750 3624 5819 scripsit:

411 5846 519 5898 τῶν
563 5846 860 5919 Ἑλλήνων
903 5871 919 5900 ι
973 5851 1125 5903 Ἐπεὶ
1172 5855 1268 5906 οὐκ
1326 5854 1652 5920 ἐδοκίμασαν
1695 5854 1783 5904 τον
1841 5852 1969 5902 Θεὸν
2055 5869 2070 5897 ι
2104 5850 2166 5902 δὶη

1870 5852 1969 5902 »εον
2055 5869 2070 5897 ι
2104 5850 2249 5902 Sicut
2293 5864 2398 5902 nou
2442 5849 2810 5917 probaverunt
2862 5848 3028 5903 Deum
3068 5845 3269 5901 habere
3322 5845 3374 5899 in
3413 5844 3625 5909 n0titia,
