4444 6450
338 399 433 463 481

1583 390 1914 452 HOMlLlA
1956 390 2267 449 XXXVIII

3459 382 3563 443 482

338 512 398 559 τὸ
440 504 727 574 βραϐεῖονς
767 522 783 552 ι
818 504 929 553 Οὐκ
980 498 1097 553 εἶπε
1149 500 1204 552 δὲ
1252 498 1430 562 τοῦτο,
1483 500 1556 562 ὼς
1608 501 1722 562 ἐνδς
1777 502 2093 570 κάν-Ααυί

1806 502 1905 552 ἀν-
1931 503 1980 563 Α
2007 502 2124 570 quit
2176 498 2448 552 exhauriri
2485 496 2612 550 illud
2664 494 2907 548 bravium
2950 508 3199 562 superna:
3241 495 3561 557 vocationis.

340 599 515 651 ταῦθα
546 598 606 648 τὸ
638 595 888 664 βραϐεῖον
919 593 1017 660 τῆς
1054 593 1326 661 σωτηρίας
1357 592 1750 661 λαμϐάνοντος,
1785 592 1899 645 ἀλλ’

338 690 412 751 ὼς
440 690 548 740 τῶν
586 688 725 754 ἄγαν
768 685 1103 737 σπευδόντων
1147 687 1321 736 ἐκεῖνο
1366 682 1772 750 λαμϐανόντων,
1800 683 1902 735 κᾶν

341 778 421 844 εἷς
465 778 523 854 ᾖ,
572 784 677 834 κᾶν
717 777 829 832 εἷεν
872 781 1150 831 πλεῖστοι·
1203 777 1556 830 ἀνέκλειπτον
1607 778 1713 845 γάρ
1754 778 1903 827 ἐστιν

343 876 517 926 ἐκεῖνο
569 874 630 923 τὸ
668 872 921 941 βραϐεῖον
970 871 1067 938 τῆς
1114 872 1223 924 ἀνω
1270 867 1539 936 κλήσεως,
1592 870 1686 919 καὶ
1742 868 1905 937 ἀρκεῖ

344 966 479 1033 πρὸς
506 964 712 1025 πάντας
758 961 1044 1031 ἀμειώτως
1079 960 1509 1029 μεταδιδόμενον.
1543 958 1632 1009 Διὸ
1684 959 1845 1011 πάλιν
1875 959 1903 1010 ὁ

344 1055 505 1113 αὐτὸς
556 1054 719 1105 πᾶσιν
763 1052 958 1116 ἐπάγει
1006 1050 1217 1117 λέγων’
1260 1069 1278 1101 t
1327 1049 1481 1103 Οὕτω
1529 1050 1774 1119 τρέχετε,
1819 1052 1905 1104 ἵνα

346 1142 714 1211 καταλάϐητε.
763 1158 782 1193 ι
844 1140 1003 1193 Ἀλλὰ
1053 1142 1146 1192 καὶ
1198 1139 1291 1193 τὸν
1342 1140 1543 1209 τρόπον
1590 1139 1903 1201 ὑποδεικνὺς

343 1237 436 1289 τοῦ
476 1236 679 1303 δρόμου
705 1250 720 1266 ⁸
753 1254 770 1287 t
814 1236 926 1295 Πᾶς
954 1235 1009 1286 δέ
1040 1234 1068 1286 ὀ
1098 1234 1516 1303 ἀγωνιζόμενος,
1548 1235 1699 1303 φησι,
1729 1237 1904 1289 πάντα

346 1328 759 1397 ἐγκρατεύεται,
798 1345 816 1379 ι
854 1328 1097 1395 μηδεμιᾷ
1132 1343 1261 1378 ποτε
1289 1328 1399 1378 τῶν
1438 1328 1905 1397 ἀπηγορευμένων

349 1417 553 1483 ἡδονῶν
583 1417 797 1469 ἔκδοτον
826 1419 903 1479 είς
933 1418 1084 1478 τέλος
1133 1418 1324 1470 ἐαυτὸν
1358 1419 1636 1488 παρέχων.
1671 1415 1801 1472 Εἶτα
1830 1421 1904 1483 ὡς

346 1506 715 1572 ἐνισταμένων
740 1505 849 1556 τῶν
888 1505 1344 1574 βεϐαπτισμένων
1392 1508 1487 1558 καὶ
1521 1505 1789 1574 λεγόντων
1818 1508 1905 1561 διά

350 1598 514 1665 μόνου
547 1596 637 1648 τοῦ
686 1596 1064 1665 βαπτίσματος
1108 1599 1278 1666 χωρὶς
1321 1598 1431 1651 τῶν
1466 1584 1643 1665 ἔργων
1671 1599 1906 1669 εὐπροσ-

346 1689 566 1750 δέκτους
598 1685 736 1741 εἶναι
787 1687 864 1757 τῷ
900 1687 1041 1756 Θεῷ,
1074 1688 1162 1741 διὰ
1189 1688 1295 1740 τῶν
1351 1690 1416 1741 ἐκ
1459 1689 1690 1742 παλαιοῦ
1720 1690 1906 1742 τύπων

349 1782 510 1842 αὐτὸς
560 1780 797 1833 δείκνυσι
853 1780 947 1832 καὶ
980 1781 1265 1833 ἀναπείθει
1320 1780 1561 1833 εύδοκεῖν
1610 1782 1667 1833 ἐν
1716 1780 1904 1849 μηδεν).

2007 592 2100 645 sed
2133 590 2385 643 omnibus
2419 589 2611 643 suﬁicit
2642 589 2760 642 sine
2790 588 3165 640 imminutione
3191 591 3566 640 communica-

2004 694 2140 737 tum.
2190 681 2313 735 Ideo
2360 697 2548 735 rursus
2604 681 2745 734 idem
2796 679 3052 733 omnibus
3101 679 3326 746 loquens
3366 680 3562 733 addit:

2009 795 2026 827 ι
2068 776 2157 829 Sic
2183 776 2383 828 currite
2414 787 2471 827 ut
2502 774 2998 841 comprehendatis.
3052 791 3069 822 ι
3108 772 3210 825 Sed
3245 783 3297 825 et
3346 775 3561 826 modum

2003 881 2199 919 cursus
2230 867 2522 919 ostendens
2563 882 2573 915 :
2620 885 2637 915 ι
2674 868 2884 926 Omnis,
2908 868 3001 929 ait,
3031 867 3121 932 qui
3154 867 3206 917 in
3237 880 3409 931 agone
3438 880 3569 916 con-

2006 958 2199 1021 tendit,
2236 958 2304 1009 ab
2332 958 2589 1011 omnibus
2621 972 2678 1011 se
2715 956 2983 1021 abstinet;
3027 977 3044 1009 ο
3080 968 3206 1011 tunc
3240 962 3385 1009 enim
3435 957 3566 1009 nulli

1998 1050 2340 1117 voluptatum
2395 1051 2790 1115 prohibitarum
2849 1059 2995 1103 totus
3045 1051 3307 1119 indulget.
3368 1048 3568 1101 Deinde

2004 1139 2229 1209 perinde
2257 1154 2319 1191 ac
2349 1141 2392 1192 si
2427 1140 2680 1208 baptizati
2715 1150 3002 1193 censerent
3024 1149 3078 1193 et
3107 1140 3351 1193 dicerent
3380 1154 3439 1192 se
3472 1153 3569 1207 per

2006 1232 2183 1286 so'um
2216 1231 2485 1299 baptisma
2519 1233 2637 1285 sine
2682 1231 2940 1299 operibus
2969 1246 3090 1284 esse
3122 1229 3231 1283 Deo
3270 1230 3577 1298 acceptabi-

1998 1325 2103 1388 'les,
2156 1340 2252 1393 per
2301 1325 2502 1394 figuras
2540 1339 2605 1378 ex
2654 1324 2823 1377 veteri
2852 1322 3204 1376 Testamento
3238 1322 3577 1389 desumptas,

2006 1426 2274 1471 monstrat
2302 1429 2355 1470 et
2381 1417 2574 1471 suadet
2603 1417 2871 1470 neminem
2902 1415 3011 1468 Deo
3046 1415 3282 1482 p‘acere,
3316 1413 3417 1465 nisi
3455 1426 3577 1465 cum

2006 1508 2111 1561 ﬁde
2152 1506 2305 1560 ﬁrma
2340 1522 2367 1559 a
2407 1511 2586 1575 pravis
2618 1508 2960 1575 passionibus
3001 1515 3053 1559 et
3088 1506 3272 1559 verbis
3302 1512 3357 1557 et
3389 1502 3578 1571 operi-

2006 1598 2109 1652 bus
2161 1598 2451 1651 abstineat.
2486 1596 2620 1650 Nam
2668 1598 2847 1649 dixit:
2880 1613 2897 1645 ι
2940 1597 3075 1649 Nolo
3130 1611 3227 1649 vos
3271 1595 3569 1663 ignorare,

2007 1687 2226 1750 fratres,
2285 1687 2542 1756 quoniam
2596 1695 2778 1755 patres
2830 1688 3001 1739 nostri
3051 1701 3243 1740 omnes
3289 1688 3392 1739 sub
3438 1692 3581 1740 nube

2008 1777 2252 1841 fuerunt,
2306 1787 2359 1831 et
2402 1793 2591 1831 omnes
2628 1792 2774 1830 mare
2827 1778 3185 1839 transierunt,
3218 1786 3271 1832 et
3303 1792 3493 1832 omnes
3519 1780 3579 1831 iu

350 1874 443 1923 τὸν
470 1871 621 1935 Θεὸν,
656 1872 722 1923 ἂν
760 1870 835 1940 μὴ
889 1872 1026 1940 μετὰ
1057 1870 1148 1924 τοῦ
1178 1870 1363 1923 πίστιν
1391 1871 1535 1939 ἐχειν
1562 1873 1775 1941 ἀσφαλῆ
1820 1874 1912 1925 καὶ
1942 1849 1984 1904 Β
2013 1868 2099 1922 Μυ

1826 1874 1912 1925 καὶ
1942 1849 1984 1904 Β
2013 1868 2197 1939 Moyse
2228 1869 2486 1938 baptizati
2517 1876 2643 1922 sunt
2673 1868 2725 1920 in
2757 1869 2900 1922 nube
2940 1879 2992 1921 et
3027 1869 3077 1921 in
3113 1869 3273 1932 mari,
3302 1878 3356 1923 et
3388 1884 3581 1923 euntes

348 1963 457 2015 τῶν
488 1967 739 2033 πονηρῶν
789 1966 1061 2032 ἀπέχηται
1102 1965 1196 2017 καὶ
1235 1964 1426 2017 παθῶν
1475 1968 1574 2017 καὶ
1626 1964 1801 2029 λόγων
1827 1966 1921 2018 καὶ
2010 1974 2101 2014 ea:

1827 1966 1921 2018 καὶ
2010 1960 2264 2014 eamdem
2295 1975 2471 2013 escam
2506 1960 2807 2028 spiritalem
2856 1961 3348 2025 manducaverunt,
3380 1971 3435 2013 et
3459 1976 3579 2014 cm-

352 2055 640 2121 πράξεων·
691 2075 707 2107 t
741 2055 819 2110 Οὐ
873 2057 1012 2109 θέλω
1057 2058 1202 2125 γὰρ,“
1248 2059 1434 2125 φησὶν,
1482 2056 1628 2124 ὑμᾶς
1680 2057 1916 2124 ἀγνοεῖν,
2014 2065 2107 2105 ηεξ

1831 2058 1916 2121 ἄν,
2014 2065 2117 2105 nes
2148 2051 2394 2105 eumdem
2428 2059 2615 2119 potum
2660 2050 2957 2119 spiritalem
2996 2050 3249 2104 biberunt
3280 2068 3294 2114 ;
3328 2049 3586 2104 bibebant

351 2144 591 2210 ἀδελφοὶ,
624 2147 706 2199 ὃτι
742 2147 789 2199 οί
820 2150 1057 2216 πατέρες
1085 2147 1243 2215 ⁴ἡμῶν
1280 2147 1479 2209 πάντες
1506 2147 1611 2198 ὑπὸ
1639 2146 1737 2215 τὴν
1758 2146 1918 2213 νεφέ-
2017 2152 2106 2196 aut

1829 2146 1918 2213 φέ-
2017 2152 2197 2197 autem
2230 2144 2296 2197 de
2342 2142 2570 2211 spiritali
2607 2154 2973 2210 consequente
3019 2158 3115 2197 eos
3178 2154 3329 2213 petra
3357 2183 3373 2207 ,
3431 2153 3584 2211 petra

352 2235 453 2302 λην
484 2231 645 2306 ἦσαν,
689 2238 784 2291 καὶ
815 2238 1019 2309 ⁴ιτάντες
1065 2238 1152 2291 διὰ
1204 2238 1303 2308 τῆς
1357 2236 1636 2305 θαλάσσης
1675 2237 1916 2306 διῆλθον,
2017 2244 2107 2289 aut

1835 2254 1916 2303 ον,
2017 2244 2199 2289 autem
2227 2247 2343 2287 erat
2371 2235 2645 2288 Christus.
2678 2234 2784 2289 Sed
2829 2249 2935 2289 non
2970 2235 3022 2287 in
3054 2234 3300 2302 pluribus
3333 2234 3587 2303 benepla-

344 2330 447 2378 καὶ
501 2329 702 2390 πάντες
745 2332 824 2391 εις
883 2329 975 2381 τὸν
1024 2328 1266 2398 Μωῡσῆν
1322 2328 1700 2381 ἐϐαπτίσαντο·
1743 2331 1800 2382 ἐν
1845 2331 1911 2399 τῇ
2018 2329 2093 2382 cit

809 2347 824 2391 ;
883 2329 975 2381 τὸν
1024 2328 1266 2398 Μωῦσῆν
1322 2328 1700 2381 ἐϐαπτίσαντο·
1743 2331 1800 2382 ἐν
1845 2331 1911 2399 τῇ
2018 2329 2188 2382 citum
2224 2338 2306 2381 est
2340 2327 2447 2383 Deo
2467 2330 2564 2381 ⁸⁸.»

356 2423 549 2493 νεφέλῃ
574 2423 667 2474 καὶ
693 2422 752 2473 ἐν
773 2425 837 2491 τῇ
860 2422 1129 2493 θαλάσσῃ,
1155 2424 1249 2475 καὶ
1271 2423 1472 2485 πάντες
1492 2422 1553 2474 τὸ
1576 2423 1707 2475 αὐτὸ
1763 2423 1958 2493 βρῶμα
2033 2426 2401 2493 πνευματικὸν
2454 2425 2680 2493 ἔφαγον,
2739 2426 2837 2478 καὶ
2887 2425 3089 2489 πάντες
3147 2425 3209 2478 τὸ
3256 2427 3391 2479 αὐτὸ
3441 2430 3592 2491 πόμα

354 2516 729 2584 πνευματικὸν
786 2517 979 2570 ἔπιον·
1034 2518 1219 2571 ἔπινον
1273 2520 1380 2586 γὰρ
1424 2522 1488 2572 ἐκ
1544 2519 1922 2587 πνευματικῆς
1961 2518 2366 2589 ἀκολουθούσης
2416 2519 2643 2589 πέτρας,
2677 2520 2712 2588 ή
2759 2520 2818 2573 δέ
2867 2520 3042 2587 πέτρα
3089 2513 3158 2589 ἦν
3223 2522 3252 2573 ὁ
3312 2522 3589 2591 Χριστςο

356 2608 472 2660 ἀλλ’
526 2610 656 2662 οὐχ’
694 2611 752 2661 ἐν
816 2612 926 2672 τοῖς
989 2610 1232 2663 πλείοσιν
1291 2612 1469 2665 αὐτῶν
1547 2614 1838 2683 εὐδόκησεν
1896 2616 1924 2668 ό
1957 2615 2106 2675 Θεός.
2152 2633 2170 2665 ι

433 2700 620 2754 Ίάῦτα
656 2704 711 2754 δέ
754 2704 933 2755 πάντα
962 2704 1124 2755 τύποι
1150 2703 1256 2755 τῶν
1289 2705 1413 2757 καθ’
1437 2706 1585 2773 ἡμᾶς
1618 2707 1778 2775 ιερῶν
1814 2726 1917 2777 μυ-

361 2792 600 2861 στηρίων
644 2790 783 2862 ἦσαν
808 2810 821 2823 '
857 2796 888 2862 ἡ
940 2795 1184 2847 θάλασσα
1214 2795 1305 2847 τοῦ
1357 2796 1495 2847 κατὰ
1543 2797 1602 2848 τὸ
1636 2797 1918 2866 βάπτισμα

363 2881 557 2945 ὕδατος
584 2900 597 2915 ο
650 2886 682 2953 ἡ
724 2885 921 2952 νεφέλη
964 2887 1058 2937 τοῦ
1116 2886 1320 2937 ἀνωθεν
1368 2887 1641 2953 μυστικῶς
1686 2892 1797 2951 τοῖς
1833 2891 1929 2958 βαι

362 2974 706 3042 πτιζομένοις
738 2976 899 3044 215
932 2975 1341 3039 ἐπισκιάζοντος
1379 2976 1524 3029 θείου
1569 2978 1883 3045 Πνεύματος
1911 2996 1924 3010 ·

361 3065 424 3115 τὸ
455 3065 647 3133 βρῶμα
685 3068 780 3118 καὶ
824 3068 885 3118 τὸ
921 3068 1092 3135 πόμα,
1142 3068 1237 3120 τοῦ
1268 3068 1500 3137 Χριστοῦ
1539 3068 1790 3139 σώματος
1833 3072 1927 3122 καὶ

363 3156 616 3223 αἵματος,
654 3154 727 3209 ὧν
760 3160 919 3226 ἡμεῖς
966 3158 1089 3211 καθ’
1120 3160 1355 3229 ἑκάστην
1392 3160 1465 3223 ὡς
1502 3164 1675 3214 εἰπεῖν
1707 3163 1928 3231 μετέχο-

2095 2705 2294 2761 V'erum
2320 2707 2435 2761 hac
2455 2708 2639 2762 omnia
2670 2706 3087 2777 praallgurabant
3118 2717 3302 2762 saneta
3326 2708 3417 2777 qui
3448 2709 3594 2777 apud

2027 2812 2125 2852 nos
2151 2807 2388 2865 aguntur
2406 2798 2688 2868 mysteria;
2718 2798 2982 2852 habemus
3007 2806 3058 2850 et
3083 2813 3184 2851 nos
3208 2814 3356 2852 mare
3386 2800 3594 2869 baptis-

2028 2888 2190 2942 matis
2224 2904 2399 2957 aquae,
2430 2893 2627 2944 nubem
2664 2890 2831 2942 divini
2867 2890 3101 2959 Spiritus
3131 2892 3384 2945 deorsum
3418 2891 3596 2961 bapti-

2027 2989 2180 3033 zatos
2216 2978 2622 3041 obumbrantis,
2662 2992 2846 3032 escam
2898 2987 2952 3031 et
3013 2988 3197 3046 potum
3246 2983 3491 3048 corporis
3539 2990 3593 3034 et

2026 3067 2306 3136 sanguinis
2329 3067 2532 3122 Christi
2564 3067 2761 3136 quibus
2794 3066 3042 3133 singulis,
3070 3078 3124 3121 ut
3157 3070 3224 3121 ita
3250 3069 3449 3133 dicam,
3478 3070 3594 3123 dic-

2026 3160 2128 3213 bns
2157 3161 2665 3223 communicamus;
2708 3160 2828 3214 ideo
2859 3160 3150 3213 inanimem
3181 3170 3230 3213 et
3268 3176 3462 3215 sensus
3493 3176 3590 3214 ex-

369 3262 469 3312 μεν
493 3264 505 3276 ·
540 3248 627 3298 διὰ
656 3247 814 3299 τοῦτο
846 3248 953 3317 γὰρ
984 3250 1077 3300 καλ⁵
1105 3250 1202 3317 τὴν
1238 3250 1444 3320 ἄψυχον
1480 3251 1571 3304 καὶ
1604 3253 1929 3322 ἀναίσθητον
1954 3264 1996 3323 C
2030 3268 2123 3320 per

1844 3271 1929 3305 τον
1954 3264 1996 3323 c
2030 3261 2233 3320 pertem
2262 3253 2571 3313 materiam,
2600 3260 2808 3320 petram
2841 3251 2985 3304 illam
3018 3251 3231 3305 vocavit
3260 3250 3460 3305 Paulus
3487 3252 3599 3320 spi-

368 3332 500 3404 ὓλην
544 3340 641 3407 τὴν
684 3340 890 3408 πέτραν
937 3341 1152 3410 ἐκείνην
1201 3343 1577 3410 πνευματικὴν
1616 3345 1928 3396 ἐκάλεσενό

370 3429 603 3491 Παῦλος.
642 3431 855 3499 ’Ὥσπερ
882 3432 991 3501 γὰρ
1021 3432 1249 3500 ψυχικὸν
1285 3434 1502 3498 λέγεται
1551 3435 1708 3503 σῶμα
1740 3437 1799 3486 τὸ
1825 3437 1929 3487 ὑπὸ

368 3522 542 3588 ψυχῆς
591 3521 996 3589 δυναμούμενόν
1032 3541 1090 3575 τε
1148 3524 1242 3575 καὶ
1286 3524 1627 3591 κινούμενον,
1663 3526 1804 3577 οὕτω
1836 3527 1931 3579 καὶ

372 3613 739 3677 πνευματικόν
779 3613 894 3662 ἐστι
932 3612 1113 3678 σῶμα,
1149 3614 1206 3665 τὸ
1233 3615 1335 3667 ὑπὸ
1368 3615 1459 3667 τοῦ
1508 3616 1651 3667 θείου
1681 3618 1932 3685 Πνεύμα-

378 3720 459 3761 ξος
512 3703 805 3770 ὑπερφυῶς
850 3705 1261 3774 ἐνεργούμενον.
1318 3707 1469 3759 Ἐπεὶ
1527 3706 1622 3761 οὖν
1670 3712 1701 3779 ἡ
1757 3713 1930 3780 πέτρα

374 3795 550 3861 ἐκείνη
599 3796 913 3863 παραδόξως
963 3798 1331 3869 ἐνεργουμένη
1379 3802 1529 3871 παρά
1556 3802 1649 3854 τοῦ
1691 3805 1933 3872 Πνεύμα-

379 3904 481 3947 τος,
528 3888 627 3955 τὴν
658 3886 753 3941 τοῦ
797 3888 987 3950 ὓδατος
1036 3893 1220 3957 πηγὴν
1265 3897 1830 3965 συμμεταφερομένην
1860 3892 1933 3948 εἶ-

370 3993 465 4045 χεν
506 3978 565 4026 ἐν
608 3978 797 4048 ἑαυτῇ,
837 3982 929 4031 καὶ
974 3982 1105 4048 παρ’
1136 3983 1333 4051 ἑαυτῆς
1376 3984 1625 4051 ἀφθόνως
1669 3988 1931 4053 ἀνεδίδου,

371 4071 718 4136 πνευματικὴ
751 4070 974 4131 δικαίως
1021 4073 1221 4141 ἐκλήθη
1257 4075 1405 4141 παρὰ
1450 4077 1541 4127 τοῦ
1578 4078 1809 4143 Παύλου,
1843 4080 1934 4131 καὶ

372 4159 453 4218 εις
486 4158 651 4210 τύπον
702 4161 1054 4231 προσελήφθη
1106 4165 1200 4215 τοῦ
1226 4166 1464 4233 Χριστοῦ
1514 4167 1763 4233 σώματος
1789 4186 1805 4201 ’
1840 4174 1934 4223 καὶ

375 4247 533 4300 τοῦτο
562 4250 668 4317 γὰρ
708 4250 811 4302 ὑπὸ
870 4252 957 4302 τοῦ
1006 4252 1339 4316 ἐνοικοῦντος
1384 4256 1531 4324 αὐτῴ
1568 4259 1935 4327 πληρώματος

373 4341 470 4407 τῆς
502 4340 752 4408 θεότητος
790 4342 1185 4410 ἐνεργούμενον
1212 4344 1326 4412 ἔχει
1356 4361 1414 4395 τε
1449 4348 1541 4397 καὶ
1574 4350 1800 4416 παρέχει
1824 4353 1938 4411 τοῖς

377 4430 586 4492 πιστῶς
633 4431 951 4501 προσιοῦσιν
997 4433 1242 4501 ἀφθόνως
1274 4435 1373 4504 τὴν
1423 4436 1607 4504 πηγὴν
1635 4440 1732 4506 τῆς
1767 4441 1935 4493 ἀϊδίου

376 4519 541 4585 ζωῆς.
605 4522 764 4572 Ἀλλὰ
826 4522 962 4591 πρὸς
1000 4522 1058 4574 ὃν
1106 4522 1202 4574 νῦν
1234 4528 1364 4592 ἡμῖν
1415 4530 1441 4579 ὁ
1472 4529 1642 4594 λόγος.
1698 4529 1878 4580 Εἰπὼν
1913 4534 1938 4582 δ

2031 3344 2264 3399 ritalem.
2307 3343 2774 3408 Quemadmodum
2812 3343 3113 3395 animatum
3167 3342 3362 3395 dicitur
3398 3357 3598 3411 corpus

2032 3435 2177 3502 quod
2213 3434 2281 3486 ab
2311 3435 2495 3487 anima
2525 3435 2801 3487 ﬁrmatum
2836 3441 3108 3495 movetur,
3144 3433 3213 3486 ita
3242 3433 3485 3501 spiritale
3517 3442 3601 3487 est

2030 3540 2228 3592 corpus
2254 3526 2399 3595 quod
2434 3540 2501 3578 ex
2532 3525 2714 3578 divino
2746 3524 2953 3594 Spiritu
2999 3539 3163 3592 supra
3194 3534 3440 3577 naturam
3467 3540 3598 3592 ope-

2030 3626 2204 3672 ratur.
2240 3616 2406 3685 Igitur
2454 3630 2575 3669 cum
2630 3625 2779 3683 petra
2832 3615 2920 3667 illa
2958 3615 3267 3683 prodigiose
3313 3629 3343 3667 a
3390 3613 3596 3681 Spiritu

2033 3718 2273 3777 operata,
2306 3709 2507 3762 fontem
2545 3722 2700 3775 aquas
2737 3708 2789 3759 in
2820 3708 3104 3773 semetipsa
3150 3721 3333 3760 secum
3372 3706 3597 3768 ferebat,

2032 3810 2083 3853 ct
2116 3815 2146 3852 a
2180 3801 2473 3866 semetipsa
2510 3798 2851 3851 abundanter
2883 3798 3177 3866 praebebat,
3215 3798 3336 3865 jure
3371 3813 3399 3851 a
3432 3798 3600 3851 Paulo

2032 3901 2222 3944 vorata
2254 3890 2354 3943 fuit
2378 3890 2655 3957 spiritalis,
2688 3898 2741 3943 et
2770 3889 2821 3941 in
2851 3889 3073 3957 ﬁguram
3116 3889 3363 3957 corporis
3397 3888 3600 3942 Christi

2034 3980 2139 4034 fuit
2171 3988 2487 4046 assumpta;
2527 3978 2669 4032 istud
2710 3977 2855 4031 enim
2891 3993 2955 4029 ex
2989 3977 3343 4046 plenitudinis
3384 3978 3602 4033 deitatis

2035 4073 2088 4125 in
2122 4073 2238 4140 ipso
2266 4069 2564 4124 habitantis
2586 4084 2819 4137 Operans
2845 4068 3070 4121 habebat
3096 4079 3147 4122 et
3175 4069 3517 4133 impertiebat
3534 4084 3597 4123 ex

2034 4163 2363 4217 abundantia
2396 4162 2624 4215 ﬁdeliter
2650 4162 3045 4216 accedentibus
3065 4161 3265 4215 fontem
3292 4162 3412 4215 vitae
3444 4170 3600 4216 aeter-

2034 4271 2139 4308 me.
2177 4253 2282 4307 Sed
2318 4254 2603 4307 redeamus
2653 4254 2717 4305 ad
2757 4254 2890 4306 illud
2927 4254 2994 4306 de
3024 4268 3130 4321 quo
3165 4253 3323 4307 nobis
3371 4263 3454 4306 est
3500 4254 3601 4308 ho-

2036 4345 2262 4400 diernus
2287 4359 2486 4398 sermo.
2517 4342 2652 4398 Cum
2680 4342 2911 4396 dixisset
2940 4344 3096 4396 divus
3121 4341 3319 4397 Paulus
3358 4342 3477 4397 illos
3508 4359 3606 4409 pro

2039 4437 2196 4489 nobis
2223 4437 2467 4488 omnium
2499 4434 2553 4487 in
2588 4435 2755 4503 ﬁgura
2788 4434 3168 4503 mysteriorum
3219 4432 3392 4488 fuisse
3433 4436 3607 4502 parti-

2040 4528 2207 4593 cipes.
2240 4525 2483 4579 addidit:
2513 4542 2531 4576 ι
2566 4524 2669 4579 Sed
2701 4539 2807 4577 non
2844 4526 2895 4577 in
2938 4523 3185 4592 pluribus
3216 4538 3403 4577 eorum
3440 4524 3608 4579 bene-

378 4609 519 4672 θεῑος
556 4612 784 4672 Παῦλος,
816 4616 897 4666 ὅτι
940 4617 987 4667 οἱ
1020 4618 1124 4685 πρὸ
1147 4618 1303 4684 ἡμῶν
1330 4621 1525 4672 ἐκεῖνοι
1565 4624 1778 4674 πάντων
1811 4640 1933 4691 μετ-
1968 4624 2011 4680 Ι)
2041 4617 2133 4684 βίω

1851 4641 1933 4674 ετ-
1968 4624 2011 4680 Ι)
2041 4615 2293 4684 placitum
2323 4624 2405 4669 est
2434 4615 2579 4678 Deo;
2612 4630 2733 4667 nam
2787 4616 3039 4682 prostrati
3086 4622 3214 4667 sunt
3254 4614 3309 4666 in
3342 4613 3561 4668 deserto
3589 4631 3604 4679 ;

377 4700 538 4767 έσχον
581 4704 687 4754 τὸν
724 4706 779 4756 ἐν
812 4706 969 4773 τύπῳ
1016 4709 1351 4777 μυστηρίων,
1385 4712 1661 4778 ἐπήγαγεν
1686 4729 1697 4740 ~
1734 4731 1750 4761 ι
1796 4714 1934 4763 Ἀλλ’

377 4792 477 4841 οὐκ
513 4795 568 4841 ὲν
605 4794 715 4851 τοῖς
745 4792 985 4845 πλείοσιν
1013 4797 1191 4847 αὐτῶν
1228 4798 1519 4867 εὐδόκησεν
1545 4801 1572 4849 ὁ
1605 4802 1733 4863 Θεός
1754 4819 1766 4831 ·
1804 4820 1903 4853 κατ

376 4878 731 4949 εστρώθησαν
794 4883 897 4952 γὰρ
956 4887 1010 4936 ἐν
1052 4890 1114 4955 τῇ
1174 4888 1384 4958 ἐρήμῳ,
1438 4894 1530 4942 καὶ
1588 4893 1747 4945 τύποι
1784 4894 1937 4962 ήμῶν

377 4974 740 5041 ἐγενήθησαν,
786 4978 862 5037 εἰς
899 4977 958 5028 τὸ
992 4977 1066 5045 μὴ
1100 4975 1237 5029 εἶναι
1276 4981 1421 5047 ἡμᾶς
1454 4982 1796 5051 ἐπιθυμητὰς
1837 5001 1937 5035 κι-

376 5064 511 5126 κῶν,
557 5065 736 5127 καθὼς
787 5069 1030 5118 κάκεῖνοι
1076 5070 1453 5138 ἐπεθύμησαν.
1493 5092 1509 5122 ι
1544 5073 1711 5125 Τοῦτο
1765 5066 1938 5141 λ’έγων

377 5158 659 5225 ἄντικρυς,
697 5160 778 5210 ὅτι
811 5161 1058 5229 καθάπερ
1099 5164 1361 5225 ἐκείνους,
1405 5166 1536 5231 πρὸς
1569 5168 1662 5226 τὰς
1698 5168 1939 5235 πονηρὰς

378 5247 675 5314 ἐπιθυμίας
705 5251 1078 5315 ἐκκλίναντας,
1107 5253 1258 5304 οὐδὲν
1291 5253 1581 5323 ὠφέλησαν
1619 5258 1667 5307 οἱ
1697 5258 1938 5321 δοθέντες

377 5337 539 5386 τύποι
589 5338 695 5390 τῶν
748 5340 1104 5407 μυστηρίων,
1156 5341 1276 5393 οὐδὲ
1320 5342 1587 5404 ἐξείλοντο
1640 5346 1736 5412 τῆς
1788 5346 1938 5409 θείας

376 5427 841 5494 ἐγκαταλείψεως,
890 5429 968 5480 διὸ
1015 5432 1108 5481 καὶ
1160 5433 1604 5500 καταφθαρέντες
1655 5437 1807 5496 ἐκτὸς
1862 5441 1940 5500 εἰς

381 5517 477 5583 τὴν
513 5518 616 5583 γῆν
642 5518 739 5587 τῆς
776 5521 1103 5587 ἐπαγγελίας
1129 5523 1229 5573 οὐκ
1254 5523 1641 5592 ἀπεσώθησαν,
1680 5526 1819 5579 οὕτω
1848 5531 1938 5579 καί⁵

378 5608 547 5673 ἡμᾶς,
589 5610 747 5679 εἰπερ
798 5612 856 5662 ἐν
900 5612 1197 5680 ἁμαρτίαις
1255 5614 1353 5683 ζῇν
1396 5616 1827 5687 προαιρούμεθα,
1877 5619 1936 5670 τί)

488 5792 527 5815 ⁸⁹
561 5786 722 5840 ICor.
764 5805 814 5853 κ,
850 5791 899 5843 l.
976 5792 993 5822 ⁸
1030 5789 1195 5845 lCor.
1232 5807 1303 5849 Ix.
1340 5792 1389 5844 5.

2040 4709 2157 4761 haec
2194 4716 2372 4760 autem
2406 4706 2547 4759 facta
2583 4714 2709 4760 sunt
2742 4706 2793 4758 in
2831 4706 3001 4775 ﬁgura
3054 4705 3248 4769 nostri,
3282 4714 3341 4758 ut
3386 4722 3492 4759 non
3528 4707 3607 4759 si-

2043 4814 2162 4849 mus
2189 4797 2636 4864 concupiscentes
2663 4797 2949 4857 malorum,
2976 4797 3116 4849 sicut
3136 4804 3188 4848 et
3218 4797 3292 4848 illi
3316 4798 3610 4864 concupie—

2041 4895 2167 4936 runt
2198 4885 2240 4935 ⁸.
2280 4901 2296 4933 ι
2334 4882 2485 4947 Quod
2520 4898 2744 4950 prorsus
2778 4884 2908 4936 dicit
2937 4892 2990 4935 ul
3033 4886 3173 4937 sicut
3204 4886 3309 4937 illis
3340 4886 3404 4937 ad
3441 4886 3609 4939 malas

2040 4976 2507 5043 concupiscentias
2533 4978 2815 5045 propensis
2837 4977 3057 5030 minime
3082 4977 3405 5045 profuerunt
3427 4981 3611 5047 ﬁgurae

2042 5068 2459 5134 mysteriorum;
2500 5083 2597 5121 nec
2628 5070 2815 5121 omitte
2859 5069 3097 5121 divinam
3150 5068 3560 5122 derelictionem
3593 5110 3606 5128 .

2049 5158 2283 5219 ideoque
2327 5169 2477 5212 extra
2513 5160 2848 5228 pessumdati
2880 5175 2983 5213 non
3017 5160 3358 5213 intraverunt
3407 5159 3459 5210 in
3496 5168 3606 5211 ter-

2042 5266 2154 5304 ram
2190 5251 2603 5319 promissionis;
2648 5251 2718 5303 ita
2748 5259 2800 5303 et
2830 5266 2946 5314 nos,
2983 5252 3027 5304 si
3070 5252 3119 5303 in
3158 5250 3392 5318 peccatis
3430 5251 3612 5303 vivere

2045 5343 2428 5406 maluerimus,
2460 5344 2699 5396 divinum
2726 5342 3016 5409 baptisma,
3042 5342 3336 5409 divinaque
3370 5341 3499 5395 illud
3530 5356 3612 5395 se—

2046 5435 2263 5503 quentia
2292 5436 2545 5503 mystcria
2570 5434 2638 5487 ab
2668 5444 2866 5487 aeterna
2896 5434 3245 5488 damnatione
3268 5448 3374 5486 non
3397 5443 3610 5495 cruent;

2044 5526 2135 5580 sed
2170 5525 2484 5581 decidemus
2516 5541 2581 5578 ex
2624 5526 2828 5578 caelesti
2867 5526 3177 5578 hazreditate
3204 5564 3219 5588 ,
3260 5525 3613 5592 quemadmo.

2044 5617 2168 5671 dum
2226 5616 2300 5671 illi
2359 5632 2424 5672 ex
2483 5628 2623 5673 terra
2681 5618 3084 5686 promissionis,
3143 5617 3259 5671 sine
3298 5616 3609 5683 pmlliletilia
