4444 6450
1719 381 2047 439 summa
2087 380 2360 441 XXXIX.
3518 384 3620 451 sga

388 510 413 557 ὁ
463 504 582 570 Κύρ
607 518 662 562 ος
750 497 1123 568 παραγγείλας
1155 498 1263 564 γὰρ
1296 499 1407 558 τοῖς
1456 495 1725 564 μαθηταῖς
1759 494 1953 563 βαπτί-
1980 503 2031 555 Α
2058 508 2143 546 cer

1867 494 1953 547 zi-
1980 503 2031 555 Α
2058 508 2202 555 cere,
2232 492 2439 547 addidit
2467 509 2480 547 :
2518 510 2536 543 ι
2581 493 2716 546 Ecce
2750 490 3032 545 vobiscum
3068 507 3187 546 sum
3231 492 3486 547 omnibus
3513 498 3622 547 di;

387 598 502 660 ζειν
536 596 629 647 καὶ
670 593 965 655 διδάσκειν,
1003 578 1255 657 ἐπιφέρει
1281 602 1293 615 ⁸
1336 607 1354 639 ι
1391 587 1498 640 Καὶ
1546 587 1655 639 ἰδοὺ
1688 584 1795 653 ἐγὼ
1832 585 1952 653 μεθ’

388 685 545 754 ὑμῶν
600 685 717 750 εἰμι
748 680 928 741 πάσας
958 680 1057 741 τὰς
1109 681 1345 749 ἡμέρας,
1378 679 1482 738 ἕως
1511 681 1610 746 τῆς
1647 677 1953 738 συντελείας

385 775 478 827 τοῦ
519 772 734 834 αίῶνος.
776 790 796 825 ι
828 773 889 824 Οί
929 774 1025 839 μὲν
1052 766 1145 823 οὖν
1170 771 1433 838 αὐτήκοοι
1468 769 1774 837 γεγονότες,
1808 769 1952 835 ὑπηο

391 866 719 934 ρετήσαντες
758 865 823 932 τῇ
862 861 957 913 τοῦ
998 860 1132 912 Θεοῦ
1161 860 1324 928 βουλῇ
1353 859 1443 909 ἐπὶ
1474 859 1571 926 τῆς
1596 859 1789 925 γενεᾶς
1815 857 1957 909 ὲκεί-

390 970 505 1024 νης,
544 955 946 1019 ἁπανέσςησανυ
968 951 1076 1004 τῶν
1103 945 1205 1003 ὧδε
1229 965 1244 979 ⁸
1279 951 1373 1002 καὶ
1403 952 1532 1020 ἡμῖν
1562 949 1755 1002 οὐκοῦν
1807 950 1954 1000 ἐστιν

389 1050 422 1117 ή
458 1046 780 1112 ἐπαγγελία,
840 1046 951 1105 τοῖς
996 1043 1138 1095 κατὰ
1184 1045 1375 1110 γενεὰς
1420 1041 1587 1110 μέχρι
1642 1041 1953 1103 συντελείας

388 1138 483 1191 τοῦ
520 1137 716 1199 αἰῶνος
739 1137 817 1197 είς
863 1134 1025 1187 αὑτὸν
1058 1132 1402 1196 πιστεύουσι,
1434 1132 1528 1184 καὶ
1551 1132 1619 1183 δι’
1646 1131 1824 1202 ἔργων
1854 1132 1952 1200 τὴν

388 1230 571 1280 πίστιν
619 1218 1125 1293 ὲπιδειιὶνυμένοιςο
1178 1225 1251 1285 ὡς
1298 1223 1365 1276 ἂν
1409 1221 1518 1274 ἀπδ
1567 1221 1676 1274 τῶν
1717 1220 1951 1274 ἐνταῦθα

393 1318 512 1387 μεθ’
540 1318 697 1386 ἡμῶν
747 1317 837 1367 τὸν
888 1315 1091 1385 Κύριον
1121 1315 1360 1383 ἔχοντες.
1399 1314 1456 1364 ὲν
1503 1312 1651 1382 αὐτῷ
1694 1313 1790 1365 καὶ
1838 1314 1948 1367 τῶν

391 1409 673 1475 παρόντων
709 1407 803 1457 καὶ
835 1405 944 1456 τῶν
974 1402 1280 1473 μελλόντων
1315 1403 1658 1472 ὲπιτύχωμεν
1702 1402 1945 1467 ἀγαθῶν,

2052 584 2156 639 bus
2191 599 2361 652 usque
2392 588 2455 635 ad
2488 584 3019 637 consummationem
3057 583 3290 637 saeculi”
3333 584 3503 653 igitur
3532 601 3623 653 qui

2051 672 2255 726 dociles
2287 673 2488 725 fuerint
2514 682 2566 725 et
2588 672 2784 726 divina:
2816 674 3078 726 voluntati
3108 657 3485 729 servientes’in
3531 692 3622 743 ge-

2052 758 2333 819 ueratione
2368 778 2463 817 sua
2486 802 2500 827 ,
2536 763 2661 816 hinc
2710 773 3028 832 resurgent;
3062 763 3327 831 nobisque
3359 765 3496 819 facta
3527 780 3611 820 est

2051 855 2339 924 promissio
2366 856 2456 924 qui
2489 872 2514 906 a
2550 854 2829 909 nativitatc
2855 870 3021 923 usque
3047 856 3111 909 ad
3144 855 3324 909 saeculi
3354 871 3612 910 consum-

2056 949 2349 1003 mationem
2386 949 2437 1000 in
2470 962 2593 1001 eum
2628 948 3039 1012 crediderimus,
3074 956 3128 1003 et
3167 948 3422 1017 operibus
3451 948 3611 1002 iidem

2055 1037 2562 1098 monstraverimus,
2588 1045 2783 1090 utcum
2805 1037 2916 1105 jam
2942 1035 3231 1091 Dominum
3263 1036 3347 1090 his
3376 1037 3428 1090 in
3462 1037 3619 1090 terris

2060 1127 2346 1181 nobiscqu
2382 1125 2757 1190 habuerimus,
2791 1126 2845 1179 in
2886 1127 3005 1195 ipso
3056 1136 3167 1180 tum
3200 1127 3481 1197 prasentia
3510 1135 3621 1180 tum

2053 1218 2235 1272 futura
2265 1220 2404 1272 bona
2438 1232 2865 1286 consequamur,
2896 1219 2949 1271 iu
2976 1220 3201 1289 gloriam
3239 1219 3435 1286 ipsius,
3470 1228 3627 1271 aeter-

2055 1313 2221 1380 nique
2241 1313 2356 1382 ejus
2380 1312 2556 1365 Patris
2579 1322 2632 1364 et
2652 1312 2905 1365 coaeterni
2936 1313 3194 1378 Spiritus,
3229 1328 3375 1365 nunc
3398 1321 3451 1366 et
3475 1327 3621 1366 seut»

2054 1420 2151 1473 per
2179 1414 2230 1458 ct
2260 1404 2311 1456 in
2349 1403 2542 1457 saecula
2568 1404 2904 1457 saeculorum.
2934 1404 3131 1456 Amen.

389 1502 469 1561 εἰς
501 1498 659 1561 δόξαν
688 1497 874 1560 αὐτοῦ,
903 1496 1114 1549 καὶτοῦ
1142 1497 1381 1567 ἀνάρχοιυ
1410 1497 1621 1564 Πατρὸς
1643 1496 1834 1563 αὐτοῦ,
1867 1497 1961 1551 καὶ
1995 1498 2089 1551 τοῦ
2124 1497 2397 1550 συναῐδίου
2444 1496 2784 1565 Πνεύματος,
2816 1497 2909 1548 νῦν
2944 1498 3034 1549 καὶ
3064 1498 3151 1549 ἀεὶ
3198 1498 3293 1549 καὶ
3354 1498 3434 1557 είς
3499 1496 3625 1560 τοὺς

388 1592 590 1666 αἰῶνας
619 1590 727 1643 τῶν
771 1589 1004 1643 αἰώνων.
1047 1588 1239 1660 ’Δμήν.

960 1704 1203 1758 ΟΜΙΛΙΑ
1254 1703 1379 1758 ΛΘ’.

398 1821 677 1885 "Pnacium
712 1818 781 1873 ἑν
831 1816 991 1882 λιτῇ,
1044 1816 1335 1884 γενομένῃ
1369 1815 1467 1869 διὰ
1510 1816 1626 1881 τὴν
1659 1816 1812 1883 ἀήθη
1846 1818 1946 1872 καὶ

493 1889 718 1955 ἀθρόαν
745 1885 852 1940 τοῦ
893 1886 1155 1939 θανάτου
1192 1886 1525 1952 τηνικαῦτα
1573 1888 1839 1957 πληγήν.

470 2068 724 2136 Ἰωάννης
773 2068 802 2118 6
851 2066 1215 2135 ἡγαπημὲνος
1274 2066 1353 2136 τῷ
1410 2067 1628 2137 Χριστῷ
1694 2068 1952 2134 Θεολόγος

391 2162 589 2231 φησιν’
645 2180 663 2211 ι
717 2160 843 2213 Ἐἀν
892 2164 924 2230 ή
978 2161 1171 2229 καρδία
1227 2162 1385 2231 ήμῶν
1438 2164 1515 2232 μὴ
1564 2162 1950 2233 καταγινώσκῃ

390 2254 567 2323 ἡμῶν,
604 2256 921 2323 παρρησίαν
967 2253 1163 2321 ἔχομεν
1192 2255 1328 2323 πρὸς
1365 2256 1456 2307 τὸν
1484 2253 1637 2320 Θεὸν,
1675 2257 1767 2307 καὶ
1801 2255 1828 2306 ὃ
1856 2256 1950 2308 ἐὰν

392 2346 632 2413 αἰτῶμεν
671 2345 1021 2414 λαμόάνομεν
1070 2344 1199 2413 παρ’
1243 2344 1429 2409 αὑτοῦ,
1482 2346 1560 2397 ὅτι
1606 2347 1703 2408 τὰς
1735 2346 1950 2408 ἐντολὰς

391 2438 557 2488 αὐτοῦ
585 2436 886 2505 τηροῦμεν,
926 2436 1020 2487 καὶ
1051 2437 1118 2486 τὰ
1146 2437 1349 2505 ἀρεστὰ
1379 2436 1607 2489 ἐνώπιον
1637 2438 1802 2491 αὐτοῦ
1835 2456 1953 2491 ποι-

390 2529 576 2595 οῦμεν.
612 2547 630 2579 ι
681 2521 871 2595 Ἠμέίς
920 2527 974 2579 δὲ
1019 2529 1066 2579 οί
1119 2528 1579 2595 αύτοκατάκριτον
1630 2529 1841 2598 ἔχοντες
1890 2531 1950 2582 τὸ

393 2619 657 2681 συνειδὸς,
698 2620 746 2671 oi
770 2620 944 2671 ὀπίσω
977 2618 1087 2670 τῶν
1118 2619 1425 2686 ἐπιθυμιῶν
1455 2619 1611 2687 ήμῶν
1647 2621 1756 2673 τῶν
1786 2637 1951 2688 πονηο

394 2710 502 2778 ρῶν
530 2711 907 2779 πορευόμενοι,
943 2712 990 2762 οί
1027 2712 1126 2771 τὰς
1160 2710 1377 2771 ἐντολὰς
1408 2711 1499 2761 τοῦ
1523 2711 1659 2763 Θεοῦ
1693 2711 1951 2778 παρωσά-

392 2816 566 2867 μενοι,
600 2800 692 2851 καὶ
727 2799 795 2851 τά
819 2799 1082 2867 βδελυκτὰ
1109 2798 1342 2851 ἐνώπιον
1368 2799 1531 2852 αὐτοῦ
1568 2801 1945 2869 ἐργαζόμενοι,

390 2892 436 2941 οἱ
501 2888 788 2959 μεθύοντες
840 2889 962 2943 καθ’
996 2892 1228 2959 ἡμέραν,
1279 2892 1371 2944 καὶ
1422 2891 1844 2961 διημερεύοντες
1889 2894 1948 2945 ὲν

387 2982 537 3050 οἴνῳ,
586 2983 681 3033 καὶ
731 2983 1204 3044 κατασκοποῦντες
1253 2982 1357 3035 ποῦ
1408 2982 1569 3045 πότος
1622 2984 1865 3050 γίνεται·
1898 2986 1947 3036 οἱ

387 3073 892 3141 διανυκτερεύοντες
944 3074 1005 3124 ἐν
1052 3073 1368 3145 ἀκαθαρσίᾳ
1421 3074 1599 3144 ψυχῆς
1640 3077 1801 3145 217
1852 3077 1948 3129 καὶ

391 3164 677 3231 σώματος·
730 3166 781 3215 oi
838 3164 1026 3233 ἀδικίᾳ
1072 3166 1166 3218 καὶ
1211 3166 1488 3236 πλεονεξίᾳ
1543 3167 1813 3230 συζῶντες
1842 3184 1855 3198 ο
1896 3170 1945 3220 οί

388 3253 617 3313 κλοπαῖς
661 3256 754 3303 καὶ
818 3253 1092 3320 ἁρπαγαῖς
1151 3234 1474 3322 χαίροντες(
1506 3256 1556 3307 οί
1610 3254 1803 3322 φθόνον
1850 3256 1944 3309 καὶ
1972 3234 2013 3289 C

388 3346 545 3411 μῖσος
576 3343 698 3394 κατ’
728 3342 976 3410 ἀλλήλων
1006 3342 1220 3411 ἔχοντες
1244 3360 1255 3373 '
1289 3345 1337 3395 οί
1386 3344 1749 3414 λοιδοροῦντες
1782 3347 1945 3416 ἀλλή-

386 3432 508 3493 λους
535 3449 548 3461 ·
585 3432 634 3482 οί
676 3429 1102 3492 καταλαλοῦντες
1134 3431 1381 3501 ἀλλήλων
1403 3447 1416 3461 ·
1450 3433 1499 3484 οί
1534 3435 1714 3487 πᾶσαν
1743 3434 1944 3505 ἀρετὴν

388 3523 480 3572 καὶ
512 3520 761 3572 παιδείαν
795 3521 1144 3588 μισήσαντες,
1175 3521 1427 3588 καὶπρὸς
1465 3523 1572 3574 πᾶν
1598 3520 1738 3586 εῐδος
1765 3525 1946 3593 ἁμαρ-

385 3615 506 3673 τίας
537 3612 762 3672 ἑαυτοὺς
792 3614 1206 3681 εἰσωθήσαντες,
1237 3613 1353 3675 πῶς
1381 3615 1597 3683 σχῶμεν
1631 3617 1944 3686 παρρησίαν

385 3702 473 3753 διὰ
512 3702 819 3770 προσευχῆς
872 3704 963 3752 καὶ
990 3701 1307 3769 ψαλμῳδίας
1338 3704 1667 3772 αἰτήσασθαί
1700 3724 1751 3758 τι
1793 3698 1944 3774 παρὰ

386 3789 557 3851 Θεοῦς
593 3790 758 3842 Πόθεν
785 3790 840 3841 δὲ
874 3791 1315 3859 προσδοκήσομεν
1342 3793 1607 3861 λήψεσθαι
1636 3794 1783 3862 παρά
1810 3795 1940 3847 Θεοῦ

385 3882 453 3929 τὰ
492 3880 788 3948 αἰτήματα,
823 3880 868 3928 oi
906 3878 973 3929 τὰ
1003 3879 1092 3928 τοῦ
1119 3879 1251 3929 Θεοῦ
1280 3881 1598 3944 ἀθετοῦντες
1629 3883 1941 3952 θελήματα;

393 3988 411 4017 ς
447 3965 535 4036 Τῷ
563 3970 670 4037 γὰρ
698 3968 1027 4037 ἁμαρτωλῷ,
1076 3970 1218 4022 κατὰ
1250 3972 1339 4022 τὸν
1365 3971 1688 4041 Ψαλμῳίὸν,
1742 3972 1893 4030 εἶπεν
1916 3980 1943 4031 6

384 4057 515 4117 Θεός
539 4072 553 4087 ο
587 4057 700 4108 Ἰνα
737 4058 789 4107 τί
825 4058 888 4107 σὺ
928 4058 1150 4127 ἐκδιηγῇ
1182 4058 1251 4109 τὰ
1282 4059 1631 4129 δικαιώματά
1672 4082 1798 4132 μου,
1823 4115 1826 4118 .
1848 4068 1942 4121 καὶ

385 4144 789 4212 ἁναλαμῦἀνεις
823 4147 919 4216 τὴν
943 4147 1214 4217 διαθήκην
1247 4166 1351 4217 μου
1381 4150 1466 4204 διὰ
1515 4154 1778 4222 στόματός
1808 4174 1901 4210 σου
1927 4176 1943 4223 ;

386 4238 450 4289 σὺ
485 4238 540 4288 δὲ
570 4236 833 4306 ἐμίσησας
869 4238 1134 4303 παιδείαν,
1183 4243 1276 4292 καὶ
1304 4242 1555 4306 ἐξέϐαλες
1586 4248 1709 4309 τοὺς
1743 4248 1937 4314 λόγους

389 4344 491 4396 μου
529 4330 607 4389 εἰς
639 4328 707 4378 τὰ
744 4328 937 4383 ὀπίσω.
970 4328 1031 4381 Et
1080 4331 1338 4401 ἐθεώρεις
1378 4334 1640 4405 κλέπτην,
1689 4340 1944 4408 συνέτρε-

384 4434 479 4486 χες
510 4417 680 4485 αὐτῷ,
721 4421 818 4471 καὶ
859 4421 997 4488 μετά
1026 4423 1217 4491 μοιχοῦ
1245 4423 1341 4492 τὴν
1368 4426 1562 4493 μερίδα
1603 4442 1694 4482 σου
1724 4431 1941 4494 ἐτίθεις.

383 4509 456 4560 Τὸ
485 4508 655 4575 στόμα
694 4525 789 4560 σου
823 4511 1115 4565 ἐπλεόνασε
1141 4517 1359 4578 κακίαν,
1399 4517 1494 4570 καὶ
1527 4520 1559 4588 ή
1596 4520 1812 4586 γλῶσσά
1843 4539 1936 4574 σου

383 4598 711 4665 περιέπλεκε
740 4597 1070 4672 δολιότητας.
1114 4602 1437 4672 Καθήμενος
1478 4609 1618 4660 κατὰ
1644 4609 1739 4662 τοῦ
1773 4613 1943 4664 ἀδελ-

382 4687 484 4753 φοῦ
531 4704 622 4739 σου
655 4669 991 4753 κατελάλίεις,
1025 4691 1119 4742 καὶ
1148 4669 1289 4744 κατά
1329 4696 1424 4747 τοῦ
1458 4698 1576 4751 υίοῦ
1607 4702 1703 4769 τῆς
1734 4704 1940 4772 μητρός

383 4791 478 4826 σου
508 4776 703 4836 ἐτίθεις
735 4776 1046 4832 σκάνδαλον.
1096 4781 1334 4848 Ἐλόγξω
1370 4803 1429 4837 σε
1461 4789 1555 4839 καὶ
1600 4794 1941 4862 παραστήσω

381 4868 522 4918 κατὰ
569 4869 857 4935 πρόσωπόν
909 4886 1001 4921 σου
1054 4872 1150 4933 τὰς
1194 4875 1426 4942 ἀνομίας
1474 4897 1590 4931 σου.
1650 4882 1844 4934 Σύνετε
1877 4885 1940 4951 δὴ

381 4956 573 5020 ταῦτα,
589 4958 1139 5030 οίηὲπιλανθανόμενοι
1164 4964 1254 5015 τοῦ
1274 4965 1432 5031 Θεοῦ,
1462 4974 1671 5039 μήποτε
1695 4973 1938 5045 ἁρπάσῃ,

381 5048 473 5098 καὶ
497 5048 556 5098 ού
590 5047 665 5117 μὴ
703 5043 736 5121 ᾗ
769 5049 797 5100 6
825 5049 1087 5118 ῥυόμενος
1109 5068 1125 5083 ο
1165 5071 1183 5104 ι
1218 5054 1406 5127 ὥσπερ
1445 5060 1538 5113 νῦν
1564 5064 1721 5130 ἡμεῖς
1757 5043 1937 5131 apud;

379 5135 607 5204 ζόμεθα,
655 5139 747 5190 καὶ
794 5139 894 5190 οὐκ
946 5139 1095 5193 ἐστιν
1151 5146 1180 5195 ὀ
1232 5147 1512 5215 ῥυόμενος,
1565 5153 1663 5204 οὑκ
1714 5153 1859 5207 ἔστιν
1912 5156 1940 5206 6

380 5226 610 5296 βοηθῶν.
673 5228 813 5281 Ἀλλ’
850 5231 948 5301 οὐχ
1010 5232 1242 5296 ἕκαστος
1297 5237 1450 5305 ἡμῶν
1504 5240 1617 5307 ἔχει
1662 5245 1835 5298 πάντα
1873 5247 1941 5297 τὰ

378 5318 945 5386 προκατηριθμημένα
990 5321 1089 5393 τῆς
1143 5323 1416 5393 ἁμαρτίας
1456 5329 1607 5397 είίἷη⁹
1652 5331 1767 5383 ἀλλ’
1814 5333 1942 5385 ἕκα-

378 5422 502 5468 στος
529 5409 685 5475 ήμῶν
721 5410 791 5460 δι’
815 5412 931 5472 ἐνὸς
955 5412 1180 5479 τούτων,
1208 5416 1241 5485 ἢ
1286 5421 1381 5470 καὶ
1412 5421 1696 5489 πλειόνων,
1740 5427 1939 5491 πάντες

377 5496 751 5568 ἑξεκλίναμεν,
778 5501 895 5571 ἅμα
924 5504 1306 5575 ήχρειώθημεν
1327 5526 1352 5545 ~
1386 5511 1561 5563 καίτοι
1608 5516 1697 5565 καὶ
1731 5518 1935 5571 τούτων

374 5586 605 5641 ἕκαστον
642 5591 824 5644 ἱκανὸν
853 5594 1181 5648 ἀπώσασθαι
1232 5600 1321 5649 τὶν
1350 5600 1494 5653 ἔλεον
1528 5603 1618 5654 τοῦ
1652 5605 1809 5673 Θεοῦ,
1843 5611 1931 5661 καὶ

446 5744 466 5774 ⁸
500 5743 512 5794 Ι
542 5742 699 5797 ιίιιοιι.
744 5764 817 5807 ιιι.
852 5750 938 5800 cll.
1019 5752 1038 5781 θ
1076 5752 1211 5805 Psnl
1256 5772 1389 5807 nizr
1440 5759 1498 5804 ill
1528 5776 1650 5815 sum:

2550 1694 2835 1754 HOMILIA
2890 1694 3133 1748 XXXIX.

2052 1819 2211 1872 Dicta
2245 1821 2298 1872 in
2338 1818 2717 1887 supplicatione
2741 1815 2951 1882 publica
2983 1829 3099 1877 qua:
3128 1812 3271 1879 facta
3306 1820 3381 1862 est
3411 1817 3625 1887 propter

2125 1878 2476 1943 insolitam'et
2509 1888 2699 1953 ubique
2731 1878 2853 1937 tunc
2896 1892 3227 1952 grassantem
3274 1880 3457 1932 mortis
3499 1878 3623 1948 pla-

2121 1975 2264 2027 gam.

2120 2071 2361 2125 Joannes
2406 2067 2637 2121 dilectus
2683 2064 2902 2118 Christo
2945 2063 3229 2133 theologus
3278 2061 3461 2115 dixit:
3502 2078 3523 2111 ι
3564 2061 3619 2112 Si

2052 2179 2144 2217 cor
2176 2170 2420 2215 nostrum
2452 2174 2558 2212 non
2611 2156 3021 2226 reprehenderit
3072 2170 3193 2216 nos.
3234 2154 3488 2207 ﬁduciam
3524 2152 3623 2206 ha-

2055 2256 2245 2307 bemus
2274 2254 2340 2305 ad
2384 2251 2575 2309 Deum,
2605 2258 2660 2301 et
2702 2247 2966 2315 quidquid
3003 2246 3337 2314 petierimus,
3382 2244 3619 2311 accipin~

2054 2360 2176 2398 mus
2210 2345 2279 2397 ab
2307 2357 2406 2406 eo;
2440 2339 2696 2409 quoniam
2742 2339 2994 2392 manda-ta
3028 2338 3145 2405 ejus
3175 2338 3530 2395 custodimus.
3568 2345 3618 2385 et

2051 2451 2115 2490 ea
2161 2450 2279 2502 quae
2334 2442 2465 2484 sunt
2513 2433 2713 2499 placita
2754 2444 2937 2482 coram
2987 2444 3052 2481 eo
3101 2429 3331 2484 iacimus
3369 2429 3411 2481 '.
3450 2447 3468 2479 ι
3512 2427 3621 2479 Nos

2059 2536 2235 2578 autem
2271 2524 2365 2593 qui
2403 2540 2431 2576 a
2468 2535 2650 2577 nostra
2688 2520 2969 2587 arguimur
2993 2519 3351 2581 conscientia,
3376 2519 3467 2587 qui
3501 2529 3622 2586 post.

2050 2615 2523 2683 concupiscentias
2556 2624 2773 2667 nostras
2809 2611 2980 2663 malas
3012 2608 3300 2673 altivimus,
3330 2611 3423 2679 qui
3461 2625 3619 2662 man-

2051 2709 2176 2761 data
2204 2707 2295 2761 Dei
2337 2706 2646 2775 rejeeimus,
2686 2712 2738 2756 et
2775 2703 2951 2771 turpia
2987 2704 3199 2770 egimus
3240 2702 3292 2755 in
3325 2714 3617 2771 conspectu

2052 2799 2224 2862 illius,
2253 2799 2346 2867 qui
2388 2814 2482 2867 per
2518 2796 2760 2865 singulos
2794 2798 2905 2850 dies
2942 2796 3295 2855 inebriamur.
3326 2804 3379 2847 et
3413 2795 3463 2847 in
3494 2796 3620 2847 vino

2054 2900 2218 2945 totam
2245 2891 2386 2945 diem
2423 2889 2795 2957 transigimus,
2828 2887 3239 2940 considerantes
3268 2886 3412 2939 unde
3438 2887 3621 2939 veniat

2052 2994 2252 3054 potus:
2292 3001 2381 3053 qut
2418 2995 2631 3037 noctem
2685 2983 2896 3051 agimus
2932 2980 2987 3032 in
3038 2979 3382 3033 immunditia
3425 2979 3621 3032 animae

2053 3088 2106 3131 et
2140 3077 2422 3146 corporis;
2450 3075 2543 3145 qui
2568 3073 2839 3141 iniquitati
2871 3079 2925 3124 et
2953 3071 3194 3124 avaritia:
3226 3073 3616 3126 assuescimus.

2052 3171 2142 3239 qui
2192 3170 2350 3222 furtis
2390 3176 2443 3221 et
2491 3166 2699 3235 rapinis
2749 3164 3083 3233 gaudemus;
3135 3162 3226 3231 qui
3266 3163 3523 3217 invidiam
3567 3175 3617 3215 tt

2048 3262 2233 3314 odium
2263 3262 2328 3311 ad
2365 3259 2592 3312 invicem
2621 3257 2882 3309 habemus
2907 3270 2921 3318 ;
2957 3255 3049 3322 qui
3078 3268 3178 3307 nos
3204 3254 3409 3307 mutuis
3449 3254 3617 3306 laces-

2048 3355 2221 3408 simus
2252 3351 2586 3421 opprobriis,
2618 3349 2711 3417 qui
2754 3348 2914 3400 nobis
2949 3346 3177 3399 invicem
3220 3346 3613 3399 maledicimus.

2048 3448 2141 3513 qui
2177 3458 2392 3498 omnem
2428 3443 2681 3495 virtutem
2713 3447 2765 3491 et
2799 3437 3145 3502 disciplinam
3174 3437 3407 3497 odimus;
3437 3435 3526 3504 qui
3563 3436 3614 3488 in

2047 3549 2264 3588 omnem
2308 3531 2539 3585 formam
2577 3529 2779 3598 peccati
2804 3529 3032 3590 ruimus,
3061 3528 3332 3595 quomodo
3360 3527 3612 3579 ﬁduciam

2055 3626 2378 3680 habebimus
2427 3638 2523 3691 per
2548 3622 2848 3675 orationem
2882 3627 2936 3673 et
2976 3619 3329 3687 psalmodiam
3366 3620 3546 3671 omnia
3585 3634 3611 3668 ιι

2048 3716 2156 3768 Deo
2198 3711 2602 3781 consequendi?
2650 3711 2805 3765 Unde
2850 3709 3191 3777 sperabimus
3238 3724 3267 3762 a
3315 3708 3421 3762 Deo
3470 3709 3611 3761 obti-

2048 3818 2174 3855 nere
2204 3812 2546 3869 quaacunque
2587 3797 2926 3866 petierimus,
2971 3798 3065 3864 qui
3110 3799 3362 3854 mandata
3401 3797 3490 3849 Dei
3525 3812 3610 3849 rc-

2042 3892 2315 3963 jr-cimus?
2357 3890 2637 3945 Peecatori
2690 3889 2857 3949 enim.
2898 3889 3191 3943 secundum
3240 3887 3607 3953 Psalmistam,

2049 3984 2187 4037 dixit
2243 3982 2384 4037 Deus
2427 4000 2440 4035 :
2485 3981 2664 4047 Quare
2703 3990 2758 4033 tu
2794 3995 3017 4034 enarras
3058 3979 3297 4047 justitias
3343 3993 3511 4037 meas.
3558 3988 3612 4031 ct

2048 4071 2283 4125 assumis
2331 4078 2711 4124 testamentum
2741 4083 2917 4121 memn
2944 4082 3039 4136 per
3062 4083 3123 4125 os
3155 4075 3305 4121 tuum
3325 4068 3348 4117 ‘I
3371 4065 3448 4118 Tu
3482 4082 3611 4121 vero

2048 4146 2223 4213 odisti
2238 4159 2602 4228 disciplinam,
2636 4169 2689 4212 et
2720 4158 3001 4228 projecisti
3040 4173 3323 4215 sermones
3345 4174 3496 4211 meos
3524 4174 3610 4212 rc-

2049 4260 2307 4303 trursum.
2349 4250 2403 4303 Si
2441 4250 2665 4304 videbas
2696 4250 2872 4302 furem
2901 4288 2915 4309 ,
2956 4250 3216 4303 currebas
3244 4264 3365 4302 cum
3410 4265 3476 4302 eo
3508 4267 3520 4312 ;
3559 4262 3609 4302 rt

2047 4352 2170 4392 cum
2224 4337 2486 4391 adulteris
2537 4338 2836 4405 portionem
2873 4346 3018 4389 tuam
3054 4337 3314 4404 ponebas.
3350 4334 3422 4390 Os
3454 4346 3604 4390 tuutn

2048 4426 2344 4479 abundavit
2367 4426 2593 4488 malitia,
2624 4437 2677 4479 et
2706 4427 2883 4493 lingua
2916 4435 3005 4479 tua
3036 4427 3395 4482 concinnabat
3424 4426 3607 4481 dolos.

2048 4516 2258 4572 Sedens
2290 4517 2553 4569 adversus
2591 4517 2813 4569 fratrem
2858 4517 3011 4569 tuuni
3063 4518 3393 4587 loquebaris.
3428 4531 3480 4573 et
3512 4524 3612 4573 ad-

2042 4621 2231 4661 versus
2271 4607 2438 4659 lilium
2477 4607 2669 4660 matris
2703 4617 2808 4659 tuae
2851 4610 3091 4674 ponebas
3121 4608 3463 4665 scandalum.
3510 4614 3608 4663 Ar-

2042 4716 2199 4767 guam
2224 4709 2297 4761 te,
2324 4709 2377 4753 et
2402 4708 2633 4752 statuant
2674 4711 2862 4753 contra
2895 4700 3082 4753 faciem
3110 4711 3256 4754 tuam
3290 4703 3603 4769 iniquitates

2040 4801 2184 4847 tuas.
2208 4791 2491 4860 lntelligite
2514 4792 2646 4855 haec,
2676 4805 2865 4845 omnes
2891 4793 2979 4860 qui
3003 4792 3380 4848 obliviscitniui
3410 4794 3600 4858 Deum,

2040 4899 2109 4936 ne
2146 4885 2363 4951 quando
2396 4884 2569 4951 rapiat
2615 4892 2669 4935 et
2720 4898 2822 4936 non
2858 4886 2928 4936 sit
2963 4885 3051 4951 qui
3086 4885 3275 4953 eripiat
3310 4886 3352 4947 ’,
3403 4905 3421 4937 ›
3464 4887 3605 4939 sicut

2044 4988 2192 5027 nunc
2224 4972 2541 5040 nosmetipsi
2580 4972 2845 5040 rapimur,
2880 4981 2933 5025 et
2972 4987 3131 5025 nemo
3154 4983 3233 5028 est
3263 4973 3355 5041 qui
3383 4975 3599 5041 eripiat,

2044 5078 2150 5116 non
2190 5073 2273 5118 est
2316 5062 2623 5116 auxiliator.
2670 5061 2933 5131 Equidem
2966 5078 3073 5115 non
3105 5064 3368 5119 habemus
3398 5064 3599 5130 singuli

2046 5156 2326 5208 universas
2370 5168 2529 5221 supra
2592 5163 2937 5207 enumeratas
2982 5164 3320 5222 peccatorum
3367 5156 3595 5223 species.

2044 5248 2136 5301 sed
2171 5261 2361 5300 omnes
2390 5260 2481 5313 per
2513 5261 2673 5298 unam
2710 5245 2788 5299 vel
2819 5247 2980 5299 etiam
3020 5247 3199 5314 plures
3228 5263 3289 5299 ex
3327 5251 3404 5305 eis
3433 5249 3602 5299 dedi-

2044 5339 2295 5391 navimus
2324 5347 2375 5390 et
2427 5334 2555 5389 facti
2590 5352 2778 5391 sumus
2830 5336 3083 5401 inutiles;
3145 5352 3304 5405 porro
3349 5337 3601 5403 qualibet

2042 5432 2252 5497 species
2295 5438 2414 5483 nata
2466 5439 2548 5483 est
2602 5444 2851 5482 amovere
2906 5428 3329 5481 miscricordiam
3381 5428 3501 5493 Dei,
3548 5440 3601 5482 et

2040 5518 2155 5587 ejus
2201 5519 2332 5572 iram
2386 5519 2663 5573 inducere.
2700 5517 2840 5583 Quid
2893 5518 3162 5571 Israel-tas
3194 5520 3318 5571 iecit
3354 5520 3601 5583 indignos

2040 5611 2238 5664 tabulis
2274 5625 2301 5662 a
2334 5611 2439 5665 Deo
2481 5610 2749 5665 conditis?
2774 5624 2955 5664 nonne
2977 5610 3251 5663 cbriclas?
3288 5610 3599 5664 Ascendem
