4444 6450
880 400 978 466 487

2152 408 2526 464 ϋίὶΕϋυΗίι
2571 409 2888 465 PALAME

3992 421 4095 483 L88

883 513 1022 560 «nim
1065 508 1272 577 Moyses
1319 511 1367 558 in
1415 517 1652 560 montem
1689 509 2047 576 quadraginta
2083 511 2290 563 dierum
2327 514 2437 576 egit
2470 528 2508 574 Α
2544 515 2634 564 ἐπι

2340 514 2437 576 agit
2470 528 2508 574 Α
2544 515 2953 568 ἐπισπάσατθαι
2985 518 3081 583 τὴν
3112 519 3300 588 ὀργήν.
3331 523 3396 574 Τί
3437 524 3558 583 τοῦς
3597 525 3935 595 Ίςραηὶίτας
3963 535 4095 585 ἀνι.

878 602 1162 669 jejunium,
1188 609 1239 649 rt
1267 613 1387 650 cum
1441 598 1548 650 Deo
1585 615 1680 665 pro
1707 616 1898 667 genere
1929 613 2279 656 com-"salus
2309 615 2384 655 ες,
2416 622 2430 667 ς

879 697 1017 742 unde
1053 704 1156 741 non
1188 688 1545 747 manufactas,
1577 691 1668 742 sed
1704 692 1873 758 digito
1909 694 1995 745 Dei
2029 693 2257 758 scriptas
2281 708 2435 746 acce-

875 781 950 845 pit
1008 778 1240 836 tabulas,
1304 785 1356 828 et
1424 778 1786 830 descendebat
1841 792 2061 845 portans
2121 781 2321 832 domnn
2366 781 2432 833 ad

876 869 1167 920 Israt-litas.
1202 867 1303 918 Sed
1348 882 1468 918 cum
1507 871 1694 932 procul
1748 872 2070 937 percepisset
2102 887 2164 922 ex
2199 872 2431 923 tumultu

871 974 922 1012 et
967 958 1218 1012 obscenis
1246 959 1574 1011 clamoribus
1615 977 1704 1013 eos
1737 962 2012 1023 inebriari,
2060 961 2291 1014 dicens:
2332 962 2434 1014 Vo-

870 1067 984 1103 cem
1026 1050 1300 1101 ebriorum
1335 1051 1514 1111 audio,
1545 1051 1660 1102 illos
1690 1050 1942 1116 judicans
1985 1050 2202 1120 indigne
2233 1053 2432 1105 tabulis

871 1159 1034 1210 opere
1064 1143 1151 1193 Dei
1180 1140 1338 1192 factis
1371 1150 1418 1192 et
1449 1142 1684 1208 scriptis,
1720 1143 1814 1194 has
1849 1142 2148 1211 confregit;
2185 1154 2310 1195 tunc
2339 1145 2434 1194 ad.

873 1252 1061 1288 versus
1103 1252 1193 1290 eos
1227 1241 1388 1290 armis
1417 1239 1637 1290 instruit
1664 1238 1810 1291 viros
1846 1253 2075 1306 Quorum
2119 1253 2269 1289 mens
2310 1238 2433 1288 vino

875 1343 979 1380 non
1014 1331 1224 1381 turbata
1258 1329 1450 1393 fuerat,
1480 1331 1570 1396 qui
1608 1331 1768 1382 etiam
1807 1333 1967 1382 deum
2013 1331 2288 1382 ebriorum
2324 1343 2432 1380 non

871 1420 1256 1480 conﬂaverant,
1287 1431 1340 1473 et
1380 1423 1571 1472 borum
1605 1436 1704 1488 ope
1741 1421 1891 1488 plura
1928 1421 2124 1473 ocridit
2153 1420 2341 1480 millia,
2382 1429 2433 1472 et

871 1513 946 1563 sic
992 1512 1218 1577 placavit
1266 1511 1432 1563 Deum
1467 1511 1792 1563 sobriorum.
1825 1509 1886 1562 Et
1924 1526 2111 1564 rursus
2136 1512 2434 1564 ascendens

871 1604 1004 1654 alias
1036 1604 1222 1655 detulit
1257 1603 1490 1664 tabulas,
1522 1602 1768 1654 similiter
1793 1601 2006 1666 quidem
2035 1602 2287 1668 scriptas,
2325 1615 2432 1652 non

871 1706 1048 1746 autem
1094 1696 1326 1757 similes;
1366 1710 1486 1746 nam
1529 1709 1590 1746 ex
1651 1691 1895 1746 inferiori
1949 1695 2175 1744 materia
2214 1702 2432 1744 consta-

873 1789 1020 1839 Itattt.

2542 607 2684 668 ξίους
2711 609 2932 676 ἐποίησε
2957 611 3064 660 τῶν
3098 612 3410 682 θεοδμήτων
3443 615 3666 668 πλακῶν
3691 637 3702 679 ;
3739 621 3835 689 οὐχ
3861 624 3891 690 ἡ
3921 625 4056 694 μέθη
4081 646 4093 688 ;

2553 699 2779 758 Ἀναϐὰς
2808 705 2912 769 γάρ
2942 700 2967 751 6
2991 703 3227 767 Μωῦσῆς
3256 707 3332 765 εἰς
3365 706 3421 756 τὸ
3443 707 3565 771 ὅρος
3590 717 4094 782 τεσσαρακονθήμε-

2543 802 2633 852 ρον
2677 781 2777 853 ἦγε
2820 791 3098 855 νηστείαν,
3137 794 3230 842 καὶ
3284 794 3360 861 τῷ
3409 794 3528 862 Θεῷ
3571 798 3707 864 ὑπὲρ
3764 800 3854 852 τοῦ
3910 806 4095 866 γένους

2539 876 2730 942 (bima
2760 894 2773 906 ’
2823 880 2942 929 ὄθεν
2984 883 3074 931 καὶ
3121 883 3570 953 ἀχειροποιήτους
3617 890 3827 952 πῖᾇκας
3880 894 4096 958 ἐδέξατο

2537 963 2782 1031 δακτύλῳ
2824 966 2957 1018 Θεοῦ
2991 975 3403 1038 γεγραμμένας,
3436 978 3527 1026 καὶ
3563 979 3868 1045 κατήρχετο
3916 986 4094 1048 φέρων

2536 1053 2636 1120 τὴν
2669 1055 2874 1116 δωρεὰν
2925 1061 3037 1119 τοῖς
3093 1061 3477 1129 Ἰσραηλίταιςο
3545 1068 3612 1127 Ως
3649 1068 3704 1118 δὲ
3744 1070 3833 1120 *1"-
3877 1072 4093 1140 πέρῤαν

2539 1143 2629 1194 θεν
2672 1145 2866 1211 ᾔσθετο
2917 1148 3224 1212 μεθυόντων
3277 1154 3382 1204 ἀπὸ
3432 1153 3524 1205 τοῦ
3581 1155 3810 1223 θορύϐου
3847 1161 3940 1210 καὶ
3989 1161 4092 1228 τῆς

2536 1237 2773 1302 ἀσέμνου
2806 1241 3076 1307 κραυγῆς,
3126 1261 3143 1292 ι
3183 1245 3391 1312 Φωνῆς,
3425 1249 3614 1310 εἰπὼν,
3653 1251 3955 1315 μεθυόντων
3983 1253 4093 1318 ἐγὼ

2537 1325 2740 1388 ἀκούω,
2783 1345 2800 1376 ι
2847 1330 3096 1392 ἀναξίους
3142 1333 3336 1394 αῷτοὺς
3378 1336 3569 1399 κρίνας
3617 1337 3724 1387 τῶν
3760 1338 4090 1406 αὐτοχείρως

2536 1415 2612 1482 τῷ
2643 1417 2758 1483 Θεῷ
2801 1418 2890 1468 καὶ
2933 1421 3314 1486 γεγενημένων
3349 1424 3441 1473 καὶ
3495 1431 3911 1492 γεγραμμένων,
3964 1444 4089 1478 συν-

2536 1508 2706 1575 τρίϐει
2741 1511 2839 1574 μὲν
2871 1510 2965 1569 τὰς
3000 1511 3208 1569 πλάκας
3244 1514 3480 1579 ἐκείνας,
3514 1516 3723 1578 ὁπλίζει
3751 1518 3807 1568 δὲ
3848 1517 3962 1568 κατ’
3991 1519 4089 1569 αὖ·

2535 1599 2644 1647 τῶν
2671 1599 2793 1657 τοὺς
2832 1598 2906 1665 μὴ
2942 1599 3075 1666 μέθῃ
3107 1602 3202 1659 τάς
3231 1605 3434 1668 φρένας
3472 1605 3924 1670 σεσαλευμένους,
3956 1606 4089 1673 μηδὲ

2541 1689 2845 1756 μεθυόντων
2887 1691 3005 1740 θεὸν
3044 1692 3481 1757 ἀναπλάααντας,
3531 1697 3624 1748 καὶ
3673 1697 3872 1747 κτείνει
3899 1697 3964 1748 δι’
3995 1696 4089 1746 αὖ·

2536 1781 2642 1833 τῶν
2673 1782 2870 1842 πολλὰς
2905 1781 3170 1850 χιλιάδας,
3201 1786 3291 1834 καὶ
3318 1785 3487 1847 οὕτως
3522 1785 3850 1854 ἐξευμενίζει
3874 1788 3963 1839 τὸν
3987 1786 4089 1838 τῶν

870 1880 1147 1946 νηφόντων
1185 1847 1335 1928 Θεόν.
1409 1878 1516 1928 Καὶ
1552 1877 1714 1928 πάλιν
1773 1876 1966 1944 ἐτέρας
2027 1876 2229 1939 ἀναϐὰς
2280 1873 2580 1942 καταφέρει
2630 1873 2865 1936 πλάκας,
2906 1847 3310 1943 γεγραμμένας
3360 1877 3457 1943 μὲν
3504 1847 3726 1944 ὁμοίως,
3777 1847 3960 1932 οὐκέτι
4033 1878 4090 1931 δὲ

869 1971 1092 2037 ὁμοίας·
1126 1971 1187 2019 ἐκ
1221 1968 1326 2035 γὰρ
1364 1967 1461 2032 τῆς
1500 1965 1734 2017 κάτωθεν
1765 1962 1904 2032 ἦσαν
1941 1967 2091 2032 ὓλης.

944 2060 1128 2110 \‘iden‘
1149 2057 1421 2124 quomodo
1453 2055 1574 2106 inde
1601 2056 1667 2106 ab
1690 2057 1908 2120 antiquo
1934 2066 2174 2120 tempore
2193 2053 2430 2105 ebrietas
2464 2057 2505 2114 Β

870 2148 1158 2200 exhibetur
1209 2143 1459 2197 letifera?
1513 2153 1712 2209 quanta
1759 2143 2109 2194 damnatione
2145 2145 2328 2210 digna.
2379 2151 2430 2193 et

867 2236 1143 2303 quomodo
1174 2235 1220 2287 ri
1254 2234 1464 2287 deditos
1497 2233 1619 2287 fecit
1643 2235 1889 2302 indignos
1923 2235 2078 2285 donis
2115 2234 2204 2285 Dei
2240 2245 2291 2286 et
2324 2236 2428 2284 vita

873 2326 1168 2394 praesenti?
1203 2325 1449 2379 Ebrietas
1502 2329 1708 2378 daunou
1753 2335 1832 2378 est
1871 2327 2196 2392 corporalis,
2225 2328 2430 2392 cogita-

871 2419 1078 2468 tionum
1139 2416 1460 2478 subversio,
1524 2417 1771 2482 corporis
1833 2418 2070 2479 solutio,
2123 2418 2229 2467 vita
2282 2417 2432 2484 pejor

872 2521 1068 2569 morte,
1131 2507 1220 2560 Dei
1264 2506 1567 2558 avorsionis
1618 2522 1800 2558 causa.
1856 2506 2025 2572 Majus
2077 2509 2301 2575 insuper
2351 2515 2432 2560 est

877 2601 1075 2651 malum
1113 2597 1372 2665 qu0niam
1406 2614 1504 2650 nos
1546 2607 1693 2649 arcet
1727 2614 1755 2648 a
1787 2599 1894 2648 vita
1937 2613 1964 2648 a
1996 2595 2102 2649 Deo
2139 2599 2430 2665 proluissa.

885 2711 901 2740 ι
949 2689 1182 2751 Ebriosi,
1213 2691 1288 2740 ait
1325 2689 1637 2754 Apostolus,
1692 2704 1914 2755 regnum
1957 2687 2044 2740 Dei
2096 2704 2201 2741 non
2255 2689 2432 2757 possi-

877 2781 1081 2834 debunt
1110 2780 1171 2830 '°.
1206 2799 1222 2829 ι
1275 2778 1412 2842 Quid
1452 2789 1632 2831 autem
1676 2778 2006 2832 fornicatio‘?
2044 2779 2306 2848 Egressus
2353 2788 2436 2832 est

880 2871 970 2922 Dei
1015 2871 1244 2937 populus
1293 2885 1356 2920 et
1395 2867 1626 2937 Egypto
1680 2870 1901 2920 omnino
1951 2871 2069 2922 sine
2126 2873 2327 2933 armis;
2384 2881 2433 2923 et

880 2978 1214 3017 armatorum
1252 2962 1549 3015 multitudo
1589 2963 1737 3015 illum
1774 2965 2222 3031 persequebatur.
2270 2963 2434 3031 Igitur

877 3071 999 3108 cum
1057 3055 1119 3107 ad
1174 3070 1318 3107 mare
1372 3056 1717 3107 advenissent
1751 3055 1803 3107 hi
1851 3056 2134 3124 fugientes,
2195 3057 2268 3108 illi
2316 3073 2436 3125 per-

880 3155 1204 3212 sequentes,
1266 3146 1502 3212 potentia
1561 3153 1613 3196 et
1664 3145 1937 3197 voluntate
1996 3145 2122 3207 Dei,
2179 3148 2325 3214 virga
2387 3157 2439 3200 et

879 3251 1041 3288 manu
1080 3234 1300 3301 Moysis,
1335 3235 1573 3300 utrisque
1627 3251 1773 3288 mare
1806 3252 1863 3290 se
1908 3238 2109 3299 divisit,
2157 3239 2275 3292 aliis
2315 3238 2438 3306 qni-

877 3327 998 3379 dem
1034 3328 1262 3379 scissum
1301 3327 1354 3377 in
1411 3326 1585 3377 medio
1635 3337 1778 3391 patri.
1809 3339 1858 3380 et
1895 3337 2066 3380 totum
2109 3329 2200 3380 dat
2239 3330 2436 3381 transi-

2615 2050 2756 2102 Ἀλλ’
2803 2051 2963 2117 ὁρᾶτε
3017 2050 3162 2112 ὅπως
3210 2051 3270 2100 ἐκ
3326 2050 3559 2102 παλαιοῦ
3627 2052 4001 2122 θανατηφόρον
4054 2059 4086 2124 ἡ

2537 2139 2717 2208 μέθης
2778 2139 2950 2205 πόσης
3006 2141 3129 2203 ἀξία
3179 2142 3496 2209 καταδίκης,
3546 2144 3638 2194 καὶ
3686 2145 3800 2207 πῶς
3838 2147 4088 2210 ἀναξίους

2534 2236 2676 2282 ποιεῖ
2706 2233 2831 2292 τοὺς
2863 2232 3176 2300 χρωμένους
3211 2234 3302 2282 καὶ
3330 2234 3436 2283 τῶν
3477 2236 3534 2284 ἐκ
3563 2233 3696 2285 Θεοῦ
3730 2236 3965 2303 δωρεῶν,
3997 2243 4090 2291 καὶ

2532 2323 2629 2386 τῆς
2669 2323 2949 2388 παρούσης
2999 2321 3182 2387 (orig;
3229 2321 3382 2386 Μέθη
3434 2322 3645 2389 δαίμων
3691 2326 3835 2377 ἐστὶν
3882 2328 4086 2390 ἐνυλος,

2535 2412 2861 2479 παρατροπὴ
2892 2411 3188 2477 λογισμῶν.
3221 2413 3524 2478 παράλυσις
3550 2415 3820 2482 σώματος,
3853 2417 4084 2472 θανάτου

2535 2503 2729 2570 χείρων
2775 2502 2908 2569 ζωὴ,
2957 2502 3307 2568 ἀποστροφῆς
3356 2502 3486 2553 Θεοῦ
3539 2505 3783 2573 ἀφορμή.
3815 2509 3886 2559 Τὸ
3932 2509 3986 2560 δεῖ
4027 2527 4089 2575 γε

2539 2595 2720 2660 μεῖζον
2752 2595 2918 2644 κακὸν
2953 2593 3032 2643 ὃτι
3063 2595 3158 2643 καὶ
3194 2593 3290 2661 τῆς
3333 2595 3744 2665 ἐπηγγελμένης
3776 2600 3924 2666 παρὰ
3954 2599 4088 2650 Θεοῦ

2536 2683 2679 2750 ζωῆς
2708 2683 2858 2733 ἐστιν
2889 2682 3268 2750 ἀλλοτρίωσις⁸
3312 2703 3328 2733 t
3367 2686 3602 2736 Μέθυσοι
3648 2688 3776 2754 γὰρ,
3816 2692 3965 2758 φησὶ,
3996 2690 4092 2758 βα-

2538 2776 2742 2828 σιλείαν
2789 2775 2924 2826 Θεοῦ
2978 2776 3037 2826 οὐ
3089 2776 3576 2845 κληρονομήσουσι.
3615 2796 3631 2828 ι
3680 2781 3743 2831 Τί
3800 2781 3854 2832 δέ
3899 2785 4094 2850 ἠπορο

2537 2869 2689 2930 νείας
2735 2867 2988 2934 Ἐξῆλθεν
3028 2869 3055 2918 ὁ
3099 2870 3218 2921 τότε
3251 2869 3377 2920 λαὸς
3426 2869 3519 2919 τοῦ
3549 2869 3680 2921 Θεοῦ
3714 2871 3772 2935 ἐξ
3820 2873 4092 2935 Αἰγύπτου

2538 2961 2881 3010 παντάπασιν
2920 2958 3131 3023 ἄοπλοι,
3167 2961 3258 3010 καὶ
3306 2959 3536 3010 ὁπλιτῶν
3583 2959 3804 3021 τούτους
3836 2962 4092 3012 ἐπεδίωκε

2538 3050 2761 3118 πλῆθος.
2801 3049 2892 3110 Ὠς
2927 3045 3020 3101 οὖν
3055 3049 3214 3117 μέχρι
3249 3048 3344 3117 τῆς
3394 3048 3668 3118 θαλάσσης
3709 3047 3887 3118 ἦλθον,
3917 3053 3962 3101 cl
3995 3052 4092 3118 μὲν

2540 3143 2851 3210 φεύγοντες,
2877 3142 2923 3192 ol
2956 3141 3009 3191 δέ
3034 3140 3342 3200 διώκοντες,
3371 3139 3592 3206 δυνάμει
3623 3141 3714 3190 καὶ
3742 3141 3900 3207 βουλῇ
3934 3140 4088 3198 Θεοῦ,

2540 3237 2632 3287 καὶ
2669 3236 2846 3304 ῥάϐδῳ
2882 3235 2974 3286 καὶ
3008 3235 3150 3302 χειρὶ
3198 3234 3460 3295 Μωσέως,
3501 3233 3708 3300 δικάζει
3749 3233 3878 3299 πρξς
3913 3233 4093 3298 ἀμυσ-

2541 3328 2729 3394 τέρους
2762 3327 3000 3386 ἐκείνους
3046 3326 3079 3394 ἡ
3115 3324 3376 3386 θάλασσα,
3420 3323 3649 3382 καὶτοῖς
3683 3321 3778 3389 μὲν
3827 3323 4095 3387 ὑποχωρεῖ

879 3427 1014 3476 tum,
1051 3417 1186 3468 alios
1219 3425 1398 3467 autem
1437 3429 1819 3484 persequentes
1855 3418 2088 3471 refluens
2122 3419 2346 3482 invadit,
2383 3428 2435 3470 et
2464 3388 2506 3449 C
2543 3435 2626 3486 σχι

2338 3460 2346 3482 ,
2383 3428 2435 3470 et
2464 3388 2506 3449 C
2543 3388 2819 3486 σχισθεῖσα
2852 3420 3014 3485 μέση,
3044 3388 3138 3466 καὶ
3167 3415 3397 3482 πάροδον
3430 3388 3708 3465 ἀκίνδυνον
3737 3415 3918 3465 δίδωσι
3944 3430 3957 3444 ·
3988 3416 4093 3474 τοῖς

882 3517 1124 3556 mortuos
1154 3505 1344 3556 vicinis
1375 3503 1487 3556 oris
1527 3506 1803 3567 restituit;
1844 3507 1977 3558 alios
2008 3508 2222 3572 quidem
2266 3509 2433 3560 armis

881 3611 1082 3648 vat-uos
1120 3595 1322 3662 optime
1355 3603 1593 3646 armatos
1636 3595 1906 3657 exhibuit,
1960 3596 2091 3648 alios
2128 3612 2253 3648 vero
2292 3599 2437 3649 omni

882 3689 1041 3739 modo
1105 3687 1400 3737 instructos
1468 3684 1624 3750 ejecit
1677 3697 1941 3737 mortuos.
2007 3684 2142 3749 Quid
2203 3687 2441 3740 deinde?

882 3779 1212 3830 l'ercurrunt
1263 3777 1412 3827 locos
1455 3783 1507 3826 et
1551 3776 1799 3841 regiones
1853 3785 1963 3828 tum
2027 3777 2272 3838 refertas,
2325 3788 2436 3830 tum

882 3871 1121 3919 desertas
1151 3865 1345 3918 incolis
1376 3865 1735 3928 inviucibiles,
1761 3875 2081 3934 superantes
2123 3883 2218 3920 eos
2249 3883 2439 3920 omnes

881 3958 973 4024 qui
1028 3958 1144 4010 ausi
1198 3956 1399 4008 fuerint
1435 3956 1722 4010 obsistere.
1762 3956 1866 4007 Sed
1918 3965 1974 4008 ut
2024 3957 2332 4009 inciderunt
2383 3957 2436 4009 in

884 4045 1323 4106 tornicationem,
1365 4056 1640 4112 tantopere
1678 4045 1800 4096 victi
1836 4045 2074 4108 fuerunt,
2117 4058 2172 4098 ut
2205 4057 2331 4099 tunc
2385 4049 2434 4098 iu

883 4138 1025 4191 bello
1058 4137 1315 4204 perierint
1350 4137 1563 4203 triginta
1597 4137 1695 4187 tria
1739 4136 1923 4187 tnillia.
1963 4136 2084 4187 Ideo
2109 4134 2308 4189 Paulus
2341 4153 2438 4188 no-

884 4229 987 4287 bis.
1042 4247 1057 4276 ι
1085 4226 1258 4279 Nolite
1291 4226 1571 4286 fornicari,
1613 4225 1808 4292 inquit.
1844 4228 1983 4278 sicut
2016 4228 2232 4294 quidam
2265 4243 2326 4279 ex
2357 4229 2436 4280 eis

884 4319 1133 4370 fornicati
1168 4327 1315 4379 sunt,
1348 4325 1400 4369 et
1428 4317 1742 4369 ceciderunt
1777 4318 1826 4367 in
1869 4334 1971 4369 una
2003 4319 2088 4371 die
2123 4321 2308 4387 viginti
2337 4322 2434 4374 tria

885 4407 1053 4456 millia
1082 4407 1145 4457 “.
1183 4425 1198 4456 ι
1240 4405 1303 4457 Et
1335 4407 1437 4459 nisi
1472 4407 1756 4459 zelavis'set
1784 4406 2038 4469 Phiuees,
2072 4419 2124 4459 et
2155 4423 2255 4459 una
2281 4410 2437 4477 plaga

884 4511 1005 4549 cum
1036 4497 1326 4548 meretrice
1357 4500 1746 4560 turpitudinem
1787 4508 2101 4564 operantem
2130 4499 2436 4562 occidisset,

883 4596 938 4640 et
971 4585 1169 4638 malum
1193 4601 1451 4639 coercens
1480 4588 1642 4638 Deum
1672 4593 1958 4654 placasset,
1994 4604 2180 4641 omnes
2206 4591 2437 4642 interiis-

2540 3509 2596 3561 δέ
2649 3508 3078 3559 καταδιώκουσιν
3137 3505 3527 3576 ἐπιρρεύσασα,
3572 3505 3797 3571 νεκροὺς
3834 3507 3943 3563 τοῖς
3988 3506 4095 3568 γεί·

2541 3615 2688 3650 τοσιν
2719 3599 2985 3665 αἰγιαλοῖς
3016 3599 3242 3660 ἐκείνοις
3270 3598 3498 3660 ἐξέδωκε
3527 3613 3538 3624 ·
3567 3597 3657 3648 καὶ
3705 3597 3829 3656 τοὺς
3869 3597 4097 3654 ἀόπλους

2543 3691 2874 3751 πανοπλίτας
2901 3691 3168 3754 ἀπέδειξε,
3197 3690 3591 3748 σκολεύσαντας
3616 3691 3738 3748 τοὺς
3771 3687 4096 3755 ἐκϐρασθέν-

2540 3797 2638 3841 τας
2688 3781 2935 3847 νεκρούς.
2974 3777 3107 3830 Εἶτα
3158 3781 3246 3842 τί;
3284 3781 3596 3846 Διέρχονται
3643 3779 3835 3838 τόπους
3870 3781 3958 3827 καὶ
3998 3779 4098 3841 γὼ-

2545 3887 2641 3936 ρας
2680 3871 2998 3936 οἰκουμένας
3041 3869 3135 3920 καὶ
3195 3869 3482 3934 ἀοικήτους
3528 3869 3805 3934 ἀήττητοι.
3843 3868 4098 3927 νικῶ-,τες

2542 3961 2706 4028 218
2745 3963 2952 4022 πάντας
2995 3961 3119 4018 τοὺς
3155 3960 3644 4025 ἀντιτεταγμένοι-ς
3687 3959 3884 4016 αὐτοῖς.
3931 3956 4016 4016 Ὠς
4043 3957 4098 4006 δὲ

2541 4051 2766 4117 πορνείᾳ⁵
2803 4052 3102 4110 ὑπέπεσαν,
3136 4051 3226 4098 ἐπὶ
3259 4048 3509 4098 τοσοῦτον
3542 4045 3867 4114 ἡττήθησαν,
3903 4045 3974 4105 ὡς
4004 4049 4099 4095 καὶ

2541 4139 2838 4190 ἀποθανεῖν
2869 4140 2927 4189 ἐν
2959 4139 3035 4204 τῷ
3069 4138 3287 4203 πολέμῳ
3332 4137 3581 4205 πάραυτα
3617 4136 3733 4186 τότε
3775 4136 4096 4201 εἰκοσιτρεις

2540 4231 2810 4299 χιλιάδας.
2851 4229 2940 4281 Διὸ
2973 4230 3062 4281 καὶ
3095 4231 3121 4279 ὁ
3159 4227 3365 4288 Παῦλος
3415 4227 3547 4294 πρὸς
3586 4228 3750 4293 ἡμᾶς,
3784 4245 3799 4273 ι
3840 4225 3928 4290 Μὴ
3963 4241 4099 4290 πορ-

2539 4323 2746 4383 νεύετε,
2799 4321 2953 4389 φησὶ,
3007 4319 3186 4380 καθώς
3215 4335 3356 4378 τινες
3385 4319 3560 4368 αὐτῶν
3607 4318 3959 4382 ἐπόρνευσαν,
4008 4317 4100 4365 καὶ

2542 4413 2734 4463 ἔπεσον
2763 4412 2818 4461 ἐν
2849 4411 2946 4477 μιᾷ
2979 4409 3158 4477 ἡμέρᾳ
3208 4409 3528 4473 εἰκοσιτρεῖς
3563 4407 3811 4473 χιλιάδες.
3851 4423 3866 4453 ι
3909 4406 4014 4456 Καὶ
4051 4405 4099 4453 εί

2544 4502 2617 4570 μὴ
2657 4501 2840 4560 Φινεὲς
2875 4500 3146 4566 ζηλώσας,
3181 4500 3274 4549 καὶ
3321 4499 3417 4564 μιᾷ
3445 4497 3627 4562 πληγῇ
3667 4495 3800 4560 μετὰ
3832 4495 3925 4560 τῆς
3964 4510 4099 4561 top-

2538 4594 2837 4658 νευομένης
2886 4589 3308 4644 συναποκτείνας
3335 4586 3423 4637 τὸν
3453 4585 3510 4635 τὸ
3556 4583 3723 4650 μύσος
3764 4584 4101 4650 κατεργαζόο

882 4686 1024 4735 scut,
1080 4678 1395 4729 omnimodo
1444 4679 1628 4728 tentati
1675 4678 1750 4727 ira
1805 4677 1895 4728 Dei
1945 4687 2161 4744 propter
2197 4678 2434 4731 fornicav
2467 4701 2512 4754 ι)
2544 4698 2637 4748 μεν

2343 4695 2434 4731 cav
2467 4701 2512 4754 ι)
2544 4698 2726 4748 μενον,
2757 4681 2848 4730 καὶ
2877 4678 3230 4743 ἀναχαιτίσας
3279 4678 3374 4742 τὴν
3408 4676 3603 4742 πρᾶξιν
3644 4671 3964 4735 ἐξιλεώτατο
4011 4673 4098 4722 τὸν

883 4767 1047 4818 tionis
1091 4769 1456 4831 iniquitatem.
1495 4764 1661 4817 l'orro
1712 4767 1867 4818 istam
1905 4765 2010 4818 Deo
2037 4767 2278 4819 odiosam
2310 4768 2434 4820 libi-

884 4857 1064 4908 dinem
1100 4857 1150 4907 in
1188 4857 1341 4908 nobis
1370 4859 1626 4923 grassari,
1663 4858 1785 4923 quis
1819 4859 2025 4910 nescit?
2062 4858 2230 4912 Nemo
2254 4871 2433 4912 autem

886 4950 977 5015 qui
1032 4947 1300 5010 cohibeat,
1351 4945 1460 4998 fere
1520 4932 1618 4998 nec
1670 4949 1834 4998 lilium
1888 4957 2058 5013 pater,
2118 4964 2218 5002 nec
2272 4948 2437 5002 frater

886 5038 1130 5100 fratrem,
1187 5051 1284 5089 nec
1327 5038 1534 5089 amicus
1577 5038 1839 5098 amicum;
1893 5037 2000 5088 imo
2057 5047 2183 5090 sunt
2216 5040 2303 5105 qui
2348 5053 2439 5090 co-

886 5142 1198 5199 operantur,
1246 5130 1375 5181 licet
1419 5131 1612 5182 clamet
1667 5130 2001 5195 Apostolus:
2056 5147 2073 5176 «
2112 5127 2244 5180 Cum
2289 5128 2438 5195 ejus-

888 5223 1032 5273 modi
1092 5235 1190 5271 nec
1238 5220 1421 5272 cibum
1459 5233 1673 5270 sumere
1707 5219 1768 5268 ¹¹.
1807 5235 1824 5266 ι
1862 5217 2151 5284 Propterea
2188 5227 2359 5270 morte
2388 5225 2441 5270 et

889 5314 1141 5364 universa
1193 5314 1430 5380 pern.c':e
1477 5325 1664 5363 omnes
1711 5311 1854 5377 digiti
1912 5325 2120 5362 sumus.
2156 5310 2225 5361 At
2257 5310 2301 5361 si
2336 5309 2443 5361 for-

886 5405 1083 5456 nicatio
1121 5405 1208 5455 tali
1243 5413 1294 5456 et
1325 5412 1472 5454 tanta
1523 5411 1605 5454 est
1655 5401 2000 5454 damnatione
2030 5402 2210 5468 digna,
2243 5408 2443 5467 quanto

887 5496 1059 5561 magis
1092 5494 1340 5544 adulterii
1381 5492 1632 5546 facinus?
1681 5493 1834 5556 Quod
1874 5508 1971 5545 nec
2029 5507 2194 5543 unum
2230 5501 2436 5544 tantum

891 5589 970 5636 vel
1010 5591 1166 5648 duos,
1202 5586 1291 5637 sed
1324 5595 1462 5637 totas
1494 5585 1684 5637 domos
1716 5594 1767 5636 et
1812 5586 1947 5636 vitas
1987 5587 2242 5650 integras,
2274 5592 2439 5634 totas—

967 5767 975 5792 ’
1049 5763 1210 5815 lCor.
1253 5780 1325 5817 vt.
1367 5762 1444 5814 l0.
1527 5766 1564 5792 “
1605 5763 1770 5815 lCor.
1805 5776 1856 5815 Χ.
1890 5761 1936 5814 8.
2021 5761 2060 5789 ¹¹
2098 5760 2112 5810 1
2148 5762 2273 5815 Cor.
2307 5780 2359 5827 \',
2390 5764 2440 5814 8.

2542 4770 2696 4831 Θεὸν,
2734 4769 2836 4820 κᾶν
2885 4769 3082 4827 πάντες
3142 4765 3438 4824 ἀπώλοντο,
3492 4762 3755 4827 παγγενεὶ
3801 4762 3898 4827 τῆς
3947 4761 4099 4819 θείας

2542 4859 2710 4924 ὀργῆς
2755 4854 3107 4923 πειραθέντες
3149 4853 3236 4903 διὰ
3271 4853 3366 4918 τὴν
3414 4852 3510 4916 τῆς
3557 4851 3812 4914 πορνείας
3861 4861 4100 4912 παρανο-

2549 4951 2696 5014 μίαν.
2740 4948 2828 4999 Ἑν
2866 4948 2992 5013 ὑμῖν
3018 4946 3070 4998 δὲ
3116 4947 3196 4996 ὅτι
3232 4946 3329 5010 μὲν
3372 4942 3670 5010 ἐνεργεῖται
3718 4939 3775 4988 τὸ
3811 4937 4099 5000 θεοστυγές

2545 5037 2701 5088 τοῦτο
2741 5030 3044 5099 πάθος,’τίς
3071 5037 3170 5084 οὐκ
3210 5030 3313 5083 οἶδε
3342 5049 3355 5094 ;
3394 5032 3450 5081 Ὀ
3480 5029 3534 5080 δὲ
3570 5028 3788 5080 κωλύων
3815 5027 4008 5085 οὐδεὶς,
4038 5027 4099 5074 οὺ

2548 5128 2712 5178 παῖδα
2743 5127 2925 5194 σχεδὸν
2956 5127 3137 5193 πατήρ
3162 5141 3173 5153 ·
3205 5126 3302 5174 οὐκ
3329 5123 3552 5187 ἁδελφὸς
3578 5118 3798 5184 ἁδελιρον
3819 5133 3830 5144 ·
3859 5118 3916 5167 οὐ
3950 5118 4100 5180 φίλος

2550 5220 2734 5285 φίλονσ
2783 5218 2889 5268 εἰσὶ
2942 5218 2997 5268 δέ
3052 5216 3099 5268 οἳ
3152 5219 3242 5268 καὶ
3293 5214 3719 5281 συμπράττωσι,
3783 5208 3952 5258 καίτοι
4007 5203 4100 5255 τοῦ

2561 5309 2883 5361 Ἀποστόλου
2926 5308 3172 5373 λέγοντος
3203 5321 3215 5334 ·
3248 5324 3264 5354 ι
3304 5307 3427 5365 Τοῖς
3476 5301 3734 5359 τοιούτοις
3785 5298 3914 5365 μηδὲ
3949 5312 4098 5345 συνε-

2554 5401 2753 5451 σθίεινο
2794 5417 2811 5449 ι
2842 5399 2927 5449 διὰ
2961 5397 3115 5448 τοῦτο
3145 5396 3376 5448 θανάτου
3423 5393 3515 5445 καὶ
3550 5389 3922 5453 πανωλεθρίας
3962 5389 4096 5435 παν-

2550 5507 2638 5551 τες
2675 5490 2836 5557 ἐσμὲν
2867 5488 3028 5550 ἄξιοι.
3063 5488 3122 5538 Εἰ
3148 5487 3203 5536 δὲ
3242 5488 3274 5554 ἡ
3304 5479 3525 5552 πορνεία
3554 5480 3821 5546 τοσαύτης
3873 5476 3965 5526 καὶ
4001 5491 4097 5523 τοιι

2547 5582 2716 5649 αὑτης
2743 5579 3034 5645 καταδίκης
3060 5577 3203 5642 ἀξία,
3243 5579 3390 5644 πόσῳ
3422 5575 3616 5644 μᾶλλον
3645 5572 3701 5622 τὸ
3727 5571 3820 5638 τῆς
3859 5583 4098 5635 μο”χε.αί
