4434 6460
793 400 900 463 495

2016 387 2060 444 G
2077 380 2396 441 REGORII
2443 379 2530 439 PA
2544 376 2764 436 ιΑῑιΙιεΕ

3920 373 4026 436 496

797 519 1162 572 humilitatem
1220 515 1515 583 propitium
1571 511 1865 573 facientes;
1921 517 2000 570 ut,
2053 501 2548 566 sustmeuteAéxq

2274 509 2359 553 nte
2389 506 2430 562 Α
2461 498 2810 566 ὲκφὺγωμιν,
2857 494 2888 565 ἦ
2925 495 2991 548 δι’
3037 488 3443 564 ἐξαγορεύσεως
3475 495 3569 548 καὶ
3610 496 3708 565 τῆς
3734 494 3800 547 δι’
3847 496 4025 565 ἔργων

796 611 887 662 Dei
921 607 1228 665 clementia.
1261 615 1312 659 et
1341 604 1588 658 defectus
1623 613 1838 656 nostros
1879 595 2186 664 supplente,
2217 604 2361 645 nunc

796 700 1016 769 quideru
1049 699 1116 751 ah
1152 699 1251 750 hac
1284 695 1364 748 ira
1394 695 1513 758 Dei,
1547 695 1612 747 ab
1649 693 2031 758 intempestiva
2072 694 2124 738 et
2149 679 2358 736 crudeli

796 803 899 847 hac
933 800 1106 846 morte
1152 798 1207 843 et
1254 789 1422 842 exitio
1466 802 1559 856 per
1611 799 1730 840 eam
1793 778 2098 837 indueeudo
2138 775 2361 834 ,exiina-

799 901 952 949 mttr;
993 886 1045 936 in
1076 882 1262 935 futuro
1313 888 1491 932 autem
1541 877 1746 930 sarculo
1783 873 1947 926 vitam
1992 865 2356 925 immortalem

799 979 1140 1031 olitinraiuus
1167 975 1218 1026 iu
1245 971 1468 1041 gloriam
1502 967 1674 1022 solius
1701 964 1904 1019 datoris
1938 961 2078 1022 vitae,
2111 956 2352 1018 Christi;

801 1083 959 1136 quem
997 1069 1150 1119 decet
1193 1061 1383 1131 gloria,
1445 1057 1730 1121 fortitudo,
1781 1057 1955 1111 honor
2014 1061 2068 1102 ct
2112 1046 2356 1102 adoratio

802 1173 925 1211 tum
951 1166 1157 1210 :eteruo
1191 1153 1310 1222 ejus
1341 1151 1501 1206 Patre
1538 1159 1592 1205 et
1623 1147 1838 1202 vivifico
1869 1143 2099 1214 Spiritu,
2135 1154 2278 1194 nunc
2306 1147 2360 1193 et

804 1265 1034 1318 semper,
1074 1257 1127 1302 et
1161 1248 1213 1300 iu
1245 1248 1438 1301 smcula
1469 1243 1813 1300 smculorum.
1853 1239 2048 1292 Ameu.

2461 590 2745 661 μετανοίας
2794 587 3195 656 άντισηκούσης
3250 588 3316 640 τά
3361 586 3785 656 παραπτώματα
3845 587 4024 657 ἡμῶν,

2456 683 2516 734 τὸ
2542 680 2685 733 θεῖον
2712 677 3068 747 ὲξιλεώμεθα,
3099 677 3165 729 δι’
3194 677 3451 746 ἐνεργοῦς
3488 675 3869 739 ταπεινώσεως
3895 679 4026 746 ἡμῖν

2458 772 2643 834 αὐτοῖς
2674 770 3069 839 εὐμενίζοντες,
3099 767 3173 829 ὡς
3201 768 3266 822 ἂν
3293 769 3390 836 τῆς
3421 767 3516 820 τοῦ
3553 767 3689 821 Θεοῦ
3723 768 4030 836 φιλανθρωο

2459 864 2589 926 πίας
2623 863 2982 932 ἀνεχομένης,
3015 863 3108 912 καὶ
3141 861 3236 922 τὰς
3282 860 3550 931 ἐλλείψεις
3607 860 4030 928 ἀναπληρούσης

2459 955 2640 1026 ἡμῶν,
2673 955 2767 1008 νῦν
2824 954 2922 1023 μὲν
2970 955 3066 1022 τῆς
3110 953 3258 1016 Θείας
3312 953 3518 1022 ταύτης
3556 953 3747 1024 ὀργῆς,
3796 953 3891 1005 καὶ
3934 952 4029 1004 τοῦ

2457 1049 2643 1118 ἀώρου
2675 1048 2770 1100 καὶ
2813 1046 3009 1115 ἀθρόου
3041 1045 3233 1098 τούτου
3264 1045 3520 1110 θανάτου,
3552 1046 3647 1097 καὶ
3685 1046 3781 1114 τῆς
3832 1044 3898 1096 δι’
3932 1044 4031 1098 uti--

2459 1139 2554 1193 τοῦ
2583 1139 2958 1210 πανωλεθρίας
2992 1139 3441 1207 ἀπαλλαγεῖημεν
3466 1153 3479 1167 ⁶
3516 1139 3570 1190 ὲν
3593 1137 3651 1189 δὲ
3678 1136 3756 1206 τῷ
3786 1135 4032 1206 μέλλοντι

2463 1231 2616 1286 αἰῶνι
2640 1231 2739 1298 τῆς
2774 1230 3045 1284 ἀθανάτου
3078 1230 3236 1298 221
3283 1230 3424 1299 ζωῆς
3455 1227 3810 1296 ὲπιτύχοιμεν
3842 1228 3920 1289 είς
3949 1225 4033 1277 66-

807 1348 900 1409 ξαν
929 1344 1021 1397 τοῦ
1047 1346 1218 1412 ¹μόνου
1261 1339 1520 1404 ζωοδότου
1570 1333 1844 1406 Χριστοῦο
1879 1325 1923 1399 ᾧ
1957 1331 2155 1401 πρέπει
2202 1326 2348 1391 δόξα,
2380 1327 2604 1398 κράτος,
2638 1325 2771 1394 τιμὴ
2820 1327 2911 1378 καὶ
2953 1326 3320 1394 προσκύνησις
3351 1326 3444 1378 σὺν
3485 1324 3560 1394 τῷ
3598 1324 3820 1394 ἀνάρχῳ
3866 1322 4032 1376 αὑτοῦ

806 1441 978 1512 lla.th
1033 1441 1126 1492 καὶ
1153 1435 1229 1506 τῷ
1269 1433 1517 1504 ζωοποιῷ
1545 1431 1842 1494 Πνεὺματι,
1874 1430 1968 1481 νῦν
1995 1428 2086 1481 καὶ
2124 1426 2210 1480 ἀεὶ
2237 1425 2353 1489 καὶ,
2383 1426 2462 1487 είς
2493 1424 2618 1486 τοὺς
2669 1421 2868 1485 αἰῶνας
2901 1421 3008 1474 τῶν
3038 1422 3269 1474 αἰώνων.
3311 1422 3504 1492 Ἀμήν.

1366 1545 1654 1601 “OMILIA
1680 1543 1796 1598 XL.

883 1669 946 1721 In
992 1663 1348 1720 venerandum
1383 1661 1580 1714 Christi
1627 1671 1998 1727 prmeursorem
2044 1665 2090 1709 et
2123 1653 2294 1722 bapti-

1360 1741 1498 1784 stam
1530 1728 1810 1781 Joannem.

883 1829 939 1881 Si
977 1825 1214 1894 pretiosa
1249 1821 1303 1874 in
1354 1827 1652 1888 conspectu
1705 1815 1924 1870 Domini
1959 1829 2107 1869 mors
2144 1823 2366 1868 sancto-

3062 1534 3305 1587 OMIAIA
3332 1531 3417 1588 Μ’.

2464 1650 2566 1715 Είς
2601 1649 2710 1704 τὸν
2738 1649 3091 1706 πάνσεπτον
3113 1650 3219 1704 τοῦ
3255 1648 3516 1717 Χριστοῦ
3562 1649 3907 1719 Πρόδρομον
3933 1649 4032 1702 καί

2904 1720 3257 1786 ,βαπτιστήν
3299 1721 3609 1784 Ἰωάννην.

2542 1812 2603 1864 El
2626 1810 2806 1879 τίμιος
2836 1811 2863 1864 ό
2925 1811 3153 1873 θάνατος
3200 1811 3309 1862 τῶν
3365 1812 3549 1876 όσίων,
3603 1815 3698 1864 καί⁸
3746 1813 3931 1882 μνήμη
3963 1811 4038 1863 δι-

814 1936 931 1976 rum
965 1920 1102 1984 ejus,
1126 1925 1180 1969 et
1213 1913 1472 1967 memoria
1503 1909 1635 1978 justi
1690 1923 1813 1965 cum
1849 1907 2124 1970 laudibus,
2161 1913 2365 1974 quanto
2400 1921 2441 1979 Β
2471 1904 2563 1956 καί

2284 1913 2365 1958 ritu
2400 1921 2441 1979 Β
2471 1904 2626 1956 καίου
2666 1899 2783 1971 μετ’
2818 1903 3129 1970 ἐγκωμίων,
3171 1904 3320 1972 πόσῳ
3365 1904 3563 1972 μᾶλλον
3593 1906 3738 1973 ἡμᾶς
3764 1905 4035 1957 ποιεῖσθαι

818 2014 987 2082 magis
1039 2010 1212 2062 facere
1259 2005 1521 2060 debemus
1565 2015 1690 2055 cum
1739 1999 1996 2053 laudibus
2043 1997 2361 2050 memoriam

812 2105 1008 2160 Joanni
1038 2099 1233 2155 summi
1286 2105 1601 2151 sanctorum
1640 2101 1693 2145 et
1718 2089 1992 2162 iustorum
2030 2087 2223 2155 apicis,
2269 2085 2363 2154 qui

815 2195 1102 2252 exsultavit
1146 2200 1196 2244 et
1230 2184 1530 2258 praecurrit,
1564 2178 1953 2252 praenuntiavit
1982 2175 2222 2232 Verbum
2269 2175 2363 2228 Dei

817 2297 1035 2358 propter
1060 2298 1160 2336 nos
1199 2281 1541 2334 iuearnatum
1566 2274 1589 2327 ί
1610 2289 1639 2328 a
1678 2288 1785 2343 quo
1813 2282 1869 2325 et
1903 2271 2016 2340 ipse
2042 2269 2366 2336 prmdicatus

816 2391 894 2434 est
934 2388 987 2431 et
1015 2375 1312 2436 alliruiatus
1345 2370 1518 2438 major
1555 2366 1808 2420 omnibus
1837 2378 1867 2418 a
1895 2362 2094 2417 saeculo
2126 2360 2366 2430 prophe-

819 2471 887 2521 tis
926 2477 977 2520 ct
1003 2463 1202 2519 sanctis
1235 2471 1284 2515 et
1307 2458 1514 2528 justis‘l
1549 2456 1769 2510 Minime
1790 2455 1933 2509 enim
1968 2453 2094 2523 quia
2121 2453 2260 2506 dicta
2294 2452 2358 2504 de

817 2579 881 2613 eo
919 2565 1175 2626 praestant
1198 2554 1453 2606 omnibus
1479 2549 1735 2603 humanis
1767 2547 2140 2608 sermonibus,
2164 2555 2215 2598 et
2244 2544 2368 2612 quia

821 2658 888 2710 ali
929 2653 1204 2723 unigenito
1243 2649 1332 2702 Dei
1368 2647 1506 2700 Filio
1538 2643 1912 2699 testimonium
1959 2649 2013 2695 et
2065 2641 2368 2694 mercedem

820 2745 1045 2814 accepit,
1080 2751 1134 2795 et
1163 2740 1384 2809 proinde
1411 2751 1545 2805 opus
1576 2749 1680 2788 non
1713 2733 1873 2787 habet
1899 2740 2089 2786 nostra
2123 2730 2366 2784 retribu—

822 2843 997 2901 ti‘ouc,
1042 2837 1161 2890 ideo
1197 2834 1420 2888 silentes
1446 2832 1562 2886 sine
1597 2829 1818 2894 praemio
1862 2839 2172 2880 sermonum
2205 2823 2370 2876 relin-

819 2945 1048 3000 quemus
1077 2941 1200 2982 cum
1236 2939 1396 2994 quem
1434 2919 1713 2988 Scriptura
1744 2918 1958 2972 vocavit
1989 2929 2178 2969 vocem
2205 2909 2371 2966 Verbi

819 3019 1108 3077 Altissimi,
1144 3017 1237 3070 sed
1271 3012 1524 3082 quoniam
1564 3011 1668 3062 tale
1693 3023 1890 3061 nomen
1921 3016 1974 3058 et
1999 3002 2370 3058 testimonium

820 3131 849 3167 a
897 3110 1118 3165 Christo
1153 3107 1391 3158 omuium
1441 3101 1670 3154 Domino
1700 3099 1930 3166 accepit,
1980 3097 2156 3150 omnis
2192 3096 2371 3164 lingua

821 3201 1056 3254 ﬁdeliqu
1090 3203 1367 3249 moveatur
1401 3191 1466 3243 ad
1518 3191 1795 3260 hymnum,
1832 3196 2094 3253 quantum
2145 3187 2368 3254 poterit,

2467 1997 2562 2066 τὴν
2595 1995 2816 2066 μνήμην
2851 1995 2967 2064 μετ’
3015 1995 3306 2063 ἐγκωμίων
3353 1996 3552 2065 χρεὼν,
3588 1997 3684 2063 τῆς
3737 1996 3840 2048 τῶν
3872 1997 4037 2049 όσὶων

2466 2105 2524 2140 τε
2553 2087 2645 2138 καὶ
2674 2086 2898 2140 δικαίων
2927 2086 3234 2155 κορυφαίας
3268 2087 3570 2155 άκρότητος
3625 2086 3894 2149 Ἰωάννου,
3942 2086 4035 2140 τοῦ

2466 2179 2973 2248 προσκιρτήσαντος
3023 2181 3117 2230 καὶ
3167 2177 3579 2247 προδραμόντος
3627 2179 3725 2230 καὶ
3755 2180 4038 2247 προκηρῦ⁹

2469 2268 2658 2332 ξαντος
2681 2269 2771 2320 τον
2808 2267 2874 2320 δι’
2905 2269 3057 2337 ἡμᾶς
3088 2268 3454 2335 σαρκωοέντα
3499 2267 3592 2320 τοῦ
3647 2271 3783 2323 Θεοῦ
3816 2272 3987 2338 Λόγον
4019 2290 4033 2336 ;

2467 2358 2598 2429 παρ’
2632 2350 2695 2411 οὗ
2725 2358 2885 2410 πάλιν
2914 2358 3072 2418 αὐτὸς
3105 2357 3454 2426 ἀνεκηρύχθη
3489 2358 3580 2410 καὶ
3615 2361 4037 2430 μεμαρτύρηται

2465 2451 2573 2503 τῶν
2596 2449 2654 2514 ἐξ
2673 2451 2867 2512 αἰῶνος
2889 2451 3180 2520 προφητῶν
3200 2450 3292 2502 καὶ
3308 2452 3466 2501 ὁσίων
3499 2452 3589 2501 καὶ
3607 2451 3830 2503 δικαίων
3862 2453 4038 2522 ὑπέρ-

2467 2561 2621 2613 τερος
2647 2561 2661 2608 ;
2689 2545 2762 2596 Οὐ
2802 2544 2908 2613 γὰρ
2934 2544 3013 2595 ὅτι
3039 2542 3268 2611 κρείττω
3291 2541 3357 2592 τά
3377 2540 3494 2592 κατ’
3517 2542 3675 2594 αὑτὸν
3700 2542 4038 2612 ἀνθρωπίνου

2468 2637 2625 2703 λόγου
2649 2638 2869 2699 παντὸς,
2889 2635 2996 2689 οὐδ’
3023 2639 3104 2689 ὅτι
3131 2633 3279 2702 παρὰ
3304 2633 3397 2686 τοῦ
3428 2636 3750 2702 μονογενοῦς
3781 2637 3911 2689 Υίοῦ
3942 2637 4039 2690 τοῦ

2469 2723 2604 2776 Θεοῦ
2634 2725 2733 2795 τὴν
2762 2725 3064 2793 μαρτυρίαν
3095 2727 3280 2796 εἰληφε
3313 2729 3403 2780 καὶ
3446 2729 3504 2781 τὸ
3529 2731 3721 2797 γέρας,
3746 2729 3841 2780 καὶ
3862 2730 4040 2798 γέρως

2471 2816 2528 2866 οὐ
2559 2815 2730 2868 δεῖται
2779 2814 2874 2867 τοῦ
2911 2816 3044 2885 παρ’
3100 2819 3276 2886 ἡμῶν,
3334 2819 3420 2872 διὰ
3452 2820 3610 2874 τοῦτο
3665 2821 4041 2889 σιωπήσαντες

2469 2907 2774 2975 ἀγέραστον
2797 2907 3194 2976 καταλείψομεν
3217 2909 3417 2976 λόγοις,
3441 2911 3500 2962 τό
3530 2912 3694 2978 γεείς
3718 2912 3861 2981 ἡμᾶς
3885 2905 4039 2982 ἧκον,

2473 2998 2569 3067 τὴν
2591 2997 2689 3062 ,τοῦ
2720 2998 2985 3051 ἀνωτάτω
3018 2999 3192 3066 Λόγου
3230 3003 3369 3054 κατὰ
3418 3002 3476 3053 τὸ
3524 3004 3906 3070 γεγραμμένον
3935 3020 4044 3070 φω-

2474 3090 2592 3157 νήν·
2625 3089 2740 3140 ἀλλ’
2773 3089 2852 3140 ὅτι
2886 3090 3033 3156 παρὰ
3064 3088 3302 3158 Χριστοῦ
3334 3092 3427 3143 τοῦ
3473 3093 3734 3144 δεσπότου
3762 3094 3868 3146 τῶν
3907 3094 4043 3146 ὅλων

2473 3179 2709 3242 τοιοῦτος
2732 3177 2806 3231 ῶν
2829 3181 3192 3248 ἁνηγόρευταί
3223 3198 3277 3232 τε
3305 3183 3398 3232 καὶ
3427 3183 3867 3250 μεμαρτύρηται,
3895 3185 4041 3234 πᾶσα

823 3303 1163 3358 ιιοουιιίιιυιιι
1195 3297 1251 3339 ut
1296 3259 1589 3352 quidquam
1647 3281 1700 3332 in
1756 3279 1982 3347 gloriam
2022 3277 2171 3330 illius
2210 3275 2373 3328 adda-
2399 3259 2442 3316 (ἶ
2476 3272 2574 3337 γλιῖ

2287 3276 2373 3328 δε-
2399 3259 2442 3316 C
2476 3272 2696 3337 γλῶσσα
2718 3271 2922 3322 πιστῶν
2945 3270 3200 3322 κινείσθω
3225 3271 3354 3340 πρὸς
3385 3271 3573 3340 ὕμνον,
3598 3273 3767 3341 ὁπόση
3791 3272 4038 3340 δύναμις,

824 3400 964 3446 mus,
999 3377 1272 3449 quomodo
1309 3377 1449 3429 enim
1500 3369 1850 3442 poterimus?
1894 3372 1984 3423 sed
2042 3375 2100 3421 ut
2139 3367 2378 3419 debitum

823 3475 1215 3545 persolramus.
1256 3464 1636 3533 unusquisque
1679 3462 1858 3530 lingua
1897 3475 2017 3524 sua,
2052 3459 2235 3513 omnia
2288 3471 2381 3511 ore

824 3563 1066 3619 unanimi
1099 3559 1365 3613 mirabilia
1418 3569 1537 3623 qua:
1585 3553 1727 3607 circa
1758 3566 1878 3606 eum
1938 3552 2076 3605 facta
2127 3560 2252 3604 sunt
2287 3563 2380 3602 ca-

829 3667 1016 3710 ueules
1076 3661 1131 3706 et
1166 3657 1497 3704 euanrautes.
1559 3644 1693 3698 Tota
1743 3644 1959 3712 quidem
1990 3642 2097 3694 vita
2119 3641 2241 3708 ejus
2273 3653 2381 3708 quo

829 3748 1000 3816 major
1033 3760 1137 3798 non
1165 3750 1246 3796 est
1275 3743 1414 3794 inter
1442 3747 1598 3792 natos
1620 3737 1911 3789 mulierum
1947 3731 2274 3785 miraculum
2299 3742 2382 3784 est

830 3838 1211 3894 miraculorum
1237 3851 1251 3895 ;
1275 3845 1322 3886 at
1349 3847 1451 3884 non
1479 3841 1682 3882 tantum
1703 3837 1811 3880 tota
1835 3828 1942 3879 vita
1967 3824 2188 3878 Joannis
2207 3834 2259 3876 et
2286 3823 2385 3876 fuit

832 3933 1088 4001 propheta
1155 3929 1474 3994 priusquam
1543 3929 1856 3974 nasceretur
1896 3927 1949 3972 et
1995 3917 2382 3986 prophetarum

830 4016 1120 4084 maximus,
1171 4021 1262 4071 sed
1303 4028 1637 4086 qua-cunque
1687 4013 1752 4065 ad
1797 4026 1920 4065 eum
1973 4019 2218 4076 spectant
2269 4019 2383 4061 tum

832 4118 921 4169 diu
981 4122 1265 4178 antequam
1324 4115 1655 4167 nasceretur,
1691 4114 1801 4156 tum
1834 4111 1952 4169 post
1983 4109 2208 4152 mortem
2235 4093 2240 4098 ’
2273 4113 2389 4150 om-

835 4207 922 4257 nia
957 4208 1213 4268 snperaut
1242 4195 1524 4250 miracula.
1556 4191 1762 4247 Etenim
1791 4191 2098 4244 divinorum
2152 4189 2385 4257 prophe-

835 4309 1012 4349 tarum
1043 4293 1107 4346 de
1134 4304 1199 4344 eo
1228 4287 1607 4358 praedictiones
1631 4285 1808 4350 ipsum
1846 4298 1952 4335 non
1988 4283 2260 4334 hominem
2294 4281 2387 4334 sed

835 4388 1084 4455 angelum
1114 4381 1407 4451 appellant,
1442 4379 1580 4431 lueis
1610 4377 1801 4439 facem,
1823 4377 1973 4429 sidus
2005 4375 2281 4427 lucileruiu
2307 4372 2390 4425 di-

839 4481 956 4529 rina
991 4477 1110 4528 luce
1139 4471 1428 4540 fulgidum,
1467 4477 1526 4521 ut
1550 4480 1941 4535 praecursorem
1978 4465 2106 4519 solis
2139 4463 2388 4535 justitiae,

833 4575 887 4618 et
919 4579 1105 4617 vocem
1143 4563 1316 4630 ipsius
1347 4557 1509 4612 Verbi
1548 4555 1661 4610 Dei.
1693 4557 1862 4610 Porro
1915 4555 2043 4624 quid
2071 4551 2247 4606 Verbo
2276 4550 2388 4605 Deo

838 4654 1190 4724 propinquius
1233 4661 1286 4705 et
1330 4650 1538 4703 alliuius
1572 4663 1734 4717 quam
1778 4662 1877 4699 vox
1907 4646 2044 4700 Dei?
2075 4644 2246 4713 Cujus
2291 4659 2387 4712 ap-

839 4747 1241 4814 propinquante
1263 4738 1614 4805 conceptioue
1646 4735 1872 4804 angelus
1902 4749 1930 4788 e
1962 4734 2100 4788 ctelo
2132 4732 2391 4786 advolaus

841 4838 1003 4887 solvit
1032 4832 1374 4886 sterilitatem
1419 4827 1695 4881 Zachariae
1738 4836 1792 4880 et
1823 4825 2122 4885 Elisahetli,
2161 4824 2391 4891 promito

842 4936 959 4977 tens
1012 4921 1222 4976 steriles
1268 4935 1296 4972 ιι
1329 4919 1607 4986 juventute
1661 4915 1827 4968 ﬁlium
1875 4925 2231 4982 generaturos
2275 4925 2395 4965 esse

839 5017 892 5069 lu
927 5016 1030 5066 alta
1064 5019 1362 5071 senectute,
1401 5009 1452 5061 in
1506 5009 1662 5075 cujus
1704 5006 1981 5058 nativitate
2017 5004 2166 5056 multi
2197 5005 2398 5072 gaude-

841 5109 978 5160 huut
1009 5121 1024 5169 ;
1050 5118 1171 5156 nam
1204 5102 1448 5170 praedixit
1479 5116 1596 5153 eam
1619 5098 1868 5150 omnibus
1896 5096 2007 5150 fore
2037 5094 2393 5148 salutiferam.

840 5201 927 5248 Ait
963 5197 1152 5247 enim:
1193 5210 1210 5241 ι
1265 5190 1377 5244 Erit
1427 5203 1652 5258 magnus
1691 5202 1874 5240 coram
1925 5186 2191 5249 Domino;
2231 5195 2283 5238 et
2320 5185 2396 5236 vi-

843 5300 970 5336 num
999 5292 1051 5336 et
1081 5289 1308 5337 siceram
1345 5296 1450 5333 non
1478 5281 1640 5341 bibet,
1675 5288 1730 5332 et
1762 5276 1962 5345 Spiritu
2001 5285 2190 5350 sancto
2219 5276 2397 5342 reple-

843 5376 988 5426 bitur
1017 5376 1192 5426 adhuc
1220 5387 1285 5425 ex
1324 5381 1477 5432 utero
1509 5371 1695 5422 matris
1731 5384 1880 5432 suae;
1917 5377 1969 5420 et
1996 5368 2198 5420 multos
2255 5368 2391 5419 tilio-

843 5482 964 5519 i'uiu
994 5464 1154 5517 Israel
1188 5472 1462 5515 convertet
1495 5462 1558 5512 ad
1595 5459 1877 5512 Dominum
1918 5459 2081 5510 Deum
2109 5458 2347 5524 ip~oruiu
2378 5474 2392 5522 ;

846 5568 896 5608 rt
930 5559 1040 5624 ipse
1094 5557 1356 5622 praecedet
1388 5561 1508 5604 ante
1539 5553 1685 5604 illum
1762 5552 1813 5602 iu
1864 5550 2056 5617 spiritu
2093 5559 2144 5601 et
2197 5550 2394 5600 virtute

847 5645 1058 5697 tiliae“.
1095 5662 1112 5693 ι
1150 5642 1280 5695 Nam
1328 5644 1475 5709 virgo
1509 5642 1744 5695 manebit
1776 5643 1915 5694 Velut
1955 5641 2072 5703 iste,
2123 5647 2174 5691 el
2208 5638 2260 5689 in
2308 5641 2398 5690 de-

970 5823 1014 5852 ²⁰
1052 5821 1184 5876 Luc.
1229 5834 1266 5885 ι,
1331 5819 1414 5872 15.

2478 3365 2576 3430 οὐχ
2606 3363 2693 3414 ἵνα
2736 3362 2926 3430 ἐκείνῳ
2975 3379 3028 3413 τι
3063 3361 3388 3432 προσθῶμεν
3419 3365 3496 3424 εἱς
3531 3363 3706 3428 δόξαν·
3742 3360 3856 3427 πῶς
3893 3364 4039 3433 idP;

2480 3453 2595 3506 ἀλλ’
2625 3452 2711 3505 ῐνα
2744 3453 2842 3521 τὴν
2876 3452 3096 3520 ὀφειλὴν
3125 3454 3284 3521 ἡμεῖς
3335 3453 3703 3523 ἁποτίσὼμεν,
3736 3455 3960 3517 ἕκαστός
3987 3471 4044 3506 τε

2484 3543 2589 3613 ίδία
2616 3542 2708 3593 καὶ
2740 3545 2892 3610 κοινῇ
2927 3541 3126 3602 πάντες
3166 3543 3232 3593 τὰ
3262 3544 3379 3594 κατ’
3405 3544 3611 3594 ἐκεῖνον
3645 3545 3921 3612 θαυμάσια
3953 3547 4047 3596 καὶ

2481 3634 2773 3703 ὑμνοῦντες
2817 3632 2911 3684 καὶ
2937 3631 3305 3701 διηγούμενοι.
3361 3632 3539 3695 ’Ἅπας
3595 3635 3693 3702 μὲν
3743 3636 3849 3704 γὰρ
3878 3635 3906 3686 ὁ
3935 3635 4046 3704 βίος

2481 3724 2574 3776 τοῦ
2611 3726 2666 3775 ὲν
2715 3725 2991 3790 γεννητοῖς
3050 3724 3328 3790 γυναικῶν
3379 3724 3517 3794 ὑπὲρ
3574 3725 3816 3788 ἅπαντας
3865 3725 4048 3795 θαῦμα

2484 3817 2780 3884 θαυμάτων
2804 3814 2969 3868 ἐστίν.
3016 3816 3126 3884 Οὐχ
3150 3817 3176 3866 ὁ
3210 3814 3319 3884 βίος
3353 3816 3406 3867 δὲ
3442 3817 3597 3884 μόνον
3634 3817 3778 3879 arra;
3825 3816 3917 3869 τοῦ
3955 3821 4049 3870 καί

2484 3910 2588 3974 πρὸ
2632 3906 2723 3959 τοῦ
2777 3907 3104 3976 γεννηθῆναι
3162 3909 3466 3977 προφήτου,
3518 3909 3612 3958 καὶ
3661 3911 4048 3976 περισσοτέρου

2483 3998 2590 4049 τῶν
2616 3997 2906 4064 προφητῶν
2947 3997 3218 4059 Ἰωάννου,
3248 3997 3382 4048 ἀλλὰ
3412 3997 3504 4047 καὶ
3532 3998 3598 4048 τά
3627 3998 3804 4067 πολλῷ
3827 3999 3930 4065 πρὸ
3957 3999 4049 4051 τοῦ

2487 4087 2602 4155 βίου
2657 4086 2750 4138 καὶ
2803 4086 2940 4153 μετὰ
2993 4085 3082 4137 τὸν
3145 4085 3277 4153 βίον,
3313 4086 3410 4136 ὅσα
3470 4091 3605 4155 προς
3663 4085 3850 4138 τοῦτον
3884 4088 4051 4139 τείνει

2489 4180 2707 4231 πάντων
2764 4177 3055 4244 θαυμάτων
3089 4177 3230 4227 ἐστὶν
3285 4177 3563 4227 έπέκεινα’
3619 4176 3758 4227 θεῖαι
3808 4177 3905 4245 μὲν
3945 4177 4049 4247 γάρ

2489 4273 2614 4340 περὶ
2671 4267 2836 4320 αὑτοῦ
2892 4268 3225 4335 προρρήσεις
3266 4268 3561 4336 προφητῶν
3612 4267 3924 4336 θεολήπτων
3954 4270 4051 4334 ἄγε

2489 4362 2642 4428 γε).ον
2674 4360 2834 4414 αὑτὸν
2868 4361 2967 4412 οὐκ
2998 4358 3281 4428 ἄνθρωπον
3319 4359 3716 4427 άναγράφουτι,
3751 4359 3843 4411 καὶ
3879 4360 4052 4426 φωτὸς

2491 4448 2736 4516 λυχνίαν,
2782 4447 2875 4499 καὶ
2909 4446 3180 4514 θεοφεγγῆ
3233 4463 3352 4497 τινα
3381 4447 3473 4498 καὶ
3512 4447 3786 4514 ἑωσφόρον
3826 4449 4052 4516 ἀστέρα,

2493 4539 2565 4600 ὡς
2624 4538 3001 4606 προδραμόντα
3052 4537 3144 4587 τοῦ
3193 4536 3344 4604 ἡλίου
3393 4537 3489 4604 τῆς
3542 4537 3924 4605 δικαιοσύνης,
3957 4542 4054 4592 καὶ

2495 4628 2657 4683 αὑτοῦ
2702 4628 2794 4680 τοῦ
2858 4629 3030 4693 Λόγου
3084 4625 3174 4678 τοῦ
3213 4626 3347 4678 Θεοῦ
3384 4627 3586 4695 φωνήν·
3643 4628 3784 4679 τίδὲ
3832 4632 3929 4696 τῆς
3962 4629 4052 4680 τοῦ

2496 4721 2629 4773 Θεοῦ
2666 4721 2847 4789 φωνῆς
2878 4721 2953 4786 τῷ
2983 4719 3102 4788 Θεῷ
3143 4719 3300 4786 Λόγῳ
3351 4718 3738 4787 πλησῑαίτερον
3784 4718 3815 4787 ἦ
3853 4735 4050 4786 συγγε-

2497 4812 2782 4879 νέστερον;
2817 4809 2927 4878 Τῆς
2978 4810 3032 4860 δὲ
3089 4808 3282 4861 τούτου
3345 4808 3653 4876 συλλήψεως
3706 4810 4052 4879 ἐγγιζούσης,

2498 4909 2596 4959 οὐκ
2647 4906 2951 4974 ἄνθρωπος,
2985 4903 3096 4954 ἀλλ’
3142 4902 3369 4969 ἄγγεὶτος
3415 4902 3705 4971 οὐρανόθεν
3751 4906 4052 4968 καταπτὰς,

2500 4999 2767 5066 Ζαχαρίου
2800 4998 2892 5048 καὶ
2929 4993 3211 5048 Ἑλισάὸετ
3250 4993 3362 5045 λύει
3391 4994 3485 5060 τὴν
3517 4996 3822 5062 στείρωσιν,
3850 4997 4055 5045 τίκτειν

2500 5095 2554 5142 ὲν
2583 5089 2734 5158 βαθεί
2768 5089 2914 5156 γήρᾳ
2948 5086 3112 5141 παῖδα
3142 5085 3263 5144 τοὺς
3307 5084 3531 5150 ἀγόνους
3561 5083 3621 5133 ἐκ
3648 5085 3766 5134 νέου
3801 5087 4058 5150 ἐπαγγει-

2501 5183 2749 5250 λάμενος,
2781 5179 2870 5229 καὶ
2902 5176 3100 5243 πολλῆς
3143 5175 3316 5244 χαρᾶς
3363 5175 3637 5242 πρόξενον,
3674 5173 3746 5236 ὡς
3796 5176 3928 5226 πᾶσι
3957 5190 4060 5225 σω-

2501 5272 2687 5340 τήριον
2723 5267 2938 5318 ἒσεσῠαι
2969 5261 3430 5332 προκαταγγέλλει
3458 5261 3554 5326 τὴν
3587 5259 3678 5312 τοῦ
3720 5259 3902 5320 παιδὸς
3934 5263 4060 5310 τού-

2500 5380 2592 5415 του
2645 5362 2928 5428 γέννησιν
2980 5375 2996 5406 r
3035 5354 3373 5420 Ἐσταιγὰρ,
3421 5353 3576 5421 φησὶ,
3615 5352 3786 5418 μέγας
3829 5352 4058 5402 ὶνώπιον

2504 5453 2729 5521 Κυρίου,
2773 5452 2866 5502 καὶ
2896 5445 3037 5500 οἶνον
3091 5449 3182 5498 καὶ
3207 5447 3397 5513 σίκερα
3440 5445 3500 5497 οὐ
3532 5444 3605 5512 μὴ
3641 5445 3757 5514 πίῃ,
3805 5443 3894 5494 καὶ
3925 5442 4061 5511 πλη-

2507 5545 2759 5612 σθήσετσι
2822 5542 3135 5607 Ηνευματος
3194 5538 3350 5603 ἁγίου
3383 5536 3461 5588 ἔτι
3510 5541 3571 5586 εκ
3607 5536 3810 5596 va/.21;
3857 5535 4059 5602 μητρὸς

3745 5624 4056 5691 ἐπιστρέψει

2505 5633 2692 5698 αὑτοῦ,
2745 5633 2841 5687 καὶ
2888 5630 3110 5692 πολλοὺς
3162 5627 3268 5680 τῶν
3306 5627 3434 5679 υἱῶν
3481 5625 3693 5696 Ίσρῖῖῆλ
