4434 6460
467 410 566 475 5ῡ1
1842 411 2169 474 HOMILIA
2204 415 2324 475 XL.
3599 409 3699 469 502

469 523 677 586 ἐκεῖνος
707 512 1036 592 παρανὸμω,
1070 522 1264 591 ἔγημε,
1297 521 1468 590 λόγων
1491 524 1626 591 πρὸς
1651 523 1834 577 αὐτόν’
1866 541 1884 574 ι
1921 524 2035 577 Οὐκ
2066 532 2109 588 Α
2139 523 2220 578 hal

1943 524 2035 577 )ὐκ
2066 532 2109 588 Α
2139 523 2339 580 habere
2374 538 2597 580 uxorem
2626 522 2807 579 fratris
2845 522 2920 579 lui
2956 519 3186 589 Philippi
3218 520 3281 574 ".
3332 538 3347 569 ι
3384 515 3475 572 Ille
3515 526 3694 570 autem

472 609 653 676 ἔξεστί
686 628 770 665 σοι
808 612 951 682 ἔχειν
987 612 1084 683 τὴν
1130 615 1363 677 γυναῖκα
1419 612 1689 666 Φιλίππου
1729 613 1822 667 τοῦ
1880 615 2035 668 άδελ-
2139 615 2223 669 inc

1945 615 2035 668 ηελ-
2139 615 2563 683 iucrepationem
2623 614 2706 668 vel
2732 616 2907 682 potius
2933 609 3332 680 increpationes
3362 623 3466 661 non
3495 608 3696 665 ferens,

474 704 577 771 φοῦ
611 720 727 757 σου.
776 722 796 755 ι
838 705 898 755 '0
924 704 981 756 δὲ
1025 705 1105 755 τὸν
1135 703 1375 772 ἔλεγχον,
1413 704 1613 774 μᾶλλον
1646 705 1700 758 δὲ
1723 706 1848 768 τοὺς
1882 708 2037 775 ἑλέγ-
2137 706 2225 761 isti

1950 708 2037 775 ίγ-
2137 706 2280 761 istud
2315 706 2437 760 aliis
2469 705 2726 773 operibus
2754 703 2915 757 malis
2938 702 3136 770 adjecit
3165 710 3218 755 et
3246 698 3701 753 conclusitJoau-

468 812 598 863 χους
634 794 708 865 μὴ
736 794 942 865 φέρων,
994 795 1305 864 προσέθηκε
1359 798 1456 847 καὶ
1513 796 1673 848 τοῦτο
1707 798 1821 859 τοῖς
1849 797 2034 862 ἄλλοις
2140 812 2219 851 net

1947 814 2034 862 ,οις
2140 812 2261 851 nem
2290 797 2343 849 in
2379 811 2618 852 carcere.
2656 795 2829 849 Porro
2876 793 3160 861 Philippus
3198 791 3288 844 ille
3319 788 3549 843 Herodis
3583 790 3698 858 ipse

470 886 725 954 πονηροῖς
766 886 980 952 ἔργοις,
1032 885 1351 937 κατέκλεισε
1394 885 1487 939 τὸν
1549 886 1803 957 Ἰωάννην
1855 890 1915 941 ὲν
1964 892 2031 960 τῇ
2136 902 2221 956 qm

1964 892 2031 960 τῇ
2136 901 2355 956 quoque
2402 895 2518 940 erat
2552 886 2716 951 filius,
2750 885 2974 939 alterius
3028 883 3197 949 partis
3224 880 3536 944 tetrarcha;
3572 894 3697 933 nam

468 977 704 1047 φυλακῇ.
738 977 1004 1040 Φίλιππος
1034 977 1091 1031 δὲ
1120 969 1275 1041 οὗτος
1298 979 1413 1040 υίὸς
1435 977 1533 1031 καὶ
1555 979 1715 1042 αὐτὸς
1744 976 1814 1050 ἦν
1854 980 2035 1051 Ἠρώ-
2136 993 2219 1033 ent

1949 981 2035 1033 icb-
2136 993 2259 1033 eum
2297 976 2537 1033 Herodes
2569 992 2759 1032 eorum
2804 987 2958 1045 paler
3000 981 3124 1043 post
3159 973 3307 1027 illam
3340 972 3616 1026 crudelem
3646 982 3700 1023 et

462 1068 577 1134 δςυ,
608 1069 803 1137 μοίρας
830 1069 1023 1137 ἐτέρας
1053 1069 1357 1140 τετράρχης
1391 1071 1466 1123 ὢν
1491 1084 1503 1099 ·
1541 1071 1637 1123 τοῦ
1671 1071 1782 1141 γὰρ
1827 1074 2032 1141 πατρὸς
2136 1062 2213 1124 ins

1943 1074 2032 1141 ρὺς
2136 1062 2385 1124 insanam
2419 1070 2706 1124 infantium
2740 1070 2943 1123 caedem
2968 1068 3020 1120 in
3055 1066 3223 1119 exitia
3255 1072 3309 1118 et
3344 1062 3562 1117 morbos
3585 1071 3694 1114 tum

468 1157 647 1211 αὐτῶν
692 1158 930 1228 Ἡρώδου
985 1159 1122 1228 μετὰ
1167 1160 1265 1229 τὴν
1300 1162 1485 1230 ἀπηνῆ
1538 1162 1631 1214 καὶ
1684 1162 2029 1234 φρενοϐλαδῆ
2138 1162 2219 1217 ins

1946 1164 2029 1234 ιδῆ
2138 1162 2473 1217 insanabiles
2502 1172 2617 1216 tum
2653 1160 3031 1215 intolerabiles
3063 1158 3367 1221 incidisset,
3416 1167 3468 1209 et
3496 1162 3697 1208 semet-

468 1249 859 1317 βρεφοκτονίαν
882 1252 1099 1320 ἐκείνην
1125 1257 1430 1323 συμφοραῖς
1469 1254 1559 1305 καὶ
1607 1254 1786 1319 νόσοις
1831 1255 2033 1322 ἀνηκὲη
2136 1254 2216 1322 ips

1946 1257 2033 1308 ιιὲη
2136 1254 2314 1322 ipsum
2346 1272 2409 1308 ex
2458 1254 2642 1308 nimiis
2677 1252 2961 1322 suppliciis
2997 1260 3158 1320 atque
3206 1248 3542 1304 cruciatibus
3588 1251 3697 1299 eri-

471 1357 618 1402 στοις
674 1345 768 1393 καὶ
820 1342 1169 1406 ἀνυποίστοις
1226 1344 1643 1414 περιπεσόντος,
1693 1348 1787 1399 καὶ
1838 1347 2033 1399 ἑαυτὸν
2136 1348 2222 1415 pui

1941 1347 2033 1399 τὸν
2136 1348 2361 1415 puisset,
2386 1346 2603 1413 quando
2626 1347 2850 1414 angelus
2871 1344 3008 1397 dixit
3030 1343 3095 1397 ad
3121 1342 3320 1410 Joseph
3349 1340 3399 1393 in
3427 1339 3692 1409 Egypto:

468 1430 748 1494 ἀνελόντος
785 1431 844 1496 ἐξ
873 1432 1319 1503 ὑπερϐαλλούσης
1349 1435 1503 1494 ἀνίας
1527 1436 1617 1486 καὶ
1640 1437 2028 1505 περιωδυνίας,
2142 1458 2159 1489 ι
2199 1438 2219 1490 Ε

1944 1455 2028 1501 ας,
2142 1458 2159 1489 ι
2199 1438 2372 1507 Surge
2396 1446 2449 1493 et
2481 1439 2666 1507 accipe
2702 1453 2927 1508 puerum
2965 1446 3017 1491 ct
3047 1446 3271 1489 matrem
3303 1448 3444 1501 ejus,
3476 1443 3529 1486 et
3564 1434 3695 1483 vade

468 1524 632 1592 ἡνίκα
657 1528 750 1577 καὶ
790 1527 927 1595 πρὸς
946 1527 1037 1580 τὸν
1079 1524 1276 1595 Ἰωσὴφ
1315 1529 1343 1580 6
1391 1528 1621 1595 ἄγγελος
1668 1532 1726 1582 ὲν
1765 1529 2031 1599 Αίγύπτῳ
2139 1531 2191 1583 in

1945 1547 2031 1599 ττῳ
2139 1531 2191 1583 in
2220 1540 2417 1583 terram
2453 1529 2615 1583 Israel
2647 1546 2663 1593 ;
2694 1531 2892 1582 mortui
2925 1530 3069 1583 enim
3102 1535 3228 1581 sunt
3258 1526 3351 1595 qui
3378 1526 3696 1593 quaerebant

468 1610 661 1665 εἶτεν·
700 1633 719 1666 ι
775 1616 1053 1689 Ἐγερθεὶς
1102 1618 1385 1688 παράλαϐε
1437 1620 1497 1672 τὸ
1530 1620 1745 1673 παιδίον
1796 1623 1891 1674 καὶ
1933 1622 2033 1691 τὴν
2134 1622 2219 1675 aui

1943 1622 2033 1691 τὴν
2134 1622 2371 1675 animam
2411 1623 2560 1688 pueri
2590 1620 2635 1650 "
2662 1639 2674 1685 ;
2706 1639 2724 1671 ι
2752 1621 2914 1689 igitur
2956 1633 3081 1673 cum
3131 1617 3374 1671 Herodes
3422 1616 3560 1669 male
3591 1614 3694 1668 siin

471 1704 685 1774 μητέρα
715 1705 904 1771 αὐτοῦ,
936 1710 1031 1759 καὶ
1062 1708 1296 1778 πορεύου
1323 1711 1399 1772 εἰς
1430 1710 1535 1780 γῆν
1570 1709 1805 1783 Ἰσραήλο
1835 1714 2030 1783 τεθνή-
2135 1712 2222 1765 vit:

1947 1714 2030 1783 μή·
2135 1712 2299 1765 vitam
2357 1712 2689 1781 abrupisset.
2713 1714 2805 1781 qui
2837 1722 2963 1766 tunc
2989 1712 3240 1765 universo
3270 1708 3565 1778 imperabat
3585 1706 3698 1759 Czr-

469 1809 597 1845 κασι
625 1794 732 1864 γὰρ
763 1797 812 1846 οί
843 1796 1131 1866 ζητοῦντες
1184 1801 1285 1870 τὴν
1336 1800 1515 1871 ψυχὴν
1557 1801 1649 1854 τοῦ
1706 1804 1921 1857 παιδίου
1950 1821 1962 1834 ·
2008 1821 2026 1855 ι
2136 1818 2220 1858 sar

1950 1821 1962 1834 -
2008 1821 2026 1855 ι
2136 1818 2246 1866 sar,
2274 1805 2325 1858 in
2357 1812 2592 1873 quatuor
2619 1813 2796 1873 partes
2836 1803 3019 1857 divisit
3053 1802 3170 1869 eius
3197 1815 3442 1871 regnum,
3470 1808 3524 1852 et
3561 1798 3699 1851 duo-

464 1885 563 1938 τοῦ
598 1886 843 1956 Ἡρώδου
876 1891 1060 1943 τοίνυν
1100 1892 1311 1946 ἐκείνου
1337 1894 1524 1956 κακῶς
1552 1895 1612 1948 τὸ
1648 1893 1747 1965 ζῇν
1777 1896 2030 1966 άπορῤή-
2063 1874 2106 1929 B
2137 1898 2215 1951 bu:

1943 1896 2030 1966 5i)-
2063 1874 2106 1929 Β
2137 1898 2236 1952 bus
2264 1897 2483 1967 quidem
2520 1897 2655 1951 alios
2686 1893 2951 1965 praefecit,
2984 1894 3199 1949 duobus
3244 1904 3425 1945 autem
3465 1888 3584 1942 aliis
3618 1894 3694 1939 te:

470 1977 677 2043 ξαντος,
708 1982 737 2033 6
767 1982 876 2034 τῶν
911 1983 1047 2036 ὅλων
1081 1986 1435 2057 αὐτοκράτωρ
1468 1988 1776 2057 τηνικαῦτα
1810 1990 2029 2060 Καίσαρ
2138 1998 2218 2043 tra

1937 2006 2029 2060 παρ
2138 1989 2384 2044 trarcbas
2412 1989 2673 2057 imposuit
2695 1988 2832 2041 filios
2862 1985 3090 2040 Herodis
3109 1983 3414 2052 Philippum
3445 1991 3498 2035 et
3529 1983 3688 2035 istur:

469 2075 543 2133 εἰς
578 2075 815 2144 τέσσαρα
848 2076 1009 2129 διεῖλε
1049 2079 1149 2149 τὴν
1188 2080 1281 2132 ὑπ’
1324 2082 1531 2134 ὶκεῖνον
1560 2064 1756 2153 ἀρχὴν,
1789 2084 2026 2147 καὶτοῖς
2135 2079 2213 2134 lle

1917 2086 2026 2147 τοῖς
2135 2079 2425 2134 Herodem.
2451 2079 2573 2132 Ideo
2601 2078 2935 2147 evangelista
2962 2075 3136 2131 Lucas
3170 2075 3302 2130 dicit
3334 2075 3474 2127 hunc
3499 2081 3634 2125 tetra
3648 2090 3668 2124 ι·

468 2165 568 2231 μὲν
594 2166 744 2219 δυσὶν
781 2167 1001 2239 ἑτέρους
1030 2171 1325 2241 ἐπέστησε,
1356 2173 1467 2228 τῶν
1496 2173 1541 2226 δ’
1567 2175 1771 2244 ἐτέρων
1792 2174 1886 2226 δύο
1926 2191 2027 2242 με·
2134 2171 2219 2224 ch:

1933 2191 2027 2241 με-
2134 2171 2293 2224 cham
2327 2166 2494 2222 fuisse
2517 2164 2736 2231 Judaue,
2766 2165 3074 2234 Philippum
3105 2175 3285 2218 autem
3316 2165 3436 2230 ejus
3470 2162 3684 2215 fratrea,-

468 2253 575 2319 ρῶν
600 2256 762 2328 324
790 2260 1095 2331 τετράρχας
1134 2266 1435 2335 κατέστησε
1470 2266 1598 2329 τοὺς
1630 2267 1726 2320 τοῦ
1775 2267 2019 2336 Ἡρώδου
2121 2276 2215 2328 1⁸03

1937 2268 2019 2319 5ου
2121 2260 2405 2328 regionum
2463 2258 2683 2312 lturidis
2743 2265 2795 2311 et
2844 2255 3282 2317 Trachonitidis.
3345 2256 3563 2326 quando
3624 2257 3688 2307 ad

464 2347 633 2410 υἱοὺς.
657 2351 919 2406 Φίλιππόν
943 2372 1002 2407 τε
1027 2357 1118 2407 καὶ
1157 2358 1246 2409 τὸν
1282 2357 1530 2427 Ἡρώδην
1561 2358 1771 2412 τοῦτον.
1806 2360 1898 2411 Διὸ
1924 2360 2023 2411 καὶ
2124 2351 2215 2407 Jor

1928 2360 2023 2411 καὶ
2124 2351 2413 2407 Jordanem
2444 2350 2595 2406 stetit
2625 2347 2863 2405 Joannes
2895 2350 3196 2418 praedicans
3217 2351 3544 2418 haptisuuuu
3577 2364 3679 2403 nu-

464 2441 491 2490 ὁ
519 2439 912 2513 εὐαγγελιστὴς
962 2446 1176 2509 Λουκᾶς
1213 2452 1530 2519 τετραρχεῖν
1560 2451 1720 2503 αὑτὸν
1752 2451 1899 2517 λέγει
1930 2451 2026 2517 τῆς
2129 2444 2396 2499 nitentia}.

473 2529 734 2594 Ἰουδαίας
762 2549 775 2563 ·
801 2534 1065 2589 Φίλιππον
1095 2538 1151 2591 δὲ
1174 2538 1264 2590 τὸν
1288 2539 1513 2607 ἀδελφὸν
1535 2540 1701 2594 αὑτοῦ
1728 2540 1826 2608 τῆς
1858 2537 2156 2609 Ἰτουραίας
2188 2553 2250 2589 τε
2313 2539 2408 2589 καὶ
2476 2533 2871 2605 Τραχωνίτιδος
2933 2539 3135 2608 χώρας,
3179 2539 3339 2609 ἡνίκα
3391 2539 3461 2607 τῷ
3548 2538 3644 2601 ‘iv:

461 2626 599 2695 δάνῃ
634 2626 833 2696 ἐπέστη
861 2629 888 2680 6
928 2630 1180 2700 Ἰωάννης
1216 2634 1505 2703 κηρύσσων
1533 2635 1816 2704 βάπτισμα
1846 2636 2156 2703 μετανοίας.

536 2710 702 2778 Οὗτος
756 2718 849 2771 οὖν
888 2720 915 2771 6
953 2720 1071 2783 νέος
1130 2722 1375 2791 Ἡρώδης
1412 2724 1696 2792 κρατήσας
1737 2724 1894 2791 ἔδησε
1927 2725 2025 2777 καὶ
2201 2723 2287 2778 Ιῑαι

1938 2725 2025 2777 καὶ
2201 2723 2389 2795 Itaque
2415 2724 2604 2793 junior
2634 2725 2722 2779 hic
2761 2724 3004 2780 llerodes
3034 2733 3302 2795 potestate
3329 2726 3532 2792 potitus
3569 2727 3689 2778 tin-

463 2808 615 2860 ἔίῗετο
640 2809 729 2862 τὸν
764 2810 1016 2879 Ἰωάννην
1044 2814 1100 2863 ἐν
1128 2814 1341 2882 φυλακῇ
1363 2827 1378 2841 ’
1414 2814 1488 2876 ὡς
1518 2816 1615 2883 μὲν
1663 2818 1691 2867 6
1736 2815 2022 2877 Ματθαῖος
2119 2826 2209 2870 ctu

1941 2818 2022 2877 ῖος
2119 2826 2269 2870 ctum
2323 2818 2507 2886 injecit
2548 2816 2810 2872 Joannem
2842 2820 2894 2871 in
2924 2833 3218 2879 carcerem,
3244 2818 3383 2872 sicut
3439 2833 3691 2870 narrare-

467 2902 559 2953 τεαὶ
595 2904 621 2953 6
656 2903 883 2971 Μάρκος
924 2905 1108 2973 φησὶν,
1161 2905 1512 2973 ὲλεγχόμε·.ος
1574 2907 1665 2959 ὑπ’
1711 2906 1877 2960 αὐτοῦ
1933 2907 2020 2959 διὰ
2123 2924 2218 2963 run

1939 2907 2020 2959 διὰ
2123 2919 2249 2963 runt
2275 2910 2562 2964 Mattlneus
2593 2918 2647 2963 et
2680 2909 2912 2972 Marcus,
2959 2910 3272 2979 increpatus
3294 2911 3358 2963 ab
3382 2926 3447 2963 eo
3474 2922 3690 2980 propter

468 2993 564 3060 τὴν
609 2993 934 3064 Ἡρωδιάδα,
960 2998 1028 3068 ἢν
1060 3000 1519 3069 σφετερισάμενος
1554 2996 1644 3070 ἦν,
1667 3003 1901 3067 γυναῖκα
1930 2996 2022 3055 οὖ-
2125 3002 2219 3055 llet

1937 2996 2022 3055 οὖ-
2125 3002 2507 3067 llerodiadem,
2549 3020 2713 3073 quam
2763 3018 2916 3057 suam
2949 3001 3172 3065 fecerat,
3216 3004 3314 3057 etsi
3376 3020 3514 3056 uxor
3544 3015 3688 3057 esset

464 3100 562 3136 σαν
605 3087 698 3138 τοῦ
744 3087 969 3155 ἀδελφοῦ
1008 3088 1192 3141 αὐτοῦ.
1256 3089 1315 3140 '0
1367 3090 1423 3141 δὲ
1461 3091 1678 3154 Λουκᾶς
1707 3091 1768 3143 οὐ
1804 3091 1891 3144 διὰ
1921 3092 2019 3161 τὴν
2123 3093 2215 3146 fral

1935 3092 2019 3161 τὴν
2123 3093 2319 3148 fratris
2363 3095 2471 3149 sui.
2524 3093 2696 3149 Lucas
2751 3105 2929 3149 autem
2987 3112 3093 3148 non
3147 3096 3492 3149 solummodo
3548 3097 3686 3149 dixit

475 3178 773 3256 ’ίίρωδιάδα
821 3179 983 3248 μόνον
1022 3183 1209 3249 φησὶν,
1238 3182 1374 3235 ἀλλὰ
1407 3201 1425 3233 ι
1467 3181 1574 3235 Καὶ
1626 3185 1755 3252 περὶ
1804 3184 2022 3237 πάντων
2124 3198 2222 3251 pro

1934 3201 2022 3237 raw
2124 3195 2339 3252 promer
2386 3184 2769 3249 Herodiadem,
2797 3188 2890 3242 sed
2926 3195 3147 3256 propter
3174 3187 3356 3239 omnia
3392 3188 3530 3239 mala
3566 3204 3685 3255 quae

460 3252 784 3339 ὤν’ὲποίησε
835 3273 1088 3342 πονηρῶν
1140 3275 1169 3325 6
1233 3274 1503 3344 Ἡρώδης,
1559 3275 1870 3345 προσέθηκε
1925 3276 2092 3381 καὶϐ
2125 3278 2209 3332 fec

1933 3276 2022 3330 καὶ
2047 3318 2092 3381 C
2125 3278 2251 3332 fecit
2286 3277 2549 3343 Herodes,
2581 3280 2777 3348 adjecit
2826 3252 2944 3333 boc-
2992 3252 3155 3345 super
3202 3280 3407 3341 omnia,
3432 3288 3485 3331 et
3516 3252 3684 3332 inciu-

462 3360 619 3413 τοῦτο
647 3362 738 3414 ἐπὶ
768 3364 920 3426 πᾶσν,
947 3364 1039 3418 καὶ
1072 3365 1392 3418 κατέκλεισε
1438 3368 1529 3419 τὸν
1572 3368 1829 3436 Ἰωάννην
1870 3370 1927 3421 ὲν
1952 3371 2018 3437 τῇ
2049 3360 2092 3381 υ
2124 3371 2197 3426 sit

1925 3371 2018 3437 ’τῇ
2049 3360 2092 3381 υ
2124 3371 2197 3426 sit
2230 3370 2495 3425 Joannem
2540 3371 2592 3423 in
2622 3386 2844 3425 carcere
2868 3372 2933 3423 ἰ.
2968 3371 3147 3435 Quare
3178 3386 3308 3438 ergo
3336 3371 3428 3425 alii
3461 3386 3657 3439 evang“-

465 3450 699 3518 φυέιακῇ.
746 3470 762 3499 t
804 3452 928 3515 Πῶς
955 3449 1047 3505 οὖν
1078 3456 1126 3506 oi
1176 3455 1323 3509 ἄλλοι
1357 3457 1740 3524 εὐαγγελισταὶ
1772 3458 1865 3511 τοῦ
1898 3458 2025 3529 περὶ
2123 3464 2216 3518 list

1931 3458 2025 3529 rapi.
2123 3464 2263 3518 listzn
2305 3463 2478 3518 solius
2513 3463 2875 3532 correptionis
2922 3464 2989 3516 de
3022 3463 3326 3516 Ilerodiade
3359 3464 3682 3516 mentionem

462 3539 561 3606 *ἧς
598 3540 921 3610 Ἡρωδιάδος
948 3545 1169 3614 ἐλέγχου
1206 3547 1364 3613 μόνον
1396 3551 1724 3616 πεποίηνται
1757 3552 2020 3620 μνήμην;
2125 3557 2213 3611 rec,

1931 3570 2020 3620 1v;
2125 3555 2410 3611 fecerunt?
2465 3555 2733 3622 Quoniam
2788 3553 3234 3608 inearcerationis
3272 3554 3489 3622 quidem
3519 3552 3682 3606 Joan-

475 3636 692 3696 Ἐπειδὴ
732 3638 827 3691 τοῦ
858 3641 1319 3696 κατακεκλεῖσθαι
1348 3643 1438 3697 τὸν
1480 3645 1734 3717 Ἰωάννην
1762 3648 1856 3700 καὶ
1884 3648 2019 3702 ἄλλα
2122 3649 2207 3702 uis

1929 3648 2019 3700 >,λα
2122 3649 2207 3702 nis
2254 3649 2376 3701 alia:
2406 3648 2589 3701 multa:
2623 3646 2842 3700 fuerunt
2871 3660 3070 3709 causa),
3123 3648 3232 3699 imo
3285 3646 3466 3698 omnia
3520 3661 3680 3713 opera

460 3728 630 3782 πολλὰ
662 3731 729 3782 τὰ
761 3732 933 3794 αἴτια,
982 3734 1183 3801 μᾶλλον
1222 3736 1279 3787 δὲ
1328 3736 1505 3789 πάντα
1534 3739 1627 3791 τοῦ
1660 3740 2018 3809 φιλοπονήρου
2123 3756 2211 3809 per

1927 3758 2018 3809 ρου
2123 3740 2366 3809 perversi
2416 3739 2697 3808 principis,
2730 3739 2796 3791 de
2850 3739 3055 3806 quibus
3114 3739 3366 3792 omnibus
3395 3747 3678 3804 correptus

461 3818 722 3885 βασιλέως
756 3820 823 3872 τὰ
857 3821 1014 3890 ἔργα,
1041 3824 1125 3891 ἐφ’
1156 3817 1236 3886 οἷς
1277 3822 1484 3877 ἅπασιν
1515 3827 1892 3896 ἐλεγχόμενος,
1922 3830 2020 3900 τὴν
2124 3846 2211 3883 nm

1932 3830 2020 3900 τὴν
2124 3846 2230 3884 non
2262 3830 2469 3886 ferebat
2502 3830 2725 3885 Joannis
2779 3830 3099 3884 libertatem.
3124 3827 3227 3882 Sed
3272 3829 3499 3883 abscissi
3535 3834 3683 3897 capi,

471 3910 721 3965 Ἰωάννου
749 3914 1063 3985 παρρησίαν
1087 3918 1185 3971 οὐκ
1207 3920 1368 3990 ἔφερε
1393 3935 1407 3947 ·
1437 3923 1530 3974 τοῦ
1557 3922 1611 3974 δὲ
1645 3925 1744 3992 τὴν
1774 3926 2019 3995 κεφαλὴν
2124 3923 2190 3975 tis

1927 3926 2019 3995 λὴν
2124 3923 2190 3975 tis
2222 3937 2385 3976 causa
2416 3920 2515 3976 fuit
2561 3922 2676 3977 sola
2709 3921 2975 3985 adultera,
3000 3922 3113 3974 suis
3162 3921 3369 3975 artibus
3398 3932 3451 3975 et
3478 3922 3678 3974 machi-

458 4004 843 4073 ἀποτμηθῆναι
878 4008 1013 4079 μόνη
1060 4011 1345 4083 γέγονενὴ
1380 4015 1631 4083 μοιχαλὶς
1679 4018 1848 4083 αἰτία,
1900 4022 2019 4083 ταῖς
2123 4025 2209 4067 nat

1929 4022 2019 4083 αἷς
2123 4014 2432 4068 nationibus
2490 4013 2765 4075 insidiata,
2821 4022 2873 4065 et
2906 4012 2958 4065 in
3011 4012 3170 4064 tinem
3203 4027 3339 4080 Opus
3367 4012 3636 4065 adducens
3668 4056 3680 4077 ,

458 4101 591 4165 παρ’
624 4097 823 4165 ἑαυτῆς
875 4104 1145 4169 μηχαναῖς
1184 4120 1241 4156 τε
1274 4106 1368 4157 καὶ
1419 4107 1679 4169 σπουδαῖς
1728 4125 2017 4179 καταπρα-
2120 4117 2209 4161 υιυ

1925 4127 2017 4179 ρα-
2120 4109 2319 4161 ctenim
2352 4107 2440 4160 illa
2474 4107 2853 4161 vehementius
2886 4107 3258 4159 insectabatur
3288 4106 3550 4159 Joannem
3583 4108 3676 4174 qui

456 4188 684 4260 εαμένη,
723 4192 818 4243 καὶ
842 4194 921 4255 είς
944 4193 1098 4255 τέλος
1127 4195 1412 4262 ἀγαγοῦσα
1440 4197 1501 4250 τὸ
1533 4199 1713 4268 ἔργον
1738 4199 1879 4267 αὕτη
1907 4202 2014 4272 γὰρ
2120 4211 2207 4250 cor

1925 4202 2014 4272 πὰρ
2120 4195 2445 4264 corripiebat
2471 4204 2526 4250 et
2554 4195 2840 4248 amovebat
2870 4193 3137 4251 Herodem
3174 4194 3242 4246 ab
3272 4206 3439 4260 Opere
3463 4191 3676 4254 illicito,

455 4283 729 4349 ἐλέγχοντι
763 4285 859 4337 καὶ
904 4285 1221 4341 άνθέλκοντι
1254 4290 1350 4357 τῆς
1388 4290 1708 4361 παρανόμου
1759 4293 2015 4362 πράξεως
2116 4293 2171 4339 (ιι
2205 4302 2206 4309 ‘

1927 4312 2015 4358 εως
2116 4293 2171 4339 et
2205 4282 2417 4337 volebat
2459 4298 2586 4337 eum
2621 4282 2966 4347 interficere;
3002 4279 3159 4337 aliter
3194 4280 3336 4335 enim
3374 4280 3551 4335 delere
3574 4296 3678 4333 non

453 4371 545 4471 τὸν
575 4372 1051 4446 Ἠρώδην,ὲνε⁴ίχεν
1073 4378 1369 4447 ἔγκοτοῦσα
1394 4379 1473 4449 τῷ
1509 4381 1751 4454 Ἰωάννῃ,
1772 4385 1865 4435 καὶ
1889 4384 2015 4454 ἢθε-
2118 4388 2204 4448 pot

1928 4384 2015 4435 Θε-
2118 4386 2325 4448 poterat
2346 4375 2766 4445 increpationem
2797 4389 2919 4444 quae
2943 4376 3201 4427 adversus
3229 4388 3346 4427 eam
3380 4372 3492 4426 fieri
3529 4372 3679 4471 vide—

451 4460 544 4515 λεν
570 4464 733 4518 αὐτὸν
763 4467 1080 4522 ἀποκτείναι
1101 4486 1116 4503 ο
1146 4472 1206 4524 οὐ
1242 4472 1352 4542 γὰρ
1379 4468 1448 4542 ἦν
1498 4473 1673 4537 ἄλλως
1705 4479 2012 4545 κατασιγᾶ-
2115 4472 2202 4524 bal

1929 4479 2012 4544 τᾶ-
2115 4472 2295 4524 batur.
2328 4469 2521 4523 Verum
2541 4483 2647 4522 non
2678 4467 2903 4535 simplex
2938 4467 3057 4521 erat
3079 4468 3286 4520 facinus
3317 4482 3440 4520 cum
3471 4480 3532 4519 ea
3560 4460 3680 4535 pcr-

456 4572 545 4608 σαι
577 4557 667 4609 τδν
694 4558 769 4621 ὡς
795 4560 970 4613 ἐδόκει
1012 4562 1134 4615 κατ’
1166 4564 1336 4629 αὐτῆς
1371 4565 1608 4634 ἔλεγχον.
1644 4566 1755 4635 Οὐχ
1805 4567 2011 4620 ἁπλοῦν
2117 4571 2200 4631 pel

1925 4567 2011 4620 ῦῦν
2117 4569 2407 4631 petratum,
2433 4559 2541 4613 imo
2569 4574 2666 4613 nec
2717 4559 3062 4614 solummodo
3097 4558 3316 4627 duplex,
3364 4556 3459 4610 sed
3511 4557 3676 4610 etiam

453 4646 509 4698 δέ
536 4663 590 4698 τι
621 4648 682 4699 τὸ
736 4649 857 4702 κατ’
887 4651 1061 4720 αὐτὴν
1088 4652 1258 4721 μύσος
1287 4649 1375 4724 ἦν.
1404 4655 1524 4707 οὐδὲ
1571 4656 1793 4708 διπλοῦν
1825 4658 2005 4725 μόνον,
2039 4665 2088 4724 D
2116 4668 2204 4705 mu

1926 4676 2005 4723 ον,
2039 4665 2088 4724 ι)
2116 4650 2562 4721 multiplex.Nam
2584 4662 2697 4705 erat
2722 4651 3044 4704 adulterium
3066 4649 3309 4702 omnium
3330 4658 3675 4717 peccatorum

454 4738 589 4791 ἀλλὰ
629 4740 723 4792 καὶ
757 4740 1097 4794 πολλαπλοῠν
1126 4760 1138 4775 ο
1175 4746 1389 4813 μοιχεία
1420 4763 1478 4797 τε
1522 4748 1628 4816 γὰρ
1656 4744 1741 4817 ἦν,
1770 4750 1828 4801 τὸ
1870 4751 2009 4803 πάν·
2118 4752 2203 4796 ῑυΐ

1923 4751 2009 4803 {m-
2118 4744 2531 4811 turpissiinum,
2567 4758 2665 4796 nec
2711 4743 2779 4795 ab
2840 4742 2945 4794 alio
3008 4740 3241 4810 quodam
3290 4740 3674 4799 commissum,

451 4844 560 4880 των
587 4830 1000 4899 ἁμαρτημάτων
1030 4833 1333 4900 αἴσχιστον,
1359 4838 1452 4889 καὶ
1482 4838 1540 4886 οὐ
1573 4839 1701 4905 παρ’
1721 4839 1908 4908 ἑτέρου
1936 4857 2010 4894 τι·
2116 4835 2202 4887 δι’(ί

1936 4857 2010 4894 τι.
2116 4835 2208 4887 scd
2248 4851 2277 4888 a
2312 4833 2474 4887 fratre
2535 4833 2631 4885 viri
2701 4832 2959 4886 adultera:
2986 4871 3000 4895 ,
3044 4831 3189 4886 illius
3235 4848 3264 4887 a
3305 4849 3413 4901 quo
3468 4834 3675 4903 prolem

451 4921 539 4983 νὸς
568 4923 952 4993 ἐκτελουμένη.
985 4923 1118 4977 ἀλλὰ
1152 4926 1301 4993 παρὰ
1354 4925 1447 4978 τοῦ
1497 4927 1728 4996 ἀδελφοῦ
1772 4932 1864 4983 τοῦ
1911 4932 2008 5001 τῆς
2116 4940 2202 4978 ³ο(

1926 4932 2008 5001 τῆς
2116 4933 2419 4992 acceperat,
2447 4925 2517 4977 ita
2543 4933 2599 4977 ut
2620 4922 2727 4976 tilia
2752 4924 2931 4977 adhuc
2953 4924 3177 4989 viveret,
3204 4924 3345 4979 unde
3366 4925 3529 4979 etiam
3556 4937 3677 4993 post

454 5015 848 5084 μοιχευομένης
876 5016 1089 5084 ἀνδρὸς,
1119 5018 1214 5069 καὶ
1244 5017 1726 5089 παιδοποιήσαντος
1765 5022 1882 5090 μετ’
1911 5024 2008 5075 αὐο
2117 5032 2205 5069 1110

1923 5024 2008 5075 ιὺ-
2117 5027 2344 5069 mortem
2379 5014 2480 5069 viri
2515 5014 2668 5069 fratri
2699 5018 3003 5070 secundum
3054 5016 3227 5086 ipsam
3260 5017 3433 5086 legem
3476 5016 3674 5087 Moysis

450 5106 547 5172 τῆς
587 5107 818 5171 ἐκείνου,
840 5106 913 5170 ὡς
948 5109 1041 5159 καὶ
1072 5108 1172 5177 τὴν
1208 5110 1374 5163 παῖδα
1405 5111 1506 5179 ζῇν
1535 5110 1636 5174 ἔτι,
1670 5112 1695 5165 δ
1729 5114 1818 5165 καὶ
1866 5114 2005 5167 ἀπο·
2118 5124 2201 5161 "0|

1922 5131 2005 5167 το-
2118 5124 2223 5161 non
2250 5107 2445 5161 licebat
2474 5106 2619 5161 illius
2651 5123 2875 5162 uxorein
2903 5110 3120 5162 ducere.
3153 5109 3243 5161 ille
3267 5120 3469 5169 autem.
3507 5110 3673 5164 fratre

449 5194 702 5259 θανόντος
734 5198 963 5265 ἐκείνου,
1002 5201 1093 5251 τὸν
1128 5201 1356 5269 ἀδελφὸν
1400 5202 1518 5254 οὐδὲ
1569 5205 1709 5255 κατὰ
1750 5205 1842 5256 τὸν
1875 5206 2003 5259 Μω-
2114 5200 2200 5251 Oli:

1922 5208 2003 5258 [ω-
2114 5200 2279 5252 etiam
2300 5198 2420 5252 vivo
2439 5209 2489 5252 ct
2523 5199 2684 5253 filiam
2716 5201 2971 5264 habente,
3005 5211 3183 5253 tormn
3211 5202 3429 5256 violavit
3458 5221 3470 5267 ;
3500 5218 3673 5273 neque

450 5288 587 5349 σέως
613 5289 776 5357 νόμον
806 5290 1101 5362 συνεχώρει
1144 5292 1243 5362 τὴν
1296 5294 1506 5347 ἐκείνου
1539 5297 1769 5361 γυναῖκα
1807 5297 2003 5366 γῆμαι.
2116 5306 2201 5343 ωε(

1916 5315 2003 5351 Lm,
2116 5290 2329 5344 occulte
2374 5291 2531 5359 quasi
2595 5291 2823 5360 quadam
2878 5292 3221 5345 dubitatione
3279 5292 3667 5358 turpitudinem

460 5380 520 5432 ’0
558 5380 615 5434 δὲ
650 5383 741 5434 καὶ
781 5382 979 5447 ζῶντος
1008 5384 1100 5437 τοῦ
1135 5385 1363 5455 ἀδελφοῦ
1417 5388 1509 5439 καὶ
1558 5387 1829 5457 θυγατέρα
1855 5390 2007 5458 ἔχον-
2116 5398 2211 5451 ονε

1922 5406 2007 5441 ον.
2116 5398 2347 5451 Operaus
2377 5423 2390 5448 ,
2417 5382 2509 5436 sed
2543 5392 2727 5452 aperte
2789 5394 2841 5436 ct
2891 5385 3226 5454 iuqmdenter
3264 5384 3527 5451 flagitium
3552 5401 3673 5453 pcr-

446 5489 540 5534 τος
574 5474 935 5528 ἐπεϐούλευσε
970 5479 1035 5547 τῇ
1090 5476 1244 5547 κοίτῃ
1277 5492 1292 5507 ο
1323 5477 1443 5531 οὐδὲ
1471 5478 1601 5546 γοῦν
1632 5479 1897 5549 κρυφίως,
1930 5481 2003 5544 ὡς
2114 5485 2197 5543 P-‘ll

1930 5481 2003 5544 ὡς
2114 5474 2398 5543 patrando.
2432 5474 2506 5528 Ita
2530 5492 2655 5545 ergo
2683 5477 2784 5531 sub
2814 5477 2959 5530 onmi
3004 5477 3211 5530 ratione
3242 5475 3461 5530 malitia:
3494 5473 3672 5528 iudul-

450 5561 571 5627 μεθ’
606 5563 905 5636 ὑποστολῆς
962 5583 1109 5629 τινος
1164 5566 1491 5636 ἐργάζεσθαι
1546 5568 1643 5638 τὴν
1690 5570 1997 5637 ἀσέλγειαν,
2113 5584 2194 5633 get

1921 5589 1997 5635 ιν,
2113 5584 2266 5633 gens,
2312 5584 2487 5639 neque
2522 5568 2705 5623 ferens
2738 5585 2796 5624 se
2825 5569 3053 5639 proinde
3081 5567 3304 5636 corripi,
3357 5568 3409 5619 iu
3447 5581 3672 5619 carcere

442 5653 577 5707 am
620 5657 900 5727 παρρησίᾳ
932 5659 1025 5711 καὶ
1073 5658 1606 5729 ἁπηρυθριασμένως
1664 5658 1895 5724 ἐξετέλει
1943 5661 2002 5713 τὸ
2112 5660 2191 5715 Jo:

1943 5661 2002 5713 τὸ
2112 5660 2378 5716 Joannem
2407 5663 2656 5718 occlusit.
2700 5665 2766 5715 At
2792 5680 2982 5717 carcer
3009 5663 3122 5732 ipse
3150 5662 3321 5731 major
3351 5669 3469 5715 erat
3494 5658 3665 5711 inem-

550 5841 591 5869 "
628 5839 787 5893 .ilarc.
827 5856 897 5907 \‘t,
948 5841 1025 5895 l3.
1107 5841 1149 5871 “
1178 5837 1363 5893 Matth.
1406 5854 1461 5901 tt,
1506 5836 1583 5892 l5.
1666 5844 1703 5866 λ’
1732 5838 1861 5889 lui.
1900 5864 1945 5883 ιρ
2020 5838 2078 5889 i'i
