4434 6460
765 357 867 421 503

2009 371 2386 433 GREGORII
2428 373 2742 434 PALAMJE

3886 375 3994 448 504

765 477 930 540 patio,
965 475 1185 530 auditus
1210 485 1265 530 et
1294 488 1637 544 conspectus,
1681 481 1928 549 famaque
1957 499 2210 552 grassans
2238 503 2330 555 per
2358 496 2402 554 Α
2436 489 2507 558 μύ

2248 503 2330 552 per
2358 496 2402 554 Α
2436 489 2628 558 μύσος.
2667 491 2822 544 Οὕτω
2848 492 2979 558 γοῦν
3018 491 3159 545 κατὰ
3208 494 3388 546 πᾶσαν
3439 493 3697 546 ποόθεσιν
3741 495 3999 567 προσκεί-

763 567 880 619 loea
909 567 1465 636 omnia,quapropter
1515 570 1776 627 llerodias
1825 572 2086 630 Joannem
2143 594 2325 644 perse-

764 657 1054 725 quebatur,
1095 658 1144 710 id
1189 669 1266 712 est
1297 661 1431 712 iram
1469 662 1732 716 adversus
1763 679 1885 716 eum
1923 665 1976 717 in
2022 667 2183 721 corde
2219 683 2320 722 suo

767 747 1062 811 nutriebat,
1089 757 1142 800 et
1186 749 1398 802 volebat
1435 765 1556 803 eum
1593 751 1921 818 interficere,
1955 755 2048 808 sed
2079 771 2185 809 non
2214 773 2316 826 po-

769 850 925 892 terat.
971 858 988 890 ι
1043 838 1284 894 Herodes
1314 841 1456 894 enim
1507 843 1781 898 metuebat
1819 843 2108 909 Joannem,
2143 851 2322 902 sciens

765 944 888 980 eum
930 931 1100 982 \‘irum
1131 929 1339 998 justum
1373 943 1425 983 ct
1452 938 1725 984 sanetum.
1769 951 1786 983 ι
1821 933 2070 989 Timebat
2099 937 2318 1004 quidem

771 1021 1011 1074 llerodes
1065 1021 1326 1075 Joannem
1365 1032 1587 1090 propter
1637 1025 1858 1080 virtutis
1909 1026 2318 1091 excellentiam,

770 1111 940 1164 Deum
978 1124 1156 1164 autem
1190 1129 1294 1165 non
1329 1113 1571 1178 timebat,
1603 1129 1631 1166 a
1664 1129 1772 1183 quo
1803 1116 2112 1170 hominibus
2153 1117 2324 1171 virtus

768 1202 1109 1268 infunditur;
1149 1218 1247 1256 nec
1297 1202 1563 1258 Joannem
1599 1206 1827 1260 timebat
1862 1215 1918 1260 ut
1973 1208 2164 1274 talem,
2199 1209 2323 1275 quia

770 1295 975 1346 sciebat
1006 1309 1130 1347 eum
1158 1294 1366 1363 justum
1404 1305 1458 1348 et
1487 1306 1760 1359 sanctum,
1794 1297 1888 1351 sed
1926 1298 2152 1352 timebat
2198 1314 2322 1353 eum

772 1396 990 1452 promer
1023 1377 1228 1449 turbas,
1266 1387 1393 1455 quia‘
1419 1397 1672 1456 tauquam
1705 1389 2020 1458 prophetam
2055 1389 2325 1445 habebant

770 1495 918 1543 rum,
952 1482 1408 1546 quemadmodum
1455 1481 1591 1534 dixit
1652 1481 1967 1546 Mattltmus;
2001 1498 2126 1536 nam
2185 1485 2328 1538 sicut

773 1571 887 1635 ipse
917 1571 1157 1640 seripsit,
1189 1587 1294 1625 non
1323 1572 1436 1625 sola
1474 1572 1759 1638 Herodias,
1796 1578 1888 1628 sed
1923 1584 1978 1627 et
2012 1575 2126 1640 ipse
2158 1574 2327 1630 Hero-

775 1661 891 1720 des,
919 1678 1040 1715 cum
1075 1663 1227 1716 vellet
1250 1660 1510 1716 Joannem
1539 1665 1806 1724 occidere.
1831 1665 2056 1719 timebat
2089 1667 2323 1720 turbam.

2437 599 2599 651 μενος
2623 585 2688 652 τῇ
2717 583 2904 651 κακίᾳ,
2938 583 3234 637 κάντεῦθεν
3273 585 3365 638 τὸν
3416 586 3636 654 ἔλεγχον
3669 583 3746 650 μὴ
3791 584 3996 651 φέρων.

2435 675 2494 727 ἐν
2543 675 2755 744 φυλακῇ
2791 675 2880 727 τὸν
2917 675 3170 742 Ἰωάννην
3227 677 3598 730 κατέκλεισεν.
3638 675 3802 727 Ἀλλὰ
3834 675 3926 726 καὶ
3961 677 3993 742 ή

2437 765 2652 834 φυλακὴ
2708 766 2847 833 αὕτη
2885 766 3086 833 μείζων
3134 767 3352 835 ἔλεγχος
3387 763 3475 836 ἧν,
3534 767 3630 821 καὶ
3662 767 3994 833 άκουομένη,

2435 855 2530 908 καὶ
2557 855 2830 925 ὁρωμένη,
2855 858 2949 908 καὶ
2981 857 3070 909 διὰ
3106 859 3322 910 πάντων
3370 858 3612 926 φοιτῶσα
3642 857 3732 912 διὰ
3767 856 3866 922 τῆς
3897 857 3997 923 φή-

2438 963 2546 1014 μης
2571 962 2584 976 ⁶
2613 945 2699 998 διὰ
2731 947 2888 1000 τοῦτο
2929 949 3022 1000 καῖ⁵
3051 950 3081 1016 ἡ
3122 949 3394 1018 Ἡρωδιὰς
3442 951 3644 1018 ἐνεῖχεν
3688 948 3874 1009 αὑτὸν,
3903 948 3997 1014 δη-

2434 1035 2605 1090 λονότι
2649 1037 2747 1107 τὴν
2804 1039 2946 1092 κατὰ
3005 1040 3099 1093 τοῦ
3144 1043 3394 1095 Ἰωάννου
3453 1042 3653 1110 μανίαν
3713 1042 3771 1092 ἐν
3823 1041 3990 1106 ἑαυτῇ

2433 1128 2646 1196 ἔτρεφε,
2675 1129 2767 1181 καὶ
2801 1129 2994 1196 ἤθελεν
3027 1131 3189 1183 αὑτὸν
3243 1134 3582 1192 ἀποκτεῖναι,
3609 1131 3705 1183 καὶ
3735 1131 3835 1183 οὐκ
3867 1128 3993 1192 τ,δὺ-

2434 1235 2593 1270 νατο·
2627 1236 2644 1269 ι
2693 1218 2751 1271 '0
2776 1220 2885 1288 γὰρ
2923 1219 3188 1290 Ἡρώδης,
3221 1224 3400 1289 φησὶν,
3435 1222 3682 1290 ἐφοϐεῖτο
3727 1222 3818 1273 τὸν
3880 1221 3993 1272 ’ἰω-

2435 1309 2620 1378 άννην,
2657 1309 2808 1372 εἰδὼς
2833 1311 2994 1363 αὐτὸν
3019 1313 3188 1381 ἄνδρα
3211 1313 3420 1366 δίκαιον
3450 1312 3546 1364 καὶ
3578 1313 3753 1376 ἅγιον.
3783 1329 3800 1361 ι
3835 1310 3992 1377 Ἐφο-

2435 1400 2581 1452 ϐεῖτο
2623 1399 2720 1466 μὲν
2748 1401 2776 1452 6
2812 1401 3059 1472 Ἡρώδης
3111 1406 3202 1456 τὸν
3250 1403 3501 1470 Ἰωάννην
3539 1403 3629 1456 διὰ
3658 1402 3717 1452 τὸ
3747 1401 3844 1469 τῆς
3870 1401 3995 1468 ἀρε-

2435 1490 2534 1558 τῆς
2565 1491 2923 1561 ὑπερϐάλλον,
2950 1495 3049 1545 οὐκ
3079 1493 3324 1561 ἐφοϐεῖτο
3345 1495 3402 1547 δέ
3442 1493 3532 1546 τὸν
3589 1493 3744 1554 Θεὸν,
3777 1489 3907 1559 παρ’
3931 1481 3991 1541 οὗ

2435 1582 2546 1642 τοῖς
2585 1582 2893 1650 ἀνθρώποις
2939 1586 2972 1652 ή
3012 1585 3179 1654 ἀρετή
3203 1601 3218 1615 ο
3252 1586 3372 1638 οὑδέ
3423 1585 3587 1638 αὐτὸν
3618 1584 3866 1649 ἐφοϐεῖτο
3900 1579 3994 1632 τὸν

2448 1670 2700 1742 Ἰωάννην
2731 1675 2825 1728 ἅτε
2855 1675 3117 1740 τοιοῦτον,
3141 1677 3315 1730 καίτοι
3348 1679 3441 1730 καὶ
3486 1678 3648 1738 αὐτὸς
3693 1676 3882 1728 τοῦτον
3915 1673 3994 1723 εί-

775 1756 877 1816 δὺς
907 1757 1074 1826 ἄνδρα
1108 1757 1312 1808 δίκαιον
1339 1761 1430 1809 καὶ
1459 1757 1636 1824 ἅγιον,
1672 1757 1787 1809 ἀλλ’
1835 1759 2083 1826 ἐφοϐεῖτο
2132 1760 2323 1814 τοῦτον
2358 1763 2448 1816 διὰ
2479 1768 2603 1828 τοὺς
2629 1767 2842 1836 ὄχλους,
2865 1771 2946 1822 ὅτι
2973 1770 3048 1834 ὡς
3085 1773 3374 1842 προφήτην
3400 1773 3561 1824 αὑτὸν
3625 1768 3792 1837 εἶχον,
3851 1768 3994 1821 καθά

777 1863 939 1913 φησιν
989 1845 1018 1895 6
1062 1845 1337 1908 Ματθαῖος
1362 1862 1374 1875 ·
1411 1848 1484 1907 ῶς
1518 1847 1624 1917 γὰρ
1661 1849 1688 1900 6
1732 1848 1893 1910 αὐτὸς
1925 1850 2326 1919 συγγράφεται,
2363 1855 2460 1924 οὑχ
2498 1858 2529 1926 ή
2603 1858 2870 1929 Ἡρωδιὰς
2901 1863 3084 1930 μόνον,
3134 1863 3270 1915 ἀλλὰ
3342 1865 3435 1916 καὶ
3469 1863 3633 1923 αὐτὸς
3681 1863 3706 1913 6
3747 1861 3994 1931 Ἡρώδης

777 1943 945 1993 θέλων
976 1941 1292 1992 ἀποκτεῖναι
1316 1938 1406 1990 τὸν
1448 1939 1718 2011 Ἰωάννην,
1751 1941 1996 2009 ἐφοϐεῖτο
2025 1943 2115 1994 τὸν
2140 1942 2318 2013 ὄχλον.

863 2035 1012 2102 Quod
1031 2045 1208 2088 autem
1232 2035 1442 2089 Marcus
1466 2038 1529 2090 de
1552 2035 1762 2091 Herode
1792 2039 1944 2103 dixit,
1972 2053 2163 2109 nempe
2191 2039 2334 2108 quod
2368 2049 2408 2103 Β

781 2133 1008 2184 libenter
1040 2128 1302 2182 Joannem
1337 2128 1614 2191 audiebat,
1663 2127 1743 2182 sic
1776 2127 2181 2195 intelligendum
2208 2140 2328 2193 est;

779 2223 1228 2292 quemadmodum
1250 2224 1299 2274 in
1330 2222 1638 2290 potionibus
1665 2220 2158 2276 medicantentariis
2187 2235 2337 2275 ama-

781 2316 1071 2368 ritudinem
1118 2315 1334 2384 quidem
1375 2314 1662 2378 sentimus,
1689 2314 1781 2368 sed
1802 2327 1896 2367 eas
1936 2321 2113 2366 tamen
2138 2312 2339 2381 accipi-

783 2425 920 2469 mus,
947 2409 1070 2475 quia
1107 2407 1229 2461 inde
1263 2423 1542 2476 speramus
1565 2408 1874 2472 utilitatem,
1912 2408 1982 2460 ita
2006 2422 2036 2461 e
2065 2408 2337 2462 contrario

782 2500 813 2552 d
839 2521 847 2548 τ
882 2499 1254 2566 spiritualibus
1283 2500 1569 2564 doctrinis,
1599 2500 1665 2554 iis
1692 2500 1906 2568 quidem
1937 2501 2335 2554 natura'suavi-

785 2595 882 2644 lius
918 2593 1251 2647 delectantur
1281 2594 1368 2660 qui
1402 2594 1479 2647 eis
1520 2608 1625 2646 non
1654 2596 2072 2662 persuadentur,
2126 2596 2220 2652 sed
2249 2597 2337 2652 illa

783 2699 849 2737 ne
872 2697 1120 2752 ,uaquam
1163 2684 1452 2754 accipiunt,
1486 2685 1716 2740 scientes
1749 2686 1838 2740 illa
1871 2689 2051 2756 pravis
2081 2689 2197 2744 suis
2241 2689 2339 2741 de-

784 2776 996 2830 sideriis
1032 2775 1315 2831 obluctari.
1336 2775 1428 2830 Sic
1462 2775 1693 2830 libenter
1717 2791 1839 2832 eum
1869 2779 2334 2856 prius.audiebat,

788 2871 928 2932 ideo,
967 2870 1164 2938 inquit,
1195 2870 1535 2924 custodiebat
1570 2885 1715 2936 eum,
1746 2881 1798 2925 et
1828 2873 2017 2925 audito
2073 2886 2137 2926 eo
2167 2872 2335 2925 multa

787 2960 1038 3015 faciebat.
1095 2960 1294 3015 Verum
1354 2977 1474 3014 cum
1528 2964 1741 3016 soleant
1792 2963 1917 3016 mali
1976 2963 2101 3018 odio
2136 2965 2339 3018 habere

785 3055 1161 3122 Corripicntes,
1203 3054 1327 3106 odio
1356 3062 1574 3122 propter
1606 3057 2034 3124 increpationem
2077 3071 2338 3125 superve-

788 3151 988 3207 llit‘fllf‘,
1021 3146 1108 3199 illa
1140 3147 1320 3199 omnia
1353 3156 1705 3202 contemnens
1754 3163 1874 3202 cum
1921 3149 2163 3202 adultera
2201 3163 2337 3202 con-

788 3256 829 3291 Si
850 3240 1052 3292 ntiebat
1081 3239 1145 3291 de
1177 3239 1406 3292 consilio
1426 3239 1730 3304 homicidii,
1761 3255 1811 3294 et
1836 3241 2022 3294 volens
2046 3242 2156 3309 ipse
2180 3239 2339 3292 Joan-

789 3346 907 3382 nem
945 3331 1211 3392 occidere,
1243 3341 1300 3384 ut
1337 3330 1470 3382 dixit
1504 3330 1807 3395 Mattltatus,
1851 3332 2070 3385 timebat
2096 3331 2335 3396 turbam,
2366 3372 2407 3429 Ο

788 3435 893 3474 ιιοιι
923 3422 1046 3489 quia
1085 3429 1348 3474 metueret
1371 3434 1489 3472 eam
1529 3420 1943 3487 refragaturam,
1979 3424 2070 3476 sed
2099 3422 2226 3490 quia
2256 3422 2328 3475 ti-

793 3521 960 3563 meret
1019 3527 1084 3562 ne
1135 3511 1202 3563 ab
1236 3524 1297 3561 ra
1338 3509 1737 3576 reprobaretur,
1765 3509 2018 3577 quoniam
2070 3523 2167 3576 pro
2212 3523 2338 3576 pro-

790 3605 949 3673 pheta
990 3618 1110 3656 eum
1176 3602 1462 3655 habebant.
1506 3598 1734 3652 Noverat
1791 3615 1956 3664 enim,
2001 3614 2122 3651 nam
2167 3599 2341 3652 nenii-

794 3712 916 3749 nem
970 3697 1077 3747 haec
1128 3693 1344 3753 latebat,
1403 3692 1776 3745 excellentiam
1818 3691 2031 3743 virtutis
2067 3699 2119 3744 et
2159 3692 2342 3759 gratia:

791 3782 1029 3846 Jraun's,
1061 3792 1114 3835 et
1165 3795 1286 3834 cum
1323 3781 1534 3834 cederet
1565 3779 1707 3833 laudi
1757 3795 1820 3834 ex
1874 3781 2209 3833 multitudine
2248 3796 2340 3835 ve-

795 3877 982 3938 nienti,
1027 3883 1078 3927 et
1113 3875 1339 3939 gloriam
1380 3875 1447 3927 ab
1477 3888 1536 3927 ea
1574 3882 1891 3937 sectaretur,
1927 3873 2149 3926 timebat
2173 3889 2240 3927 ne
2274 3873 2341 3927 ab

795 3984 865 4022 ρει·
886 3970 1253 4028 damnaretur,
1284 3975 1338 4019 et
1365 3964 1601 4033 tingebat
1631 3980 1754 4033 erga
1785 3964 2045 4018 Joannem
2079 3966 2218 4035 piam
2246 3966 2342 4019 do-

795 4063 1070 4115 cilitatem.
1097 4058 1198 4113 Sed
1229 4055 1516 4117 Herodias.
1551 4073 1669 4110 cum
1700 4059 1865 4111 sciret
1891 4073 2012 4110 eum
2037 4058 2101 4110 ad
2135 4058 2338 4110 malum

799 4164 1006 4203 vertere
1041 4151 1180 4201 hunc
1219 4159 1419 4200 metmn
1454 4146 1634 4210 solvit,
1667 4156 1714 4200 ct
1746 4148 1810 4200 ad
1841 4148 2038 4200 caedem
2068 4147 2209 4200 sicut
2243 4162 2343 4214 pu-

797 4242 949 4302 tavit,
985 4241 1062 4292 vel
1109 4239 1283 4306 potius
1313 4247 1370 4291 ut
1399 4236 1607 4300 fefellit,
1656 4239 2094 4306 irreprehensam
2133 4237 2341 4301 traxit;

794 4347 916 4384 nam
990 4331 1265 4382 iracundia
1327 4329 1510 4383 furens
1539 4338 1592 4382 et
1623 4330 2031 4398 sanguinolenta
2072 4329 2122 4382 id
2156 4328 2344 4382 stude-

798 4424 886 4475 bat
925 4431 976 4472 ut
1015 4421 1223 4472 facinus
1254 4420 1438 4472 multis
1485 4423 1704 4483 celaret,
1739 4430 1788 4473 et
1818 4420 1882 4473 ad
1921 4435 2060 4489 opus
2096 4421 2343 4474 adduce-

799 4520 876 4563 ret
916 4526 1072 4562 suum
1112 4511 1162 4560 in
1199 4510 1497 4577 Bap:istam
1528 4519 1582 4564 et
1628 4511 1945 4579 prophetam
2004 4513 2212 4569 odium.
2246 4513 2346 4584 lgi-

801 4611 908 4662 tur,
948 4602 1020 4651 ait
1063 4599 1294 4661 Marcus,
1331 4615 1451 4653 cum
1500 4599 1615 4654 dies
1649 4613 1986 4669 Opportunus
2035 4603 2339 4668 accidisset,

2513 2044 2578 2096 Ὅ
2613 2042 2669 2095 δέ
2695 2059 2859 2110 φησιν
2894 2043 2924 2095 6
2973 2043 3199 2110 Μάρκος
3251 2042 3380 2111 περὶ
3420 2041 3682 2111 Ἡρώδου,
3711 2044 3791 2096 ὅτι
3824 2043 3994 2112 ήδέως

2438 2136 2601 2206 ήκουε
2634 2136 2727 2188 τοῦ
2754 2135 3021 2199 Ἰωάννου,
3045 2135 3284 2188 τοιοῦτόν
3311 2136 3427 2186 ἐστι
3455 2151 3466 2164 ·
3495 2136 3742 2204 καθάπερ
3769 2137 3859 2188 ἐπὶ
3889 2137 3993 2188 τῶν

2441 2226 2701 2296 ίατρικῶν
2750 2226 3008 2293 πομάτων
3060 2224 3428 2292 αἰσθανόμεθα
3481 2226 3578 2294 μὲν
3613 2226 3710 2294 τῆς
3747 2227 3991 2294 πικρίας,

2438 2319 2846 2388 καταδεχόμεθα
2875 2319 2930 2372 δὲ
2967 2320 3126 2384 αὐτὰ,
3155 2320 3250 2388 τὴν
3281 2319 3388 2370 ἀπὸ
3446 2319 3650 2371 τούτων
3688 2318 3995 2378 ἐννοοῦντες

2437 2414 2727 2480 ὠφέλειαν,
2750 2411 2922 2473 οὕτως
2942 2412 3315 2478 ἀντιστρόφως
3346 2412 3438 2462 ἐπὶ
3465 2411 3575 2462 τῶν
3606 2410 3994 2478 πνευματικῶν

2439 2505 2804 2575 διδαγμάτων,
2836 2504 3055 2574 ἥδονται
3115 2503 3213 2571 μὲν
3281 2502 3467 2562 αὐτοῖς
3520 2501 3785 2561 τοιούτοις
3833 2501 3993 2566 φύσει

2437 2601 2690 2669 γλυκέσιν
2721 2594 2838 2651 οὖσι
2863 2599 2954 2650 καὶ
2983 2597 3034 2648 oi
3084 2598 3157 2664 μὴ
3188 2597 3396 2656 τούτοις
3449 2593 3782 2662 πειθόμενοι,
3806 2594 3866 2644 οὐ
3899 2609 3996 2643 κα-

2437 2692 2755 2760 ταδέχονται
2776 2689 2831 2742 δὲ
2859 2687 3017 2749 αὐτὰ,
3037 2685 3134 2752 τὴν
3155 2685 3261 2738 ἀπὸ
3283 2684 3486 2737 τούτων
3506 2684 3805 2746 ἐννοοῦντες
3833 2682 3995 2752 225

2439 2783 2575 2850 πρὸς
2609 2781 2706 2842 τὰς
2740 2779 2947 2840 οἰκείας
2993 2779 3234 2844 πονηρὰς
3281 2775 3488 2845 ὀρέξεις
3522 2775 3794 2827 ἀντίθεσιν
3820 2791 3832 2804 ·
3865 2776 3992 2835 ἴσως

2437 2872 2494 2924 δέ
2524 2873 2614 2923 καὶ
2652 2871 2823 2939 ἡδέως
2854 2869 2953 2938 μὲν
2987 2867 3203 2920 ἀκούων
3230 2862 3295 2937 ἦν
3326 2865 3493 2918 αὑτοῦ
3551 2867 3837 2936 πρότερον,
3873 2865 3994 2914 ἐπεὶ

2439 2965 2531 3017 καὶ
2584 2963 2890 3030 συνετήρει,
2941 2963 3128 3029 φησὶν,
3182 2958 3364 3020 αὑτὸν,
3423 2957 3518 3011 καὶ
3579 2956 3790 3009 ἀκούων
3829 2951 3992 3007 αὐτοῦ

2439 3054 2607 3107 πολλὰ
2643 3053 2811 3106 ἐποίει
2838 3069 2853 3084 ο
2888 3051 3208 3118 πεφυκότων
3235 3049 3290 3102 δέ
3319 3049 3427 3101 τῶν
3455 3048 3642 3100 κακῶν
3668 3050 3842 3116 μισεῖν
3865 3047 3993 3106 τοὺς

2439 3148 2780 3214 ἐλέγχοντας,
2819 3143 2912 3197 τοῦ
2941 3145 3129 3209 μίσους
3155 3143 3586 3212 προσγενομένου
3614 3141 3702 3194 διὰ
3731 3140 3820 3192 τὸν
3843 3139 3995 3205 ἐλεγ-

2439 3256 2554 3308 χον,
2585 3228 2802 3290 πάντων
2831 3235 3105 3303 ἀλογήσας
3137 3233 3363 3286 ἐκείνων
3416 3233 3712 3298 συνεφὼνει
3755 3233 3820 3298 τῇ
3876 3246 3994 3298 μοι·

2441 3331 2710 3402 χευομένῃ
2747 3329 2888 3380 κατὰ
2928 3329 3022 3395 τὴν
3077 3327 3257 3396 φόνιον
3305 3324 3550 3393 γνώμην,
3581 3325 3672 3376 καὶ
3705 3323 3872 3374 θέλων
3904 3321 3995 3373 καὶ

2443 3424 2606 3483 αὐτὸς
2641 3421 2958 3472 ἀποκτεῖναι
2985 3418 3073 3469 τὸν
3117 3417 3396 3484 Ἰωάννην,
3429 3415 3572 3468 καθὰ
3599 3431 3764 3482 φησιν
3790 3431 3816 3464 o
3847 3415 3996 3465 Ματ-

2441 3515 2609 3574 θαῖος,
2639 3511 2886 3582 ἐφοϐεῖτο
2913 3509 3002 3562 τὸν
3032 3510 3208 3577 ὄχλον,
3235 3509 3334 3560 οὐκ
3365 3507 3617 3559 ἐνστασίν
3651 3523 3773 3558 τινα
3808 3504 3994 3565 δεδιὼς

2443 3608 2506 3658 ἐκ
2541 3604 2766 3666 τούτων,
2801 3601 2935 3655 ἀλλὰ
2983 3601 3148 3670 μόνην
3204 3600 3303 3668 τὴν
3339 3598 3446 3650 ἀπὸ
3483 3597 3687 3649 τούτων
3722 3597 3997 3662 111(1va-

2443 3718 2549 3764 σιν,
2584 3696 2878 3765 ἐπειδήπερ
2907 3694 2980 3755 ὡς
3013 3693 3298 3762 προφήτην
3324 3691 3486 3742 αὑτὸν
3525 3685 3668 3758 εἶχον
3694 3705 3710 3721 ο
3743 3688 3858 3758 ᾔδει
3887 3688 3996 3755 γὰρ

2442 3793 2516 3854 ὡς
2556 3789 2746 3843 οὐδένα
2785 3788 2891 3838 τῶν
2925 3786 3179 3838 ἁπάντων
3206 3782 3395 3851 λέληθε
3422 3782 3481 3834 :6
3529 3773 3715 3852 1:5pt6v
3746 3781 3843 3847 τῆς
3872 3780 3997 3847 ἁρε-

2441 3882 2538 3950 τῆς
2574 3881 2666 3933 καὶ
2692 3878 2910 3947 χάριτος
2945 3875 3210 3937 Ἰωάννου,
3236 3875 3329 3926 καὶ
3354 3875 3449 3941 τῆς
3480 3873 3627 3940 παρὰ
3653 3871 3758 3924 τῶν
3789 3870 3994 3922 πολλῶν

2443 3974 2599 4039 δόξης
2631 3971 2891 4038 ὑπάρχων
2935 3968 3113 4037 ἥττων
3162 3965 3410 4033 ἐφοϐεῖτο
3459 3965 3556 4032 τὴν
3598 3963 3748 4033 παρὰ
3790 3964 3994 4016 τούτων

2445 4062 2800 4131 κατηγορίαν,
2832 4058 2922 4110 καὶ
2949 4056 3038 4108 τὸν
3067 4055 3196 4124 παρ’
3228 4055 3405 4107 αὐτῶν
3436 4054 3750 4124 θηρώμενος
3776 4054 3996 4105 ἔπαινον

2445 4159 2590 4210 ἐστιν
2616 4153 2698 4221 ἐφ’
2722 4147 2796 4206 ῶν
2820 4152 2897 4203 ἔτι
2923 4150 3017 4218 τὴν
3051 4149 3186 4218 πρὸς
3206 4147 3297 4200 τόν
3333 4149 3590 4214 Ἰωάννην
3615 4149 3995 4216 προσεποιεῖτο

2446 4247 2618 4302 πειθὼ
2657 4247 2752 4297 καὶ
2781 4241 3086 4295 εὐλάϐειαν.
3131 4239 3268 4291 Ἀλλ’
3301 4242 3332 4308 ή
3378 4239 3646 4308 Ἡρωδιὰς
3683 4239 3818 4305 σοφὴ
3863 4234 3998 4290 οὖσα

2445 4340 2536 4393 τοῦ
2571 4333 2932 4403 κακοποιῆσαι
2966 4334 3061 4384 καὶ
3108 4329 3298 4383 τοῦτον
3347 4330 3410 4395 δὴ
3459 4330 3550 4381 τὸν
3598 4329 3760 4395 φόϐον
3807 4328 3995 4380 ἔλυσεν

2445 4429 2612 4498 αὐτῷ,
2648 4427 2740 4479 καὶ
2773 4428 2905 4492 πρὸς
2951 4423 3040 4474 τὸν
3093 4422 3273 4488 φόνον,
3303 4421 3376 4481 ὡς
3427 4421 3665 4488 ἐνόμισε,
3700 4419 3898 4488 μᾶλλον
3940 4420 3995 4469 δὲ

2444 4521 2515 4582 ὼς
2547 4520 2828 4586 ἠπάτησεν
2875 4510 3219 4578 ἀνεγκλήτως
3269 4509 3473 4576 ἐπῆρεν
3500 4523 3512 4537 ·
3554 4507 3851 4573 ἐγκοτοῦσα
3887 4508 3996 4575 γὰρ

2448 4609 2542 4662 καὶ
2571 4605 2789 4674 φονῶσα
2827 4601 3018 4671 καιρὸν
3047 4600 3228 4668 ἐζήτει
3257 4600 3358 4665 τὴν
3398 4598 3503 4651 ἀπὸ
3535 4599 3640 4651 τῶν
3671 4599 3875 4650 πολλῶν
3909 4616 3999 4650 σν-

799 4696 1007 4744 seiliu-t
1051 4692 1114 4744 ad
1150 4691 1454 4745 carniﬁcem
1509 4693 1989 4760 machinationem,
2033 4695 2161 4748 dum
2203 4696 2342 4750 rele-
2376 4702 2420 4759 υ
2451 4717 2550 4752 σκιι

2245 4696 2342 4750 ἒΙο·
2376 4702 2420 4759 D
2451 4699 2670 4752 σκιάσαι
2713 4694 2936 4764 μέμψιν,
2961 4694 3052 4744 καὶ
3079 4692 3411 4758 προαγαγεῖν
3438 4691 3516 4751 εἰς
3547 4691 3706 4758 ἔργον
3734 4690 3828 4756 τὴν
3858 4693 3996 4742 κατᾶ

801 4787 1084 4838 brarentur
1119 4783 1345 4836 Herodis
1378 4783 1644 4847 natalitia,
1679 4785 1823 4837 omni
1849 4786 2065 4853 quidem
2093 4789 2341 4841 multitu-

800 4878 925 4936 dme
967 4885 1309 4944 congregata,
1351 4885 1401 4928 et
1432 4875 1686 4930 omnibus
1720 4891 1920 4930 mensze
1952 4878 2347 4934 discumbenti-

800 4972 916 5029 lius,
951 4967 1169 5019 intra\it
1202 4967 1254 5019 in
1278 4967 1462 5020 medio
1497 4968 1736 5020 omnium
1784 4969 1898 5034 ejus
1937 4969 2040 5023 filia
2095 4974 2157 5025 de
2192 4972 2348 5026 indu-

799 5060 929 5113 S'ria
958 5073 985 5111 a
1013 5068 1182 5111 marte
1210 5058 1470 5122 immissa,
1494 5069 1738 5113 etcoram
1772 5061 1942 5116 oculis
1971 5061 2210 5114 omnium
2239 5063 2349 5116 sal-

802 5152 951 5214 taiit,
992 5161 1044 5204 et
1087 5151 1287 5216 placuit
1327 5148 1521 5205 licrodi
1558 5160 1610 5205 et
1632 5155 1858 5207 eieteris.
1894 5152 2026 5206 Nam
2071 5155 2346 5221 quomodo

806 5241 1124 5295 llerodiadis
1157 5242 1280 5306 filia,
1311 5257 1341 5294 a
1371 5253 1540 5297 matre
1564 5244 1843 5312 producta,
1873 5260 1976 5299 non
2009 5245 2349 5314 impudenter

803 5339 1075 5398 satiasset,
1117 5351 1214 5389 nec
1257 5334 1453 5389 licrodi
1491 5337 1823 5406 placuisset?
1857 5337 1930 5390 lta
1980 5353 2105 5391 vero
2148 5338 2349 5392 lascivo

812 5426 919 5494 regi
954 5426 1136 5478 arrisit
1187 5425 1470 5493 impudens
1530 5427 1767 5490 saltatio,
1811 5435 1870 5480 ut
1931 5427 2144 5480 saltanti
2202 5428 2350 5482 dice-

808 5530 882 5571 ret
920 5538 929 5571 :
965 5537 982 5568 ι
1020 5519 1143 5571 Pete
1175 5534 1203 5570 ιι
1236 5534 1320 5571 me
1349 5520 1488 5584 quod
1524 5518 1621 5582 vis,
1655 5529 1707 5572 et
1736 5518 1875 5572 dabo
1913 5519 2025 5572 tibi.
2062 5518 2123 5573 Et
2149 5520 2353 5585 jurm-it

808 5614 879 5663 illi
918 5630 928 5662 :
968 5611 1092 5679 quia
1137 5611 1394 5678 quidquid
1431 5612 1652 5678 petieris
1687 5612 1827 5666 dabo
1866 5615 1983 5677 tibi,
2030 5614 2155 5668 licet
2183 5613 2346 5665 dimi-

809 5705 952 5754 .iéuui
998 5703 1140 5769 regni
1178 5702 1279 5754 mei
1305 5701 1368 5752 ³⁵.
1407 5719 1423 5753 ι
1459 5701 1570 5755 fixit
1599 5707 1662 5756 ad
1689 5715 1914 5757 matrem
1953 5714 2003 5758 et
2035 5704 2349 5774 magistram

910 5819 950 5845 "
986 5815 1124 5869 .‘-i.t:‘c
1186 5833 1252 5881 ιι,
1283 5815 1370 5869 Ἡ.

2451 4785 2542 4838 τοῦ
2569 4781 2871 4836 Βαπτιστοῦ
2896 4780 2988 4831 καὶ
3013 4779 3294 4848 Προφήτου
3324 4777 3536 4846 μανίαν.
3557 4779 3855 4847 Γενομένης
3881 4779 3996 4840 οὖν,

2453 4879 2636 4946 φησὶν,
2671 4874 2877 4943 ἡμέρας
2907 4873 3190 4938 εὐκαίρου,
3225 4870 3363 4939 πρὸς
3387 4871 3484 4938 τὴν
3513 4870 3734 4938 φονικὴν
3758 4870 3996 4937 δηλονότι

2455 4968 2719 5039 μηχανὴν,
2751 4965 3087 5030 τελουμένων
3121 4961 3224 5013 τῶν
3276 4961 3565 5028 γενεθλίων
3619 4960 3886 5029 Ἡρώδου,
3907 4964 3998 5011 καὶ

2452 5060 2652 5119 anu-:6;
2683 5058 2778 5125 μὲν
2806 5053 2899 5107 τοῦ
2924 5054 3080 5122 ὄχλου
3107 5051 3545 5119 συνειλεγμένου,
3573 5052 3787 5103 πάντων
3807 5051 3861 5102 δὲ
3891 5049 3997 5102 τῶν

2451 5155 2508 5204 ἐν
2540 5151 2685 5203 τέλει
2740 5145 3195 5215 προκαθημένων,
3233 5143 3448 5212 εἰσῆλθε
3507 5143 3706 5206 μεταξὺ
3756 5143 3993 5204 πάντων,

2452 5243 2710 5310 ἀφεθεῖσα
2741 5241 2871 5308 παρ’
2917 5238 3089 5304 αὐτῆς
3134 5235 3383 5304 ἐπίτηδες
3421 5235 3452 5302 ἡ
3496 5235 3695 5302 ταύτης
3729 5233 3997 5301 θυγάτηρ,

2452 5336 2547 5388 καὶ
2575 5333 2677 5384 ὑπὸ
2704 5331 2826 5392 τοὺς
2857 5329 3111 5382 ἁπάντων
3147 5325 3458 5394 ὀφθαλμοὺς
3495 5324 3783 5394 ὠρχήσατο
3817 5324 3874 5374 :6
3907 5340 4000 5373 κο·

2457 5429 2664 5498 ράσιον,
2711 5424 2805 5476 καὶ
2854 5422 3017 5489 ἤρεσε
3049 5420 3159 5479 τοῖς
3203 5435 3260 5469 τε
3298 5417 3478 5477 ἄλλοις
3529 5421 3619 5467 και
3650 5415 3726 5484 τῷ
3763 5413 3999 5483 Ἡρώδῃ.

2457 5519 2577 5580 Πῶς
2609 5517 2715 5585 γὰρ
2767 5515 2864 5564 οὐκ
2902 5511 3124 5578 ἔμελλεν
3163 5509 3328 5578 αὐτῆς
3363 5525 3419 5560 τε
3455 5506 3613 5570 οὖσα,
3647 5507 3737 5558 καὶ
3786 5505 3875 5558 ὑπ’
3907 5505 4002 5555 αὑ-

2453 5613 2550 5679 τῆς
2589 5605 2942 5678 προαχθεῖσα,
2989 5603 3083 5654 καὶ
3131 5601 3361 5661 ἀναιδῶς
3412 5598 3768 5668 ὀρχήσασθαι,
3805 5598 3896 5649 καὶ
3925 5595 4001 5664 τῷ

2468 5700 2680 5770 Ἡρώδῃ
2711 5697 2985 5767 ἁρέςκειν;
3006 5694 3130 5746 Ἐπὶ
3159 5691 3410 5743 τοσοῦτον
3439 5689 3492 5740 δὲ
3522 5687 3611 5740 τ,ῦ
3645 5687 4002 5754 φιλοπιίαίμοο
