4434 6460
445 383 547 447 595
1837 401 2165 462 IlOMlLlA
2206 407 2325 466 XL.

3563 415 3664 477 506

444 511 526 553 νος
557 495 818 564 ἐκράτησε
853 497 1114 566 βασιλέως
1147 502 1178 570 ἡ
1219 502 1435 571 ἀναιδὴς
1464 506 1710 575 ὄρχησις,
1741 510 1881 563 ὥστε
1907 515 2001 564 καὶ
2029 515 2077 574 Α
2104 529 2195 583 pro

1879 550 1881 558 ι
1907 515 2001 564 καὶ
2029 515 2077 574 Α
2104 516 2412 583 procaeium
2450 515 2641 568 horum
2667 517 2901 571 saltuum
2929 527 3089 587 atque
3115 523 3506 591 praestigiarum
3541 543 3588 592 pi
3628 559 3630 563 -

442 587 614 635 εἰπεῖν
648 587 722 655 τῷ
755 589 995 658 κορασίῳ
1024 607 1037 620 ·
1079 609 1098 642 ι
1142 591 1373 660 Δί’τησόν
1415 612 1481 663 με
1512 596 1539 648 6
1570 597 1662 649 ἐὰν
1694 598 1872 669 θέλῃς,
1905 605 1998 654 καὶ

441 676 594 729 δώσω
624 695 745 730 σοι·
777 681 869 732 καὶ
913 681 1128 748 ὤμοσεν
1175 687 1333 754 αὐτῇ,
1380 688 1458 739 ὅτι
1496 690 1559 742 Ὃ
1604 691 1699 741 ἐάν
1743 694 1996 762 αἰτήσῃς,

439 766 593 820 δώσω
628 787 728 830 σοι,
757 773 858 834 ἓως
889 774 1119 840 ἡμίσους
1146 775 1245 841 τῆς
1280 777 1558 844 βασιλείας
1594 798 1716 848 μου.
1759 799 1775 830 ι
1818 783 1998 852 Ἐξέρ-

440 877 591 927 χεται
624 863 756 930 πρὸς
779 864 876 932 τὴν
899 866 1109 936 μητέρα
1134 869 1222 919 καὶ
1247 869 1559 922 διδάσκαλον
1605 873 1711 923 τῶν
1740 873 1995 939 ἀσέμνων

442 951 697 1018 ἀλμάτων
723 954 944 1006 ἐκείνων
969 958 1061 1008 καὶ
1091 957 1443 1026 λυγισμάτων
1470 961 1529 1012 τὸ
1550 961 1766 1023 ἀναιδὲς
1791 963 1993 1032 κόριον,

439 1043 770 1109 ἀπαγγέλλει
799 1047 888 1097 τὸν
914 1048 1096 1114 ὅρκον,
1130 1051 1280 1118 ζητεῖ
1323 1051 1634 1122 διδαχθῆναι
1669 1055 1729 1106 τὸ
1764 1057 1992 1126 αἰτημα,

439 1133 749 1188 διδάσκεται
803 1138 1082 1206 πάραυτα,
1136 1144 1228 1194 καὶ
1285 1144 1675 1213 προθυμότατα
1728 1149 1992 1213 πείθεται,

441 1225 535 1274 καὶ
575 1227 706 1294 πρὸς
737 1229 826 1280 τὸν
879 1229 1101 1298 βασιλέα
1157 1235 1295 1300 μετά
1329 1237 1561 1306 σπουδῆς
1610 1239 1993 1308 ἐπανέρχεται,

441 1317 533 1367 καὶ
559 1317 656 1386 τὴν
683 1321 896 1388 αἴτησιν
931 1323 1369 1392 ἀνερυθριάστως
1397 1328 1758 1399 προϐάλλεται
1781 1348 1793 1360 ·
1820 1331 1990 1394 Θέλω,

439 1407 695 1474 λέγουσα,
726 1412 810 1463 ἵνα
841 1413 932 1479 μοὶ
974 1413 1078 1482 δῷς
1122 1416 1180 1482 ἐξ
1225 1419 1416 1487 αὐτῆς,
1466 1421 1545 1472 ὅτι
1589 1421 1843 1490 τάχιστα,
1874 1424 1993 1475 κατ’

440 1500 609 1570 αὐτὴν
631 1503 873 1572 δηλονότι
906 1507 1005 1576 τὴν
1047 1507 1216 1576 ὥραν,
1261 1509 1353 1561 ἐπὶ
1405 1511 1591 1563 πίνακι
1623 1514 1719 1582 τὴν
1754 1513 1992 1583 κεφαλὴν

453 1593 696 1645 Ἰωάννου
731 1595 821 1647 τοῦ
861 1597 1189 1653 Βαπτιστοῦ.
1233 1601 1420 1654 Ταῦτα
1470 1603 1569 1671 μὲν
1615 1600 1708 1656 οῦν
1738 1605 1796 1658 τὸ
1827 1605 1991 1673 κορά-

442 1701 556 1737 σιον
585 1688 1119 1758 ἀπηρυθριασμένως
1150 1695 1328 1762 ᾐτεῖτο
1354 1710 1368 1724 ·
1393 1697 1426 1763 ή
1445 1695 1499 1747 δι
1533 1698 1783 1764 μοιχαλὶς
1815 1698 1988 1763 ἔλυεν,

438 1778 510 1840 ὠς
539 1777 693 1848 ᾤετο,
727 1783 804 1852 τῷ
838 1784 1046 1846 βασιλεῖ
1075 1787 1160 1838 διὰ
1192 1787 1400 1839 τούτων
1452 1790 1673 1859 τὴνηέπὶ
1722 1788 1797 1857 τῷ
1844 1791 1992 1858 φόνῳ

2104 614 2250 660 terra
2299 608 2568 670 saltatrix,
2597 609 2790 674 orum-it
2841 611 3128 677 petendum
3182 615 3621 680 esset,juramen

2105 704 2215 748 tum
2251 699 2461 750 nuntiat
2494 715 2506 760 ;
2572 699 2639 750 ab
2671 713 2730 750 ea
2757 699 3016 750 educetur
3043 708 3096 753 et
3125 703 3432 768 gratissima
3473 707 3651 768 discit,

2100 787 2165 839 ad
2198 804 2376 854 regem
2423 790 2671 842 alaerit-cr
2709 791 2864 854 redit,
2904 800 2959 845 et
3015 793 3324 856 petitionem
3369 811 3465 848 ore
3503 798 3652 851 inve-

2099 883 2337 932 recunde
2371 881 2592 948 exponit
2640 881 2826 934 dicens
2867 900 2880 934 :
2929 899 2946 932 ι
2984 881 3121 934 Volo
3175 894 3231 935 ut
3278 887 3526 951 protinus
3558 887 3653 939 des

2100 971 2229 1023 mihi
2253 972 2303 1024 in
2333 972 2484 1027 disco
2509 981 2668 1039 caput
2696 970 2919 1027 Joannis
2945 972 3197 1042 Baptista;
3219 975 3283 1027 “.
3323 994 3340 1026 ι
3371 976 3521 1041 Quod
3553 979 3656 1031 sa'—

2101 1063 2258 1115 tatrix
2297 1063 2511 1131 quidem
2548 1065 2883 1132 impudenter
2930 1067 3183 1136 poposcit
3222 1085 3234 1130 ;
3280 1072 3489 1122 moecha
3525 1086 3653 1124 vero

2101 1156 2178 1209 sic
2209 1196 2222 1215 .
2260 1165 2318 1208 ut
2357 1157 2601 1224 putabat,
2654 1171 2832 1225 regem
2887 1159 3157 1214 eximebat
3208 1175 3236 1214 a
3276 1163 3654 1229 reprobatione

2098 1257 2317 1317 propter
2346 1249 2545 1302 caedem
2570 1248 2798 1305 Joannis
2821 1251 3075 1318 Baptista:
3103 1253 3423 1308 ineurrenda
3454 1273 3467 1319 ;
3502 1259 3652 1309 vide-

2097 1339 2260 1404 beris,
2289 1341 2485 1408 inquit,
2510 1351 2727 1409 propter
2752 1343 2908 1396 ﬁdem
2931 1343 3252 1410 juramenti,
3281 1347 3505 1401 minime
3535 1365 3655 1414 pro-

2095 1437 2212 1497 pter
2239 1431 2422 1482 odium
2446 1447 2568 1499 erga
2593 1435 2800 1500 justum
2838 1434 3044 1486 c:edem
3075 1445 3419 1502 perpatrare.
3463 1457 3480 1489 ι
3507 1439 3652 1492 Con-

2096 1521 2344 1576 tristalus
2369 1531 2449 1576 est
2475 1539 2591 1586 rex,
2625 1525 2700 1576 ait
2727 1527 3054 1592 evangelista
3082 1543 3096 1591 ;
3130 1537 3355 1594 propter
3379 1529 3653 1598 jusjuran-

2094 1611 2221 1664 dum
2254 1620 2306 1665 et
2340 1624 2558 1682 propter
2611 1615 2768 1667 simul
2819 1616 3262 1679 discumbentes,
3300 1617 3473 1670 noluit
3527 1633 3645 1672 eam

2093 1705 2438 1757 contristare.
2471 1722 2488 1754 ι
2519 1704 2622 1757 Sed
2658 1707 2820 1758 misso
2850 1715 3186 1768 exsecutorc,
3208 1707 3493 1761 decollavit
3516 1722 3641 1762 eum

2095 1795 2146 1848 iu
2195 1809 2433 1858 carcere,
2461 1806 2514 1849 et
2543 1797 2759 1850 allatum
2801 1808 2961 1864 caput
2988 1799 3133 1852 dedit
3164 1799 3454 1852 saltatriei.

437 1875 528 1926 τοῦ
559 1876 860 1934 Βαπτιστοῦ
891 1882 983 1934 καὶ
1032 1883 1308 1950 προφήτου
1353 1885 1684 1952 κατηγορίαν
1708 1901 1721 1914 ·
1752 1883 1852 1936 Διὰ
1879 1886 1977 1955 τὴν
2014 1885 2149 1956 πρὸς
2181 1887 2269 1939 τόν
2300 1890 2462 1956 ὅρκον
2497 1889 2786 1942 εὐλάϐειαν
2835 1891 3031 1954 δόξεις,
3085 1892 3338 1960 λέγουσα,
3408 1892 3497 1944 τὸν
3560 1893 3656 1961 φό-

437 1990 524 2024 νον
561 1975 915 2043 ἐργάσασθαι,
943 1979 1033 2030 καί
1060 1980 1120 2030 οὗ
1153 1980 1248 2031 διά·
1271 1981 1327 2032 τὸ
1355 1981 1492 2048 πρὸς
1525 1983 1615 2034 τὸν
1649 1982 1856 2035 δίκαιον
1891 1985 2066 2050 μῖσος.

2143 2001 2160 2034 ι
2217 1981 2275 2036 Ὀ
2300 1984 2356 2037 δὲ
2428 1983 2690 2051 βασιλεὺς
2767 1985 3066 2054 περίλυπος
3137 1988 3446 2054 γενόμενος,
3493 1987 3649 2052 φησὶ,

435 2069 521 2122 δ.ἀ
550 2088 606 2122 τε
637 2073 759 2133 τοὺς
793 2073 988 2141 ὅρκους
1032 2076 1125 2126 καλ.
1154 2076 1277 2137 τοὺς
1324 2078 1841 2146 συνανακειμένους,
1877 2078 1979 2129 οὐκ
2010 2076 2273 2146 ἠθέλησεν
2319 2079 2488 2146 αὐτὴν
2551 2079 2841 2147 ἀθετῆσαι·
2894 2098 2912 2131 ι
2989 2081 3068 2133 διὸ
3115 2081 3210 2133 καὶ⁵
3242 2081 3464 2149 πέμψας
3512 2082 3650 2131 ἁπε-

435 2165 691 2232 κεφάλισε
719 2167 806 2218 τὸν
847 2167 1098 2237 Ἰωάννην
1134 2171 1189 2221 ἐν
1219 2173 1282 2238 τῇ
1316 2171 1550 2239 φυλακῇ,
1589 2173 1684 2224 καὶ
1706 2170 1906 2239 ἠνέχθη
1953 2172 1982 2239 ἡ
2020 2172 2250 2240 κεφαλὴ,
2280 2173 2375 2224 καὶ
2405 2171 2559 2240 ἐδόθη
2593 2172 2669 2240 τῷ
2701 2172 2960 2242 κορασίῳ.

503 2261 674 2312 Βαϐαὶ
725 2261 902 2313 πόσων
952 2263 1135 2315 κακῶν
1187 2265 1356 2316 αίτιον
1407 2267 1439 2335 ἡ
1492 2265 1822 2331 δοξομανίαι
1869 2264 1984 2318 Οὐκ
2018 2273 2057 2326 Β

435 2354 664 2422 ἠδύνατο
703 2356 961 2423 φονεῦσαι
1010 2356 1097 2409 διὰ
1132 2358 1224 2408 τὸν
1272 2357 1447 2426 ὄχλον,
1500 2357 1786 2424 ἐφόνευσεν
1830 2355 1984 2416 αὖθις

434 2448 518 2498 διά
567 2448 692 2508 τοὺς
739 2449 1266 2517 συνανακειμένους·
1312 2450 1610 2518 περίλυπος
1660 2451 1878 2515 ἐγένετο
1912 2447 1982 2500 δι’

434 2539 581 2590 οὲδὲν
614 2539 762 2603 ἄλλο,
800 2540 831 2607 ἢ
867 2541 953 2592 διὰ
1007 2541 1067 2592 τὸ
1118 2541 1262 2606 δόξας
1297 2545 1394 2612 τῆς
1430 2543 1580 2607 παρὰ
1616 2542 1721 2592 τῶν
1778 2541 1984 2593 πολλῶν

435 2633 762 2701 ἐστερῆσθαι
803 2635 994 2704 δόξης·
1028 2634 1188 2687 στενὰ
1224 2636 1329 2702 γὰρ
1365 2636 1581 2701 ἐγένετο
1619 2633 1881 2686 πάντοθεν
1908 2632 1984 2702 τῷ

437 2723 646 2790 βασιλεί
675 2725 744 2776 τά
775 2725 1098 2793 πράγματα,
1128 2727 1192 2778 ἂν
1225 2727 1321 2794 μὲν
1370 2726 1604 2795 φονεύσῃ
1636 2727 1726 2776 τὸν
1751 2725 1981 2787 δίκαιον,

435 2820 466 2883 ὴ
497 2819 586 2868 επὶ
615 2817 691 2885 τῷ
718 2819 862 2886 φόνῳ
889 2818 1094 2886 μέμψις
1117 2819 1502 2889 προσδόκιμος,
1528 2820 1592 2870 ἂν
1622 2818 1696 2886 μὴ
1721 2816 1981 2884 φονεύσῃ,

434 2909 574 2973 δόξει
625 2911 912 2978 ἐπίορκος·
950 2913 976 2963 6
1008 2912 1168 2981 ὅρκος
1213 2911 1299 2963 διὰ
1341 2909 1676 2978 φιλοτιμίαν.
1728 2909 1754 2959 6
1795 2907 1887 2960 ἐπὶ
1914 2909 1980 2977 τῇ

435 3001 742 3070 παραϐάσει
781 3001 873 3054 τοῦ
928 3003 1091 3071 ὅρκου
1144 3003 1308 3070 φόϐος
1337 3002 1424 3054 διὰ
1455 3001 1780 3069 φιλοδοξίαν,
1819 3001 1845 3051 6
1891 3001 1984 3051 ἐπὶ

439 3096 496 3162 τῇ
526 3093 618 3144 τοῦ
650 3095 810 3162 ὅρκου
843 3093 1057 3163 φυλακῇ
1089 3094 1246 3161 φόνος
1274 3094 1359 3146 διὰ
1398 3093 1496 3162 τὴν
1523 3093 1680 3156 δόξαν
1705 3109 1720 3124 ·
1755 3091 1885 3146 αὐτὸ
1924 3092 1984 3144 τὸ

438 3185 733 3250 συμπόσιον
793 3185 1068 3249 κενοδοξία
1137 3187 1535 3255 συνεκρότησεν
1595 3184 1758 3238 ἅπαν.
1820 3185 1983 3255 226

435 3278 625 3338 Καλῶς
675 3278 780 3347 ἄρα
835 3278 893 3330 ἐν
940 3281 1052 3340 τοῖς
1105 3276 1459 3344 Εὐαγγελίοις
1490 3277 1703 3346 φησὶνό
1732 3275 1930 3344 Κύριος
1965 3293 1978 3306 ⁸

442 3388 458 3418 ι
501 3369 621 3429 Πῶς
650 3368 874 3421 δύνασθε
913 3370 1189 3421 πιστεύειν
1235 3371 1314 3431 είς
1360 3370 1460 3435 ἐμὲ
1505 3367 1661 3433 δόξαν
1696 3368 1845 3436 παρά
1891 3367 1984 3421 ἀλ-

431 3463 606 3525 λήλων
649 3462 1034 3528 λαμϐάνοντες,
1071 3462 1163 3514 καὶ
1220 3461 1320 3530 τὴν
1368 3461 1525 3524 δόξαν
1558 3461 1654 3529 τὴν
1701 3462 1850 3528 παρὰ
1889 3459 1980 3512 τοῦ

439 3569 596 3618 μ’)νου
648 3550 778 3602 θεοῦ
840 3551 912 3619 μὴ
952 3549 1257 3617 ζητοῦντεςς
1306 3567 1324 3599 ι
1382 3546 1601 3616 Ταύτην
1637 3548 1735 3616 τὴν
1783 3546 1842 3609 ἐξ
1895 3547 1982 3598 ἀν-

438 3646 672 3712 θρώπων
723 3645 876 3708 δόξαν
933 3646 1024 3696 καὶ
1077 3644 1318 3696 Ἰουδαῖοι
1370 3644 1654 3711 ζητοῦντες
1696 3643 1793 3698 τὴν
1845 3641 1980 3709 πρὸς

430 3737 590 3789 αὐτὸν
623 3736 887 3804 ἠθέτησαν
915 3734 1116 3798 πίστιν,
1148 3735 1240 3786 καὶ
1265 3733 1324 3786 τδ
1348 3734 1468 3786 καθ’
1496 3735 1718 3794 ἑαυτοὺς
1750 3734 1980 3790 ,πάντων

429 3827 535 3878 τῶν
564 3825 858 3893 προρητῶν
885 3827 980 3895 τὴν
1014 3825 1260 3895 κεφαλὴν
1294 3826 1579 3895 ἐξέκοψαν,
1609 3826 1669 3878 τὸ
1705 3825 1979 3893 πλήρωμα

427 3918 534 3968 τῶν
564 3918 856 3986 προφητῶν
889 3917 1165 3980 ἀνελόντες
1197 3918 1451 3986 Χριστόν.
1485 3918 1723 3970 Τοιαῦτα
1743 3918 1810 3969 τὰ
1841 3917 1977 3986 ἔργα

431 4009 521 4060 τοῦ
554 4009 657 4061 ὺπδ
690 4007 1010 4077 μοιχαλίδων
1046 4009 1138 4059 καὶ
1166 4008 1539 4077 ὀρχηστρίδων
1566 4007 1803 4076 γυναίων
1830 4006 1980 4076 βασι-

429 4101 714 4166 λευομένου
745 4097 1010 4165 βασιλέως
1037 4115 1050 4128 ο
1078 4096 1300 4149 τοιαῦτα
1329 4093 1408 4158 οἷς
1436 4097 1685 4160 θέλγεται
1718 4097 1811 4149 καὶ
1851 4097 1979 4167 ἀρέ-

433 4204 634 4249 σκεται,
664 4188 757 4238 καὶ
790 4187 856 4238 δι’
885 4185 918 4238 ἃ
944 4187 1042 4254 τὴν
1075 4184 1352 4254 βασιλείαν
1381 4187 1689 4254 ἀπεμπολεῖ
1717 4189 1808 4238 καὶ
1841 4200 1977 4255 προ-

423 4277 630 4338 δίδωσι,
657 4276 748 4327 καὶ
783 4277 860 4338 είς
890 4276 1044 4328 τοῦτο
1093 4276 1344 4344 πράξεως
1373 4278 1583 4342 ἄγεται.
1628 4277 1879 4330 Τοιοῦτόν
1924 4293 1977 4328 τι

425 4363 619 4430 ⁴’πάσχει
663 4363 752 4413 καὶ
785 4364 810 4413 6
841 4365 1107 4431 ἡμέτερος
1134 4363 1274 4425 νοῦς,
1304 4364 1552 4432 ἀδελφοί·
1585 4366 1832 4433 βασιλεὺς
1870 4367 1976 4435 γὰρ

425 4453 518 4504 καὶ
547 4452 900 4518 αὐτοκράτωρ
968 4453 1074 4505 τῶν
1132 4454 1316 4505 παθῶν
1350 4455 1455 4507 ὑπὸ
1487 4455 1621 4508 Θεοῦ
1653 4457 1975 4525 δεδημιουρ-

424 4544 679 4610 γημένος,
713 4545 839 4596 ὃταν
871 4545 1030 4606 αὐτὸς
1082 4545 1184 4597 ὑπὸ
1220 4546 1437 4597 ’τούτων
1486 4546 1704 4615 θελχθῇ,
1737 4549 1816 4608 είς
1847 4547 1975 4599 ἀτό-

425 4653 558 4696 πους
583 4635 822 4697 δουλείας
866 4637 958 4688 καὶ
1011 4635 1238 4704 πράξεις
1273 4636 1539 4697 ἐκτύπους
1574 4637 1846 4702 ἐξάγεται,
1882 4639 1975 4690 καὶ

423 4727 562 4779 οὕτω
597 4727 703 4779 τῶν
735 4730 800 4796 τῇ
836 4728 1080 4796 ἁμαρτίᾳ
1132 4728 1222 4779 καὶ
1258 4729 1369 4788 τοῖς
1405 4728 1600 4779 πάθεσι
1643 4728 1975 4796 δεδουλωμέ-

423 4837 528 4870 νων
556 4819 806 4880 ἕκαστος,
830 4819 933 4871 ὑπὸ
955 4818 1046 4870 τοῦ
1077 4819 1277 4871 οἰκείου
1311 4819 1608 4880 συνειδότος
1662 4820 1972 4888 ἐλέγχοντος

2160 2263 2304 2319 lleu!
2354 2275 2677 2334 quantorutn
2711 2282 2871 2319 eausa
2926 2267 3187 2319 malorum
3243 2265 3394 2319 furor
3424 2267 3644 2336 gloriae!

2088 2356 2202 2410 Non
2249 2358 2478 2411 audebat
2526 2357 2774 2411 occidere
2823 2367 3041 2426 propter
3090 2361 3324 2417 turbam,
3360 2369 3411 2412 et
3449 2359 3649 2412 occidit

2087 2459 2308 2517 propter
2361 2450 2524 2502 simul
2560 2450 2999 2515 discumbentes;
3054 2466 3392 2519 nequaquam
3432 2463 3648 2518 propter

2086 2538 2229 2592 aliud
2267 2540 2617 2594 contristatus
2645 2549 2750 2602 est,
2777 2543 2876 2595 nisi
2912 2543 3037 2611 quia
3080 2552 3293 2610 putaret
3325 2558 3381 2595 se
3414 2542 3577 2610 gloria
3617 2557 3646 2594 a

2089 2631 2432 2687 multitudine
2462 2633 2622 2696 exui;
2656 2649 2777 2686 nam
2805 2635 3059 2702 utrinque
3111 2650 3199 2688 rex
3233 2646 3345 2689 erat
3393 2637 3442 2688 in
3481 2651 3650 2704 augu-

2086 2725 2239 2788 stiis;
2275 2725 2316 2777 si
2339 2724 2544 2793 justum
2566 2727 2913 2785 interﬁceret.
2947 2728 3251 2795 reprobatio
3270 2728 3336 2781 de
3358 2727 3648 2780 homicidio

2086 2818 2373 2881 manebat;
2420 2819 2463 2870 si
2517 2833 2622 2871 non
2663 2819 3006 2885 interﬁceret,
3039 2823 3289 2890 periurus
3338 2821 3644 2874 videbatur.

2084 2907 2292 2963 Juravit
2319 2920 2534 2978 prepter
2563 2911 2916 2978 cupiditatem
2947 2913 3142 2977 laudis,
3177 2915 3354 2965 timuit
3389 2929 3453 2965 ne
3476 2912 3648 2980 Jusju-

2086 3003 2317 3055 randum
2351 3001 2574 3054 violaret
2600 3011 2821 3071 propter
2853 3004 3199 3070 cupiditatem
3233 3004 3454 3073 gloria};
3495 3002 3646 3054 occi-

2084 3093 2182 3156 dit,
2236 3102 2449 3146 servato
2487 3094 2866 3161 jurejurando,
2903 3106 3120 3164 propter
3151 3094 3374 3163 gloriam
3420 3112 3432 3147 :
3474 3103 3644 3146 totum

2084 3184 2392 3238 convivium
2449 3184 2629 3239 aﬂecit
2677 3186 2854 3241 inanis
2913 3186 3106 3255 gloria.
3157 3189 3320 3241 Ret-te
3380 3186 3542 3255 igitur
3591 3186 3643 3236 in

2084 3274 2391 3344 Evangelii;
2444 3277 2581 3330 dixit
2607 3278 2885 3345 [Dominus
2929 3295 2941 3332 :
3005 3296 3026 3329 ι
3089 3278 3373 3342 Quomodo
3425 3275 3646 3342 potestis

2083 3367 2304 3421 credere
2323 3369 2413 3436 qui
2442 3369 2664 3436 gloriam
2692 3370 2759 3423 ab
2789 3371 3020 3424 invicem
3049 3371 3313 3437 accipitis,
3336 3380 3387 3424 et
3419 3369 3642 3436 gloriam

2083 3474 2202 3526 quae
2240 3474 2267 3512 a
2304 3458 2410 3513 Deo
2445 3459 2557 3514 solo
2593 3470 2708 3523 est,
2739 3476 2842 3514 non
2883 3462 3122 3529 quarritis
3155 3463 3238 3512 ’τί
3279 3480 3296 3511 ›
3331 3459 3490 3513 Istam
3523 3477 3644 3526 que

2085 3551 2152 3602 ab
2185 3551 2490 3605 hominibus
2526 3561 2604 3606 est
2636 3553 2859 3621 gloriam
2895 3564 3194 3622 quzerentes
3221 3551 3393 3605 Judmi
3437 3552 3644 3619 τρίρρυ-

2086 3650 2210 3694 ruut
2245 3642 2397 3695 [idem
2446 3643 2495 3695 in
2529 3657 2676 3707 eum,
2718 3652 2880 3712 caput
2926 3644 3170 3698 omnium
3227 3643 3316 3710 qui
3359 3641 3500 3709 apud
3549 3649 3644 3692 eos

2083 3732 2303 3786 fuerunt
2344 3733 2724 3803 prolilietarum
2775 3735 3178 3788 dt-collaverunt
3210 3773 3224 3797 ,
3256 3733 3640 3800 plenitudinem

2080 3827 2466 3894 prophetarum
2519 3825 2794 3881 Christum
2846 3826 3212 3880 destruentes.
3267 3825 3390 3890 Haec
3425 3825 3642 3875 fuerunt

2081 3932 2244 3984 opera
2291 3919 2432 3985 regis
2465 3933 2621 3984 quem
2653 3920 2910 3986 regebant
2954 3917 3210 3970 adulteraa
3248 3926 3302 3968 et
3337 3915 3639 3968 saltatriecs

2083 4007 2330 4070 fetuinaz;
2392 4008 2473 4061 liis
2523 4009 2823 4062 delectatur
2853 4017 2905 4061 et
2945 4007 3159 4075 gaudet,
3198 4017 3415 4074 propter
3451 4021 3511 4058 ea
3556 4022 3638 4056 rex

2080 4113 2244 4165 gnum
2281 4098 2462 4150 vendit
2496 4107 2548 4151 et
2579 4100 2778 4165 prodit,
2811 4107 2863 4150 et
2898 4099 2962 4150 ad
3005 4106 3209 4150 tantum
3245 4097 3454 4148 facinus
3485 4095 3639 4147 duri-

2079 4199 2188 4242 tur.
2219 4189 2367 4242 Talia
2395 4190 2598 4258 patitur
2629 4191 2842 4244 animus
2879 4200 3086 4254 noster,
3111 4188 3306 4241 fratres
3332 4204 3345 4250 ;
3376 4203 3495 4238 nam
3529 4187 3640 4253 ipso

2077 4295 2169 4334 rex
2205 4290 2260 4335 ct
2312 4281 2562 4334 dominus
2607 4280 2920 4348 passiooum
2962 4295 2992 4332 a
3035 4279 3144 4332 Deo
3187 4278 3552 4338 eonstitntus,
3592 4277 3638 4328 si

2078 4373 2208 4440 ipsis
2245 4372 2332 4425 ille
2374 4383 2648 4436 pascatur,
2689 4371 2752 4424 ad
2806 4371 3012 4424 alienas
3060 4369 3348 4425 servituti-5
3390 4377 3443 4421 et
3487 4377 3640 4420 actus

2078 4471 2265 4532 turpes
2297 4463 2617 4526 deducitur;
2651 4473 2702 4516 et
2743 4464 2936 4531 singuli
2970 4479 3157 4517 eorum
3191 4462 3281 4530 qui
3313 4462 3382 4513 ita
3419 4470 3636 4529 peccato

2075 4564 2126 4608 et
2145 4555 2486 4624 passionibus
2505 4556 2838 4620 deserviunt,
2859 4557 3075 4623 prOpria
3097 4556 3328 4609 convicti
3353 4555 3639 4607 eonseicu-

2076 4649 2170 4709 lia,
2198 4663 2338 4715 aegre
2363 4645 2596 4702 ferentes
2629 4657 2681 4700 et
2713 4648 3081 4714 indignatione
3119 4648 3269 4705 moti,
3309 4648 3481 4714 primo
3517 4646 3634 4712 qui—

2074 4741 2191 4793 dem
2230 4741 2373 4792 illam
2415 4741 2574 4793 veluli
2609 4740 2959 4802 concludunt,
2996 4741 3133 4793 sicut
3167 4739 3404 4791 Herodes
3471 4738 3637 4790 Joan-

2077 4849 2218 4897 nem,
2268 4847 2364 4887 nec
2399 4833 2543 4886 illam
2592 4833 2779 4884 volunt
2831 4833 3053 4895 audire;
3097 4832 3289 4883 deinde
3328 4845 3497 4896 neque
3549 4846 3637 4894 pa-

423 4908 706 4975 ἀχθόμενοί
738 4925 793 4960 τε
826 4910 917 4961 καὶ
961 4909 1402 4978 δυσχεραίνοντες
1441 4911 1654 4979 πρῶτον
1688 4912 1785 4978 μὲν
1810 4912 1972 4963 οἱονεὶ
2008 4925 2049 4979 ι)
2078 4927 2174 4977 lim-

1885 4912 1972 4963 ’νεῖ
2008 4925 2049 4979 ι)
2078 4927 2279 4978 tiuntur
2312 4925 2498 4977 audire
2526 4927 2683 4977 verba
2718 4940 2836 4992 quae
2871 4926 3070 4991 scripta
3107 4933 3233 4976 sunt
3265 4921 3332 4974 ad
3370 4923 3636 4989 repeiieu-

425 4999 831 5051 κατακλείουσιν
860 5000 1006 5063 αὐτὸ,
1037 5000 1286 5066 καθάπερ
1319 5003 1344 5051 ό
1390 5001 1634 5070 Ἡρώδης
1667 5002 1755 5051 τὸν
1788 4994 1971 5053 Ἰωάν-

424 5109 541 5157 νην,
568 5089 733 5141 αὑτοῦ
775 5092 993 5142 ἀκούειν
1037 5091 1108 5158 μὴ
1148 5090 1390 5149 θέλοντες
1414 5107 1428 5120 ·
1463 5092 1598 5160 πρὸς
1635 5093 1688 5144 δὲ
1724 5095 1974 5155 καὶτοὺς

425 5183 502 5243 εἰς
538 5182 790 5248 ἀθέτησιν
825 5183 923 5251 τῆς
965 5183 1241 5251 ἁμαρτίας
1286 5184 1378 5236 καὶ
1427 5185 1635 5254 τροπὴν
1662 5185 1840 5253 πάσης
1871 5203 1975 5238 κα-

427 5273 755 5339 ιοκάγαθίας
813 5276 1228 5342 γεγραμμένους
1303 5276 1490 5342 λόγους
1560 5277 1693 5346 μηδὲ
1770 5280 1975 5331 τούτων

427 5365 642 5416 ἀκούειν
690 5366 1112 5433 ἀποδεχόμενοι·
1144 5366 1271 5418 ὅταν
1304 5365 1358 5418 δέ
1387 5368 1585 5429 τελέως
1627 5369 1973 5436 κρατηθῶσιν

424 5457 450 5503 -3
465 5455 523 5505 :6
555 5455 648 5521 τῆς
678 5457 1007 5524 παρανόμως
1034 5457 1384 5526 συνοικούσης
1408 5461 1589 5513 αὐτοῖς
1623 5459 1969 5525 Ἡρωδιάδος,

425 5547 485 5610 τῇ
505 5566 518 5572 ·
559 5547 1037 5616 φιλαμαρτήμονος
1065 5551 1308 5618 γνώμης,
1335 5551 1452 5602 τότε
1485 5552 1578 5602 καὶ
1609 5550 1701 5603 τὸν
1732 5551 1970 5619 ἔμφυτον

424 5653 447 5683 ο
496 5639 602 5699 τοῖς
638 5637 738 5705 τῆς
768 5639 987 5709 χάριτος
1026 5640 1203 5708 λόγον,
1234 5643 1334 5711 τὴν
1369 5643 1579 5695 ἑαυτῶν
1620 5661 1760 5714 φημι
1795 5646 1964 5698 συνεί-

489 5814 531 5844 “
558 5815 718 5872 Marc.
754 5835 823 5876 vt.
852 5818 937 5873 9.5.
1016 5821 1056 5851 ¹⁷
1089 5819 1243 5877 Joan.
1276 5837 1325 5886 v,
1368 5821 1454 5876 Η.

2072 5015 2197 5068 dum
2238 5024 2514 5080 peceatum
2543 5031 2556 5078 ;
2590 5015 2678 5069 sed
2712 5031 2834 5067 cum
2879 5016 3099 5068 omnino
3139 5015 3246 5067 dati
3295 5013 3495 5065 fuerint
3539 5029 3628 5077 po-

2075 5105 2249 5157 testati
2307 5103 2623 5157 llerodiadis
2693 5107 2876 5158 illicitc
2921 5120 3042 5157 cum
3105 5105 3235 5171 ipsis
3301 5102 3631 5162 habitantis,

2071 5195 2266 5247 animm
2298 5196 2533 5263 peccatis
2558 5196 2771 5256 deditre,
2798 5195 3022 5247 verbum
3054 5196 3237 5263 gratia:
3269 5195 3346 5245 eis
3378 5193 3633 5253 inditum,

2075 5286 2200 5338 boni
2236 5285 2358 5338 dico
2391 5285 2751 5354 cognitionem
2787 5301 2904 5352 qua:
2944 5286 3048 5339 illis
3083 5287 3240 5358 inest,
3279 5285 3630 5346 tollunt,eam

2072 5392 2296 5445 prorsus
2342 5386 2669 5438 evertentes,
2709 5391 2814 5428 non
2865 5386 3072 5430 tantum
3107 5394 3211 5430 non
3253 5377 3502 5440 credunt,
3539 5374 3633 5427 St'd

2071 5467 2450 5520 contradicunt
2475 5466 2769 5534 Scriptura:
2791 5481 2820 5519 a
2855 5466 2959 5520 Deo
2980 5468 3246 5530 revelatze,
3265 5465 3388 5519 facti
3407 5464 3642 5518 omnino

2066 5559 2238 5627 ignari
2292 5567 2344 5611 et
2375 5559 2703 5630 rcfragautes
2734 5561 2898 5613 verbo
2931 5559 3043 5622 Dei,
3084 5571 3340 5628 tanquam
3389 5556 3636 5610 Herodes

2064 5648 2276 5705 Joanni.
2314 5649 2537 5720 Insuper
2573 5651 2660 5719 qui
2712 5653 3068 5707 adversantur
3120 5655 3346 5707 veritite
3382 5647 3634 5718 pictatis.
