4434 6460
396 373 500 438 7509

1747 378 2079 442 HOMILIA
2140 382 2255 446 XL.

3524 385 3629 449 alii)

400 486 711 558 συρομὲνων
728 489 822 543 καὶ
845 490 1219 561 φθειρομένων
1241 512 1253 522 ·
1276 491 1726 562 παραδράμωμεν
1740 491 1964 555 δικαίως
1998 494 2039 551 Δ
2070 492 2151 547 firt

1892 510 1964 555 ως
1998 494 2039 551 Δ
2070 492 2221 548 ﬁrma
2258 502 2311 550 et
2336 495 2630 551 ineﬂabilia
2667 505 2720 551 et
2753 506 2950 552 :eterna
2971 538 2985 563 ,
3018 510 3139 551 cum
3172 503 3385 550 terrena
3421 497 3643 565 rapian»

400 579 470 630 τά
499 581 940 651 παρατρέχοντα,
962 582 1064 637 κάν
1092 584 1228 650 πρὸς
1256 584 1437 652 ὀλίγον
1476 584 1733 638 σαίνοντα
1761 584 1969 656 κλέπτῃ

403 667 501 739 τὴν
547 671 798 736 αἴσθησιν
822 688 837 703 ·
869 672 1353 744 ἀντιωιησώμεθα
1401 675 1509 728 τῶν
1565 673 1867 744 μελλόντων
1895 673 1970 736 ὡς

408 762 681 828 μενόντων
731 764 826 818 καὶ
869 766 1137 835 μηδέποτε
1187 767 1500 836 λυομένων·
1551 766 1842 835 φεύγωμεν
1874 767 1973 837 τὴν

405 850 541 933 πρὸς
592 848 839 920 Ἡρώδην
872 854 1135 921 όμοῗωσιν
1161 869 1176 884 ⁵
1214 854 1551 924 σπεύδωμεν,
1578 857 1678 923 ὅση
1706 854 1935 925 δύναμις
1954 892 1969 918 ,

409 941 544 1008 πρὸς
573 944 674 1007 τὴν
703 945 796 997 τοῦ
826 936 1142 1016 Πρόδρόμου
1173 947 1271 1016 τῆς
1319 949 1542 1017 χάριτος
1576 948 1829 1017 μίμησιν,
1877 947 1975 1000 καὶ

412 1031 645 1097 μάλιστα
689 1034 910 1089 πάντων
965 1041 1145 1109 ἡμεῖς,
1187 1035 1267 1100 οἷς
1300 1041 1327 1091 ό
1356 1038 1467 1107 βίος
1512 1040 1757 1109 μονήρης
1784 1056 1795 1069 '
1825 1030 1899 1094 ὧν
1938 1040 1971 1107 ἡ

412 1124 657 1179 πολιτεία
709 1128 817 1180 τῶν
870 1130 1150 1197 κοσμικῶν
1200 1132 1340 1184 ἐθῶν
1378 1150 1437 1185 τε
1489 1134 1582 1185 καὶ
1634 1132 1975 1200 πραγμάτων

413 1215 714 1284 διώρισται,
738 1222 829 1272 καὶ
856 1222 1062 1290 ἐγγίζει
1082 1241 1197 1288 πως
1223 1224 1299 1293 τῷ
1326 1224 1574 1295 ἔρημικῷ
1599 1224 1693 1276 καὶ
1725 1241 1977 1292 μεμονω-

417 1307 562 1377 μένῳ
594 1310 691 1378 βίῳ
712 1311 803 1364 τοῦ
834 1314 1111 1384 προφήτου
1132 1317 1228 1369 καὶ
1255 1315 1583 1389 Βαπτιστοῦ,
1610 1316 1669 1378 ὃς
1697 1319 1789 1369 καὶ
1815 1315 1977 1367 τοῦτο

415 1400 677 1466 προειδὼς
696 1402 771 1464 ὡς
798 1406 1109 1474 προφήτης,
1128 1409 1212 1459 ὃτι
1232 1406 1290 1459 τὸ
1317 1408 1601 1476 μοναδικδν
1616 1407 1768 1461 ἔσται
1790 1409 1977 1476 τάγμα

414 1489 475 1539 τὸ
500 1489 687 1544 τοῦτον
711 1496 948 1562 μετρίως
968 1497 1097 1563 γοῦν
1121 1500 1406 1565 μιμεῖσθαί
1435 1515 1564 1552 ποτε
1591 1498 1975 1568 δυνησόμενον,

415 1581 512 1649 οὔχ
542 1582 678 1651 ὑπὲρ
702 1586 999 1650 εὐσεϐείας,
1028 1588 1141 1641 ἀλλ’
1173 1590 1311 1659 ὑπὲρ
1341 1591 1545 1659 ἀρετῆς
1576 1591 1977 1659 ἀγωνιζόμενος

417 1677 705 1747 ἀπετμήθη
734 1679 831 1749 τὴν
865 1681 1125 1751 κεφαλὴν,
1163 1683 1251 1736 ἵνα
1281 1683 1372 1737 καὶ
1403 1685 1563 1753 ἡμεῖς
1592 1684 1801 1752 ἕτοιμοι
1826 1679 1978 1752 ὦμεν

424 1768 583 1837 μέχρι
611 1767 845 1823 θανάτου
879 1772 1014 1839 πρὸς
1030 1773 1128 1843 τὴν
1160 1774 1436 1843 ἁμαρτίαν
1464 1776 1971 1842 ἀντικαθίστασθαι,

419 1859 620 1921 ε’δότες
658 1862 740 1914 ὅτι
780 1866 1083 1935 μαρτυρίου
1115 1867 1374 1935 στέφανον
1417 1868 1643 1938 λήψεται
1669 1871 1696 1922 ό
1727 1871 1794 1922 τὰ
1832 1869 1973 1939 πάθη

418 1950 487 2003 δι’
516 1953 715 2023 ἀρετῆς
741 1957 1164 2027 τροπωσάμενος
1186 1975 1199 1989 ·
1229 1961 1338 2027 ὅσῳ
1360 1960 1466 2030 γάρ
1490 1959 1706 2013 ἔλαττόν
1740 1960 1850 2012 ἐστι
1885 1976 1981 2012 κα-

418 2046 512 2096 κὸν
545 2046 577 2114 ἡ
611 2047 853 2116 ἁμαρτία
879 2050 1279 2119 συγκρινομένη
1310 2052 1444 2121 πρὸς
1473 2052 1570 2119 τὴν
1599 2051 1874 2116 ἀσέδειαν,
1896 2067 1981 2102 τοι

421 2140 608 2191 σοῖιτον
656 2143 719 2193 ἐκ
759 2142 851 2195 τοῦ
893 2144 1188 2197 ἀκολούθου
1222 2146 1407 2215 μεῖζον
1436 2144 1641 2213 ἀγαθὸν
1676 2144 1743 2197 ἂν
1790 2146 1877 2213 είη
1922 2144 1982 2197 τὸ

421 2234 867 2298 προκινδυνεῦσαι
916 2237 1016 2305 τῆς
1047 2238 1282 2306 ἀρετῆς·
1320 2237 1433 2299 πῶς
1479 2236 1584 2306 γὰρ
1628 2238 1693 2291 ἂν
1738 2238 1856 2306 οὐχὶ
1887 2236 1979 2289 καὶ

420 2327 558 2395 ὑπὲρ
586 2327 679 2380 τοῦ
714 2328 956 2397 μείζονος
986 2329 1214 2393 ἐκείνου,
1247 2330 1487 2399 δηλονότι
1522 2332 1621 2398 τῆς
1659 2329 1944 2393 εὐσεϐείας
1965 2369 1979 2392 .

422 2416 579 2488 εἴπερ
609 2419 846 2490 ἐδέησεν,
878 2420 1041 2489 ἔθηκε
1083 2424 1179 2493 τὴν
1208 2422 1384 2492 ψυχὴν
1409 2423 1436 2473 ό
1462 2421 1600 2491 ὑπὲρ
1636 2422 1730 2473 τοῦ
1763 2420 1981 2473 ἐλάττο-

423 2526 512 2569 νος
545 2510 746 2578 ταύτην
777 2512 1039 2578 προδούςς
1073 2512 1164 2564 Διὸ
1198 2511 1293 2565 καὶ
1326 2512 1355 2564 ό
1393 2513 1448 2564 ὲν
1488 2512 1767 2579 γεννητοῖς
1792 2526 1980 2577 γυναι-

426 2602 537 2655 κῶν
584 2602 808 2670 μείζων.
841 2605 870 2656 ό
916 2604 1015 2671 τῆς
1048 2602 1335 2671 μετανοίας
1364 2600 1560 2670 κῆρυξ,
1612 2600 1639 2653 ό
1681 2600 1982 2670 πρόδρομος

425 2694 517 2744 καὶ
548 2690 854 2763 Βαπτιστὴς
886 2693 976 2746 τοῦ
1009 2694 1279 2763 Σωτῆρος,
1317 2693 1457 2761 ὑπὲρ
1487 2692 1686 2760 ἀρετῆς
1715 2689 1984 2759 ἀγωνιζό-

428 2799 588 2862 μενος
638 2784 926 2853 ἀπετμήθη
960 2785 1058 2854 τὴν
1105 2784 1351 2852 κεφαλήν
1372 2802 1384 2813 ·
1418 2783 1477 2845 ὃς
1506 2785 1577 2836 ού.
1596 2782 1690 2834 τοῦ
1743 2781 1982 2851 Χριστοῦ

427 2876 587 2944 μόνον
611 2878 919 2946 πρόδρομος
939 2874 1025 2947 ἦν,
1048 2876 1182 2929 ἀλλά
1200 2878 1291 2930 καὶ
1314 2878 1408 2945 τῆς
1426 2875 1591 2929 αὐτοῦ
1632 2876 1980 2945 Ἐκκλησίας,

426 2969 633 3039 καὶτῆς
661 2970 781 3023 καθ’
808 2971 977 3040 ἡμᾶς,
1000 2970 1241 3038 ἀδελφοὶ.
1264 2969 1497 3037 μάλιστα
1520 2969 1794 3031 πολιτείας
1810 2985 1823 2999 ·
1846 2971 1986 3021 ἐκεῖ·

425 3075 513 3120 νος
542 3060 603 3111 ὲκ
650 3060 870 3127 στείρας
902 3059 1092 3128 ἐτέχθη
1128 3060 1228 3127 τῆς
1274 3060 1575 3121 Ἐλισάϐετ,
1610 3060 1702 3112 καὶ
1735 3060 1893 3128 ἡμεῖς
1922 3061 1985 3111 ἐκ

2074 596 2163 641 tur
2191 598 2244 643 ct
2269 599 2719 658 corrumpantur;
2746 590 2940 644 merito
2969 599 3310 645 transeamus
3348 598 3639 645 transeun-

2074 677 2169 742 tia,
2190 678 2291 733 etsi
2323 679 2598 748 paulisper
2618 679 2908 734 mulcentia
2936 689 3166 735 mentem
3196 679 3415 744 fallant;
3444 694 3644 749 propo—

2074 784 2270 825 namus
2298 780 2524 837 aaterna,
2558 780 2745 839 utpote
2770 772 3067 837 manentia,
3095 785 3197 825 nec
3233 785 3473 838 unquam
3505 771 3645 837 peri-

2078 874 2236 927 tura;
2277 865 2551 935 fugiamus
2612 864 2841 918 Herodis
2891 864 3237 931 exemplum;
3281 877 3377 932 pro
3438 860 3647 914 viribus

2075 957 2390 1010 studeamus
2436 956 2636 1009 imitari
2675 954 3034 1010 Prmcursoris
3071 952 3322 1024 gratiam,
3362 966 3461 1005 nos
3508 964 3647 1018 prte-

2076 1046 2260 1101 sertim
2308 1062 2374 1099 ex
2405 1047 2679 1107 omnibus,
2713 1046 2912 1113 quibus
2960 1045 3065 1097 vita
3106 1041 3377 1102 solitaria,
3408 1056 3643 1109 quorum

2076 1142 2422 1197 conversatio
2442 1156 2472 1195 a
2506 1140 2798 1194 mundanis
2826 1139 3069 1195 maribus
3094 1147 3148 1191 et
3177 1136 3407 1205 negotiis
3437 1134 3640 1187 discre-

2076 1244 2190 1302 pat,
2224 1240 2277 1285 ct
2305 1230 2485 1299 aliquo
2514 1228 2675 1284 modo
2706 1226 2771 1281 ad
2799 1227 2961 1279 vitam
2999 1222 3335 1278 eremiticam
3368 1230 3422 1273 et
3456 1218 3646 1271 solita-

2076 1327 2213 1380 riam
2247 1323 2458 1378 accedit
2497 1320 2772 1391 pmphetaa
2812 1328 2866 1373 et
2895 1317 3169 1386 Baptistae,
3206 1313 3297 1382 qui
3318 1351 3335 1377 ,
3365 1326 3487 1366 eum
3512 1325 3651 1377 prae~

2078 1418 2341 1474 scisceret
2385 1424 2443 1469 ut
2472 1414 2761 1484 propheta,
2794 1410 3055 1481 quoniam
3085 1407 3323 1464 solitudo
3349 1404 3501 1458 valde
3534 1408 3650 1456 erat

2078 1508 2407 1565 auxiliatura
2425 1506 2493 1561 ad
2511 1520 2634 1561 eum
2663 1503 2853 1559 saltem
2874 1501 3149 1555 moderate
3175 1498 3519 1555 imitandum,
3538 1507 3645 1546 non

2079 1614 2177 1669 pro
2207 1598 2492 1668 religione,
2519 1594 2611 1651 sed
2652 1609 2748 1664 pro
2779 1592 2980 1646 virtute
3023 1589 3253 1652 luctans,
3289 1585 3464 1654 capite
3493 1593 3649 1637 trun~

2079 1701 2231 1747 catus
2272 1697 2378 1754 est,
2422 1698 2480 1742 ut
2522 1701 2621 1763 nos
2670 1698 2889 1755 quoque
2916 1680 3090 1753 parati
3141 1679 3315 1734 simus
3366 1689 3539 1744 usque
3582 1673 3647 1727 ad

2078 1792 2306 1839 mortem
2360 1780 2622 1834 adversus
2675 1785 2954 1847 peccatum
3005 1780 3355 1833 concertare,
3412 1768 3649 1822 scientes

2080 1876 2337 1945 quoniam
2371 1871 2619 1943 martyrii
2662 1883 2921 1925 coronam
2966 1864 3196 1935 accipiet
3236 1862 3327 1932 qui
3365 1859 3648 1930 passiones

2080 1968 2282 2020 virtute
2324 1962 2625 2032 fugaverit;
2648 1975 2769 2014 nam
2803 1958 3099 2027 quominus
3132 1953 3333 2008 malum
3356 1960 3439 2005 est
3460 1962 3648 2019 pecca-

2082 2070 2195 2114 tum
2234 2058 2279 2112 si
2318 2071 2442 2111 cum
2474 2054 2673 2123 pietate
2711 2058 3079 2119 comparetur,
3114 2060 3177 2100 eo
3206 2061 3270 2099 ex
3302 2055 3645 2108 consequen-

2085 2152 2156 2205 tia
2202 2151 2380 2216 maius
2418 2155 2506 2201 est
2532 2146 2734 2199 bonum
2780 2157 2879 2210 pro
2911 2140 3108 2193 virtute
3155 2135 3397 2207 pericula
3429 2134 3644 2191 subire;

2082 2242 2354 2313 quomodo
2387 2240 2525 2292 enim
2563 2236 2653 2290 illo
2685 2235 2888 2301 majore
2928 2232 3091 2294 hunc,
3128 2228 3333 2284 scilicet
3364 2224 3645 2291 religione.

2084 2341 2127 2393 si
2149 2345 2445 2406 oporteret,
2479 2348 2585 2385 non
2620 2338 2845 2400 poneret
2871 2327 3105 2380 animam
3139 2322 3227 2393 qui
3264 2336 3382 2374 eam
3425 2334 3523 2387 pro
3549 2317 3647 2369 mi—

2083 2446 2215 2485 nore
2255 2428 2503 2483 dederit?
2547 2424 2671 2478 ideo
2701 2423 2791 2492 qui
2832 2421 3005 2490 major
3052 2426 3137 2471 est
3172 2416 3310 2469 inter
3337 2422 3492 2467 natos
3532 2426 3650 2464 mu-

2081 2525 2300 2586 lierum,
2333 2533 2506 2588 praeco
2534 2515 2888 2587 poenitentiae,
2924 2511 3234 2566 Prmcursor
3259 2515 3315 2561 et
3349 2503 3648 2573 baptizatur

2085 2614 2398 2675 Salvatoris,
2434 2626 2529 2679 pro
2559 2609 2759 2662 virtute
2792 2605 3061 2660 dimicans
3090 2599 3265 2668 capite
3289 2595 3482 2666 plexus
3515 2596 3603 2647 est
3630 2612 3643 2656 ;

2084 2706 2171 2772 qui
2204 2718 2310 2758 non
2334 2699 2535 2755 Christi
2562 2697 2730 2753 solius
2762 2708 3061 2765 prmcursor
3094 2690 3213 2755 fuit,
3257 2687 3351 2743 sed
3385 2695 3437 2740 et
3470 2684 3649 2737 Ecde-

2085 2798 2179 2854 siaz
2237 2796 2431 2864 ipsius,
2468 2800 2521 2846 et
2567 2788 2887 2861 prresertim.
2944 2785 3163 2848 fratres,
3217 2778 3648 2837 conversationis

2086 2898 2287 2945 nostra:
2322 2905 2336 2941 :
2370 2885 2457 2940 ille
2495 2900 2524 2939 a
2553 2882 2726 2937 sterili
2758 2878 3036 2935 Elisabeth
3073 2882 3373 2946 prognatus
3405 2879 3516 2929 est.
3551 2884 3650 2924 nos

2084 2997 2213 3037 vero
2256 2979 2323 3035 ab
2349 2977 2589 3032 Ecclesia
2630 2973 2872 3045 gentium
2912 2969 2977 3023 de
3025 2983 3133 3039 qua
3184 2964 3445 3034 scriptum
3501 2971 3585 3015 est
3632 2978 3646 3015 :

2091 3094 2110 3127 ι
2137 3075 2365 3135 Laetare,
2394 3069 2618 3133 sterilis,
2644 3081 2764 3136 quae
2796 3079 2906 3118 non
2935 3061 3115 3133 paris;
3147 3073 3373 3127 erumpe
3397 3064 3450 3111 et
3472 3055 3649 3109 clama

425 3153 521 3220 τῆς
580 3151 637 3216 ἑξ
688 3151 861 3206 ἐθνῶν
924 3153 1285 3220 Ἐκκλησίας,
1335 3154 1463 3220 περὶ
1523 3147 1589 3222 ἧς
1637 3152 1978 3220 γέγραπται’
2014 3145 2059 3204 C‘
2089 3184 2176 3239 qu;

1899 3165 1978 3202 ²ι⁹
2014 3145 2059 3204 c
2089 3183 2210 3239 quae
2244 3181 2348 3220 nou
2388 3161 2664 3233 parturis;
2697 3158 2823 3227 quia
2855 3154 3009 3210 multi
3056 3153 3152 3207 filii
3182 3153 3410 3206 deserta:
3431 3189 3445 3213 ,
3476 3147 3650 3217 magis

435 3261 454 3294 ι
501 3243 846 3312 Εὐφράνθητι
876 3244 1063 3312 στείρα
1088 3245 1122 3312 ἡ
1150 3244 1209 3297 ού
1237 3244 1514 3305 τίκτουσα,
1542 3244 1702 3312 ῥῆξον
1733 3244 1822 3294 καὶ
1857 3243 1981 3311 βόη-

430 3350 521 3387 σον
551 3336 697 3403 ἡούκ
727 3335 1012 3396 ὠδίνουσα,
1043 3336 1124 3388 ὅτι
1164 3335 1331 3386 πολλὰ
1350 3336 1417 3387 τά
1449 3336 1616 3389 τέκνα
1645 3338 1742 3404 τῆς
1773 3336 1980 3404 ἐρήμου

430 3426 628 3494 μᾶλλον
673 3427 705 3497 ἢ
747 3426 846 3492 τῆς
889 3425 1121 3495 ἐχούσης
1149 3427 1238 3479 τὸν
1269 3426 1469 3495 ἄνδραο
1531 3447 1549 3477 ι
1594 3428 1805 3479 ἐκεῖνον
1850 3427 1985 3494 μετὰ

426 3517 523 3587 τὴν
555 3516 810 3587 γέννησιν
840 3518 867 3569 ό
894 3517 1252 3587 βρεφοκτόνος
1286 3518 1531 3587 Ἡρώδης
1562 3518 1739 3585 φονῶν
1772 3518 1983 3583 ἐδίωκε,

426 3609 513 3662 διὰ
559 3608 659 3677 τὴν
709 3609 845 3678 πρὸς
876 3610 1110 3679 Χριστὸν
1166 3608 1464 3679 ἀπέχθειαν
1512 3611 1983 3679 καταμαχόμενοῆ

426 3701 541 3754 ἀλλ’
590 3696 714 3770 εὗρε
760 3700 1083 3771 καταφυγὴν
1132 3704 1231 3768 τὴν
1280 3700 1523 3770 ἔρημον,
1582 3702 1674 3754 καὶ
1730 3702 1986 3769 φιλτέραν

426 3793 604 3865 ἔκρινε
638 3794 733 3848 τοῦ
764 3795 992 3864 κόσμου,
1026 3796 1119 3849 καὶ
1141 3793 1345 3864 ταύτην
1371 3791 1608 3863 ᾤκησεν.
1652 3792 1985 3846 Ἐπιτίθεται

427 3890 521 3941 καὶ
556 3890 690 3957 ἡμῖν
729 3888 865 3956 μετά
893 3887 991 3955 τὴν
1037 3886 1412 3956 πνευματικὴν
1446 3886 1695 3954 γέννησιν
1741 3888 1768 3938 ὁ
1799 3886 1987 3953 νοητὸς

437 3978 705 4048 Ἡρώδης,
741 3978 953 4030 διώκων
992 3977 1087 4030 καὶ
1128 3975 1291 4039 αὐτὸς
1345 3974 1547 4046 ἀρτίως
1599 3974 1663 4027 δι’
1711 3976 1858 4045 ἡμᾶς
1897 3973 1989 4027 τὸν

425 4072 659 4144 Χριστόν
680 4089 694 4104 ·
722 4072 809 4125 διά
833 4073 988 4124 τοῦτο
1020 4071 1294 4139 φεύγομεν
1324 4070 1416 4123 καὶ
1449 4071 1608 4141 ἡμεῖς
1644 4069 1734 4123 τὸν
1761 4069 1985 4137 κόσμον,

427 4163 523 4219 καὶ
542 4163 864 4230 καταφυγὴν
894 4160 1219 4231 εὑρίσκομεν
1237 4161 1305 4213 τὰ
1333 4158 1691 4229 ἀφιερωμένα
1713 4157 1885 4212 ταῦτα
1912 4158 1990 4227 τῷ

428 4255 546 4324 Θεῷ
564 4254 974 4326 φροντιστήρια,
999 4253 1093 4305 καὶ
1115 4252 1255 4306 οὕτω
1275 4251 1725 4322 διαδιδράσκομεν
1746 4253 1871 4311 τοὺς
1900 4253 1992 4305 ἀν-

427 4352 604 4420 ηλεεῖς
628 4348 953 4416 δορυφόρους
975 4348 1066 4400 καὶ
1088 4345 1522 4415 μαχαιροφόρους
1546 4344 1773 4408 ἐκείνου,
1796 4342 1862 4396 τὰ
1883 4342 1989 4395 τῶν

2087 3277 2250 3331 quam
2286 3260 2404 3326 ejus
2455 3270 2574 3324 qua:
2634 3253 2795 3307 habet
2823 3252 2997 3305 virum
3031 3249 3094 3303 ".
3128 3266 3146 3299 ι
3183 3245 3336 3299 Illum
3367 3252 3489 3315 post
3512 3243 3652 3296 nati-

2087 3355 2305 3408 vitatem
2349 3348 2661 3404 infanticida
2709 3344 2953 3399 Herodes
3002 3348 3295 3395 necaturus
3336 3343 3653 3404 persecutus

2086 3455 2169 3500 est
2198 3450 2417 3513 propter
2442 3440 2626 3493 odium
2657 3437 2710 3489 in
2744 3435 3023 3490 Christum
3056 3432 3353 3493 insectans,
3378 3428 3469 3482 sed
3501 3426 3648 3480 refu—

2087 3534 2232 3603 gium
2265 3531 2469 3585 invenit
2520 3530 2810 3586 desertum,
2848 3524 2989 3593 quod
3047 3522 3268 3576 suavius
3337 3519 3536 3573 mundo
3569 3517 3654 3585 ju-

2086 3626 2327 3687 dicavit,
2358 3631 2411 3677 et
2450 3624 2520 3677 ibi
2552 3620 2834 3675 habitavit.
2881 3617 3050 3671 Nobis
3081 3615 3246 3669 etiam
3281 3614 3446 3667 instat
3491 3612 3653 3678 spiri-

2089 3718 2266 3773 taliter
2323 3715 2464 3770 natis
2505 3712 2767 3781 spiritalis
2796 3709 3063 3771 Herodes,
3102 3710 3218 3775 ipse
3250 3719 3467 3774 quoque
3492 3701 3652 3757 Chri-

2088 3820 2229 3864 stum
2260 3809 2310 3860 in
2347 3806 2501 3861 uobis
2534 3805 2828 3859 insectans.
2862 3801 2986 3855 Ideo
3012 3815 3111 3853 nos
3136 3812 3355 3867 quoque
3389 3795 3651 3849 mundum

2088 3902 2346 3972 fugimus,
2392 3908 2445 3954 et
2480 3897 2744 3967 refugium
2796 3894 3104 3949 invenimus
3135 3898 3344 3945 sacrata
3392 3887 3501 3942 Deo
3538 3887 3653 3939 haec

2090 3992 2442 4055 monasteria,
2474 3999 2528 4045 et
2554 3990 2624 4043 ita
2653 3987 2937 4043 evadimus
2966 4001 2996 4041 e
3040 3982 3355 4039 crudelibus
3395 3979 3512 4049 ejus
3542 3978 3656 4045 spi-

2089 4085 2431 4142 culatorihus
2467 4091 2522 4136 et
2556 4080 2969 4151 gladiatoribus,
3003 4077 3323 4147 passionum
3355 4072 3652 4135 alimentis,

2090 4177 2289 4248 quibus
2318 4174 2616 4246 spiritalem
2663 4171 2826 4226 infert
2857 4179 3086 4248 mortem
3109 4209 3124 4233 ,
3163 4168 3438 4223 hominem
3476 4180 3505 4220 a
3543 4163 3655 4218 Deo

2091 4244 2386 4325 alienatum
2437 4265 2666 4320 faciens.
2695 4262 2818 4318 Haec
2841 4271 2924 4317 est
2969 4244 3119 4317 m'drs
3160 4275 3283 4329 quae
3310 4259 3378 4314 ad
3410 4273 3510 4314 nos
3558 4272 3656 4327 per

2094 4363 2239 4418 fores
2265 4370 2501 4420 nostras,
2540 4358 2589 4412 id
2620 4367 2721 4422 est,
2754 4371 2947 4413 sensus
2962 4354 3210 4411 ascendit
3236 4371 3251 4418 ;
3278 4369 3400 4408 nam
3436 4369 3531 4422 per
3558 4366 3654 4406 eos

429 4441 615 4496 παθῶν
634 4440 1051 4507 ὑπεκκαύματα,
1073 4438 1142 4491 δι’
1172 4432 1246 4490 ὧν
1276 4437 1368 4490 τδν
1392 4436 1760 4503 πνευματικὸν
1793 4436 1989 4503 ὲπιφέ-
2021 4478 2070 4537 D
2100 4454 2169 4507 ab

1903 4437 1989 4503 Ρέ·
2021 4478 2070 4537 D
2100 4454 2169 4507 ab
2190 4451 2347 4506 initio
2379 4449 2622 4509 intravit,
2649 4460 2701 4501 et
2726 4463 2894 4518 genus
2918 4450 3167 4501 nos‘trum
3194 4445 3446 4499 deorsum
3472 4444 3654 4497 detra-

430 4552 513 4606 ρει
547 4534 792 4597 θάνατον,
823 4532 917 4585 τοῦ
943 4531 1077 4585 θεοῦ
1106 4529 1351 4600 χωρίζων
1360 4530 1541 4600 228
1571 4530 1659 4582 τὸν
1687 4529 1984 4599 ἄνθρωπον.

474 4620 599 4687 ῦτός
632 4627 779 4676 ἐστιν
807 4623 834 4674 ό
883 4622 1113 4685 θάνατος
1143 4624 1171 4674 ὁ
1212 4621 1299 4675 διὰ
1327 4622 1435 4687 τῶν
1475 4624 1531 4674 ἐν
1559 4623 1690 4690 ἡμῖν
1721 4621 1980 4692 θυρίδων,

428 4717 548 4785 ἦτοι
587 4715 692 4767 τῶν
719 4712 1042 4781 αἰσθήσεων,
1070 4710 1153 4780 ἐφ’
1180 4712 1325 4780 ἡμᾶς
1346 4712 1679 4765 ἀναϐαίνων·
1709 4714 1779 4767 δι’
1803 4713 1983 4765 αὐτῶν

430 4808 541 4875 γὰρ
570 4806 773 4874 ἐπῆλθε
799 4804 896 4858 καὶ
925 4805 1023 4873 τὴν
1056 4804 1250 4874 ἀρχὴν,
1283 4805 1375 4857 καὶ
1409 4806 1752 4858 κατέσπασεν
1786 4806 1989 4860 ἄνωθεν

428 4900 490 4951 τδ
522 4899 680 4967 γένος
707 4898 881 4967 ἡμῶν,
904 4896 1005 4965 τῆς
1035 4895 1332 4958 ἀθανασίας
1361 4896 1605 4949 ἐκϐαλὼν
1626 4898 1751 4961 τοὺς
1779 4901 1990 4964 προπά-

429 5005 630 5060 τορας*
677 4990 908 5059 ἡκουσεν
946 4986 1056 5041 Εὕα
1087 4987 1187 5056 τῆς
1239 4988 1571 5041 κακοϐούλου
1616 4990 1708 5042 τοῦ
1756 4993 1991 5060 πονηροῦ

430 5080 740 5150 συμϐουλῆς
766 5096 781 5112 ο
812 5077 971 5143 εἶδεν,
1000 5078 1221 5142 ἔπαθεν,
1250 5078 1471 5146 ἔφαγεν,
1490 5079 1783 5143 ἀπέθανεν,
1811 5080 1992 5146 ἔθελξε

428 5176 523 5228 τδν
552 5174 742 5244 ἄνδρα,
765 5172 1021 5227 κοινωνὸν
1047 5170 1206 5224 ἔλαϐε
1236 5170 1439 5224 καὶτοῦ
1470 5171 1742 5241 γεύματος
1769 5173 1862 5225 καὶ
1892 5172 1986 5226 τοῦ

429 5265 719 5335 πτώματος
741 5278 758 5296 ο
793 5264 985 5317 ἐκεῖνοι
1034 5263 1168 5332 πρὸς
1204 5262 1333 5330 μίαν
1377 5264 1571 5332 πεῖραν
1608 5264 1707 5316 οὐκ
1757 5263 1984 5333 ἴσχυσαν

430 5358 726 5424 ἀντισχεῖν,
766 5356 844 5408 έν).
876 5354 1018 5422 λόγῳ
1053 5356 1149 5407 σὺν
1177 5353 1314 5423 δόλῳ
1350 5356 1604 5423 πάραυτα
1635 5354 1703 5407 τὰ
1750 5349 1863 5408 ὦτα
1896 5357 1995 5408 ύπο

429 5448 665 5506 έκλιναν,
701 5447 828 5514 μιᾶς
859 5444 1066 5515 ὡραίας
1097 5445 1223 5505 θέας
1254 5445 1587 5517 ἡττήθησαν,
1624 5447 1800 5499 καίτοι
1829 5446 1993 5516 μήπω

430 5539 698 5605 ἐμπαθεῖς
747 5539 917 5602 ὄντες,
954 5538 1071 5590 ἀλλ’
1126 5538 1377 5602 ἀπαθεῖς,
1432 5539 1490 5590 ὲν
1538 5538 1760 5608 καθαρῷ
1803 5538 1995 5592 παθῶν

431 5629 615 5700 χωρίῳ
677 5630 1134 5698 περιττο).οῦντες’
1190 5632 1351 5701 ἡμεῖς
1404 5632 1512 5703 ἄρα
1562 5632 1879 5703 δυνηθῶμεν
1934 5634 1992 5685 ἐν

509 5810 552 5842 ”
585 5810 688 5866 isa.
718 5828 822 5876 ιιν,
869 5816 883 5861 t
924 5858 928 5866 .
972 5814 1144 5868 tiniat.
1185 5831 1252 5873 Iv,
1286 5814 1374 5867 '27.

2095 4543 2194 4601 xit,
2219 4543 2285 4593 ab
2313 4538 2714 4592 immortalitate
2731 4542 3138 4606 protoparentes
3163 4540 3379 4586 nostros
3403 4530 3653 4606 eiiciens.

2092 4628 2308 4684 Audivit
2334 4626 2441 4682 Eva
2476 4603 2971 4696 perversa—maligni
3002 4620 3259 4683 consilia;
3292 4619 3447 4683 vidit,
3472 4603 3657 4685 gusta;

2090 4718 2189 4783 vit,
2223 4718 2590 4781 manducavit,
2629 4714 2903 4784 disperiit,
2950 4715 3127 4767 virum
3169 4711 3408 4781 pellesit,
3436 4707 3656 4778 partici-

2088 4825 2210 4881 pem
2257 4810 2383 4865 fecit
2438 4808 2731 4878 voluptatis
2763 4816 2818 4862 et
2866 4808 3078 4875 lapsus.
3110 4805 3189 4858 Illi
3223 4803 3314 4858 uni
3369 4800 3653 4855 tentationi

2090 4903 2346 4958 resistere
2397 4916 2502 4956 non
2548 4908 2864 4968 potuerunt,
2898 4899 2991 4953 uni
3042 4896 3207 4951 verbo
3251 4895 3441 4950 doloso
3471 4893 3653 4948 statim

2090 5008 2248 5048 aures
2311 4992 2682 5063 praebuerunt,
2717 5005 2827 5046 uno
2868 5000 3110 5059 aspectu:
3140 4988 3384 5059 jucuudo
3414 4984 3654 5054 superati

2091 5093 2238 5145 sunt,
2271 5084 2371 5138 etsi
2400 5083 2635 5138 nondum
2663 5083 3015 5153 passionibus
3050 5089 3233 5136 essent
3262 5076 3651 5150 praeoccupati,

2092 5176 2188 5232 sed
2217 5176 2338 5232 istis
2366 5176 2632 5229 immunes
2661 5175 2795 5229 etin
2827 5175 2952 5229 loco
2986 5172 3066 5227 eis
3084 5171 3253 5227 libero
3301 5170 3651 5229 habitantes;

2093 5282 2193 5321 nos
2228 5281 2354 5321 vero
2403 5266 2703 5336 poterimus
2744 5267 2800 5320 in
2832 5266 3033 5319 mundo
3062 5279 3158 5334 per
3196 5264 3360 5317 vitam
3390 5257 3653 5322 enutriti,

2091 5360 2225 5415 nihil
2276 5359 2459 5414 damni
2493 5374 2521 5413 a
2554 5358 2799 5413 verbosis
2844 5372 2941 5414 nec
2971 5358 3151 5412 minus
3200 5356 3450 5419 turpibus
3485 5352 3658 5407 collo-

2092 5452 2237 5521 quiis
2267 5460 2318 5507 et
2343 5452 2848 5521 congressionibus,
2874 5448 3247 5519 accipiemus?
3274 5445 3555 5515 Quomodo
3576 5445 3656 5498 is-

2100 5544 2171 5599 tis
2200 5559 2304 5598 non
2331 5542 2705 5598 vulnerabitur
2730 5556 2832 5599 nec
2864 5541 3007 5598 male
3043 5539 3303 5595 afficietur
3335 5538 3497 5591 homo
3524 5536 3660 5589 inte-

2098 5635 2250 5691 rior?
2298 5634 2411 5692 Non
2449 5639 2571 5703 erit,
2619 5642 2766 5694 certo
2795 5651 2899 5692 non
2931 5636 3051 5692 erit.
3089 5632 3274 5704 Itaque
3305 5632 3493 5686 Patres
3521 5626 3659 5683 Prm-
