4434 6460
441 365 547 448 513

1812 363 2141 423 IIOMILIA
2184 364 2340 423 XLI.

3578 369 3678 433 Fili

440 480 823 547 άκτημοσύνης
870 477 1072 546 ἀγαοὶν
1120 477 1280 542 αὑτᾶς
1318 497 1374 532 τε
1410 479 1571 550 ἔχων,
1629 479 1722 534 καὶ
1762 481 1910 548 ἡμᾶς
1947 478 2010 532 δι’
2041 487 2082 543 Α
2116 495 2191 548 po:

1947 478 2010 532 δι’
2041 487 2082 543 Α
2116 480 2451 548 possidentes
2473 488 2631 550 atque
2667 481 2857 535 horrea
2892 496 3030 550 pane
3059 489 3110 535 et
3140 481 3263 536 vino
3295 481 3514 547 referta,
3546 500 3672 538 nec-

443 570 619 639 ἐργων
648 569 940 622 διδάσκων·
975 571 1156 623 πόσων
1184 570 1340 637 ἡμεῖς
1371 571 1710 638 εὐποροῦμεν
1733 569 1841 622 τῶν
1871 569 2004 639 πρὸς

442 662 651 731 τροφὴν
677 661 770 713 καὶ
796 661 1061 730 ἀμφίασιν
1091 661 1432 728 ἐπιτηδείων,
1459 661 1642 731 δοχεῖά
1672 679 1728 714 τε
1761 662 2001 730 ἔχοντες,

2112 587 2218 625 non
2251 573 2492 642 magides
2522 585 2573 628 ct
2615 574 2862 643 pistrina,
2895 585 2945 627 ct
2980 590 3088 628 uno
3121 577 3304 639 verbo,
3343 577 3522 629 omnia
3573 589 3673 642 op-

2111 672 2365 728 portuna.

447 754 535 804 καὶ
591 751 872 818 ἀποθήκας
904 751 1055 804 σίτου
1104 768 1161 804 τε
1211 750 1306 804 καὶ
1353 751 1498 803 οίνου
1532 750 1782 820 πλήρεις,
1839 751 2157 820 άρτοποιείά
2188 768 2246 804 τε
2278 755 2371 805 καὶ
2401 753 2733 823 ἀρτοκοπεῖα
2785 755 2878 808 καὶ
2939 755 3128 819 ἁπλῶς
3184 758 3359 810 πάντα
3418 759 3484 810 τὰ
3551 759 3670 811 tm-

447 843 668 896 τῆδειαι

514 930 939 1001 Εὑχαριστῶμεν
971 925 1062 986 οὖν
1090 932 1166 1004 τῷ
1189 933 1392 986 τούτων
1420 931 1640 1003 χορηγῷ
1666 930 1784 1001 Θεῷ
1812 932 1905 987 καὶ
1926 931 2003 1001 τῷ

443 1022 608 1075 αὐτοῦ
635 1023 951 1092 Προδρόμῳ,
977 1024 1041 1076 δι’
1064 1025 1121 1076 ὃν
1143 1025 1356 1088 ἀπόνως
1387 1025 1558 1078 ταῦτα
1585 1024 1998 1092 συγκομίζεται,

449 1114 695 1182 καθάπερ
724 1115 828 1166 ἀπὸ
861 1116 1039 1184 πηγῆς
1064 1119 1196 1185 ἡμῖν
1221 1117 1547 1187 ὲπιρῤἐοντα
1569 1131 1582 1145 °
1615 1117 1708 1168 καὶ
1736 1118 1814 1178 εἰς
1847 1115 2002 1181 δόξαν

442 1205 605 1258 αὑτοῦ
649 1205 820 1258 ταῦτα
873 1208 1333 1278 προσφερώμεθα,
1363 1209 1427 1261 δι’
1455 1209 1630 1277 ἔργων
1660 1207 1756 1278 τὴν
1786 1208 2004 1278 εὐχαρι-

443 1299 596 1348 στίαν
618 1297 953 1360 ἀποδιδόντες
985 1300 1132 1367 αύτῷ
1156 1319 1163 1327 ·
1190 1301 1256 1353 ἂν
1288 1301 1392 1367 γὰρ
1421 1303 1534 1363 τοῖς
1564 1307 1762 1364 κοινοῖς
1789 1301 2001 1364 τούτοις

441 1389 552 1448 τοῖς
603 1386 743 1438 κατά
776 1385 872 1456 τὴν
927 1389 1094 1456 μονὴν
1128 1389 1454 1459 ἀρκώμεθα,
1495 1390 1557 1442 οὐ
1602 1389 1743 1442 πάνυ
1784 1389 1996 1460 μακράν

443 1475 608 1543 ἔσμεν
636 1475 734 1544 τῆς
771 1476 1016 1529 Ἰωάννου
1043 1477 1425 1548 ἀκτημοσύνης
1449 1495 1506 1531 τε
1532 1479 1626 1531 καὶ
1655 1480 2001 1548 ἐγκρατείας.

446 1566 508 1620 Ei.
551 1567 660 1635 γὰρ
699 1567 841 1619 κατά
875 1567 1052 1621 πάντα
1104 1569 1486 1638 ἀπαράμιλλος
1517 1571 1750 1634 ἐκεῖνος,
1785 1570 1900 1624 ἀλλ’
1927 1571 2004 1634 ὡς

445 1660 649 1721 ἐκεῖνος
681 1658 936 1727 ιτρέφετο
965 1659 1069 1712 ὑπὸ
1097 1659 1254 1722 Θεοῦ,
1283 1659 1428 1714 οὕτω
1456 1660 1550 1714 καὶ
1580 1663 1738 1732 ἡμεῖς
1768 1661 2004 1720 ἁπδπῶν

2178 929 2360 998 Itaque
2407 931 2607 998 gratias
2647 945 2876 998 agamus
2912 931 2958 986 ei
3014 932 3106 1000 qui
3165 933 3266 986 ista
3326 932 3552 1000 largitus
3585 941 3669 986 est

2107 1020 2214 1075 Deo
2242 1033 2292 1075 et
2319 1022 2437 1089 ejus
2464 1021 2820 1086 PrmcursOri,
2848 1039 2942 1092 per
2973 1039 3133 1092 quem
3160 1026 3277 1078 sine
3299 1025 3486 1079 labore
3515 1025 3670 1078 nobis

2103 1110 2477 1174 conferuntur,
2505 1113 2664 1166 veluti
2693 1128 2756 1167 ex
2787 1111 2932 1167 fonte
2960 1117 3025 1166 ad
3055 1129 3154 1169 nos
3185 1129 3355 1183 usque
3376 1115 3665 1179 elliuentia,

2104 1211 2156 1257 et
2187 1201 2240 1256 in
2272 1202 2495 1270 gloriam
2525 1203 2640 1271 ejus
2681 1218 2741 1256 ea
2766 1203 3126 1272 proferamus,
3159 1220 3250 1273 per
3284 1220 3442 1275 opera
3468 1208 3668 1277 gratias

2102 1292 2178 1346 illi
2209 1303 2450 1360 agentes.
2486 1290 2619 1346 Nam
2657 1295 2702 1349 si
2734 1297 2976 1349 contenti
3029 1297 3198 1352 simus
3248 1299 3315 1353 iis
3361 1315 3479 1368 qua:
3551 1320 3666 1357 mo-

2107 1381 2350 1434 nasterio
2378 1384 2872 1447 suntcommunia,
2909 1400 3012 1438 non
3061 1390 3247 1456 procul
3277 1390 3602 1449 distabimus
3635 1409 3665 1449 a

2107 1474 2459 1541 temperantia
2497 1483 2548 1528 et
2571 1484 2883 1544 paupertate
2923 1475 3167 1532 Jomnis.
3197 1480 3528 1549 Equidemiu
3552 1500 3666 1540 om-

2107 1563 2268 1618 nibus
2302 1565 2501 1619 nemini
2528 1577 2705 1634 potest
2728 1568 2986 1633 conferri,
3015 1572 3108 1624 sed
3145 1574 3598 1641 quemadmodum
3630 1595 3660 1631 a

2110 1652 2219 1709 Deo
2245 1655 2484 1709 nutritus
2515 1664 2618 1718 est,
2656 1658 2726 1710 ita
2756 1666 2810 1710 et
2840 1673 2936 1712 nos
2980 1660 3070 1712 Dei
3106 1663 3420 1718 muneribus
3449 1683 3462 1728 ;
3497 1667 3589 1719 sed
3618 1666 3665 1720 si

443 1749 536 1803 τοῦ
571 1749 706 1802 Θεοῦ
732 1753 978 1820 ταμείων
999 1769 1014 1785 ο
1053 1752 1118 1803 ἂν
1147 1752 1201 1804 δὲ
1236 1753 1490 1822 κτήματα
1525 1754 1618 1806 καὶ
1644 1755 1843 1822 ταμεῖα
1871 1753 2006 1822 ἐχω-
2045 1776 2079 1829 Β
2112 1759 2194 1814 ομ

1909 1771 2006 1822 [ω-
2045 1776 2079 1829 Β
2112 1759 2241 1814 Opes
2272 1756 2324 1800 et
2354 1746 2495 1801 bona
2533 1748 2830 1802 habeamus
2859 1751 3096 1818 propria,
3124 1752 3226 1805 hoc
3250 1763 3332 1808 est
3367 1756 3660 1823 perieulum

445 1859 543 1911 μεν
570 1844 767 1906 οἰκεῖα,
800 1843 955 1895 τοῦτό
984 1845 1099 1896 ἐστι
1126 1844 1184 1896 τὸ
1207 1843 1378 1898 δεινὸν
1407 1846 1464 1898 τὺ
1495 1845 1590 1898 καὶ
1621 1847 1836 1916 μακρὰν
1863 1847 2010 1917 ἡμᾶς

441 1933 628 1987 ποιοῦν
659 1935 756 2004 τῆς
781 1935 888 1987 τῶν
909 1934 1078 2002 άγίων
1105 1937 1394 2010 κοινωνίας
1413 1953 1426 1968 ·
1449 1939 1476 1989 ὁ
1513 1937 1615 2007 γὰρ
1647 1939 2008 2009 ἀναχωρήσας

440 2027 534 2079 τοῦ
569 2027 772 2096 κόσμου
807 2027 901 2080 καὶ
937 2027 1211 2098 ίδιόκτητα
1237 2028 1394 2098 ἔχων,
1437 2028 1469 2098 ἢ
1508 2031 1715 2082 ἐκεῖθεν
1746 2029 2005 2099 ἐνεγκὼν,

441 2119 846 2190 ἢκτησάμενος
905 2118 1159 2182 ἐνταῦθα,
1217 2119 1309 2171 τὸν
1345 2121 1550 2189 κόσμον
1606 2122 2008 2191 συμπιριφέρει

445 2212 562 2281 μεθ’
608 2213 824 2276 ἑαυτοῦ,
864 2213 954 2267 καὶ
1007 2215 1259 2268 οὐδέποτε
1307 2216 1581 2286 ἀναχωρεῖ
1629 2214 1724 2267 τοῦ
1775 2215 2002 2283 κόσμου,

442 2305 545 2357 κᾶν
568 2306 626 2357 ιν
653 2305 798 2375 αύτῷ
819 2304 893 2374 τῷ
923 2305 1063 2376 ἁγίῳ
1089 2305 1206 2374 δρει
1239 2301 1294 2378 ᾖ,
1325 2306 1425 2360 κᾶν
1457 2308 1578 2369 ταῖς
1609 2303 2008 2368 είκονιζούσαις

441 2396 533 2448 τὸν
568 2397 817 2466 οὐράνιον
850 2397 1026 2467 χῶρον
1057 2397 1283 2462 ταύταις
1319 2399 1501 2468 ἐνοικῇ
1539 2399 1750 2467 μοναῖς,
1787 2395 1847 2449 τὸ
1886 2394 2006 2448 καθ’

443 2489 632 2543 ἑαυτὸν
663 2491 832 2542 κοινοῖ
858 2490 946 2542 τὸν
975 2491 1161 2554 τόπον,
1197 2493 1290 2544 καὶ
1323 2491 1423 2543 οὐκ
1453 2492 1680 2560 ἀφίησιν
1711 2484 1849 2541 εἶναι
1883 2488 2007 2541 τοῦ-

442 2600 534 2635 τον
564 2583 656 2635 τοῦ
687 2584 892 2652 κόσμου
926 2584 1178 2652 κρείττω.
1225 2584 1283 2636 Ὀ
1308 2583 1370 2652 δὴ
1400 2583 1638 2646 τοιοῦτος
1671 2582 2007 2651 κατακριΘή-

447 2689 597 2726 σεται
632 2675 866 2738 πάντως,
910 2675 983 2738 ὡς
1017 2675 1077 2728 τὸ
1111 2675 1256 2744 ίερδν
1289 2673 1379 2727 τοῦ
1413 2674 1544 2726 Θεοῦ
1580 2675 1756 2726 κοινὸν
1789 2674 2002 2743 ἡγησά-

449 2783 628 2833 μενος.
669 2765 829 2818 Ἀλλὰ
861 2767 952 2818 καὶ
984 2767 1010 2819 ὀ
1040 2767 1132 2818 τοῦ
1169 2767 1370 2835 Κυρίου
1407 2766 1715 2832 Βαπτιστῆς
1745 2767 1836 2817 καὶ
1864 2765 2002 2833 πρό-

445 2858 645 2926 δρομος
687 2857 940 2925 Ἰωάννης
971 2857 1159 2926 ἐξῆλθε
1192 2857 1292 2926 τῆς
1337 2859 1572 2926 ἠρεμίας
1621 2858 1714 2908 καὶ
1770 2857 2003 2926 ἐρημίας

446 2950 689 3018 ἑκείνηςς
729 2949 868 3000 Ἀλλ’
891 2949 980 3000 ὑπ’
1013 2948 1173 3000 αὐτοῦ
1207 2948 1497 3017 πεμφθεὶς,
1526 2947 1621 3000 τοῦ
1656 2948 1836 3000 δοῦναι
1864 2947 2002 3015 γνῶ-

449 3054 532 3090 σιν
586 3039 855 3108 σωτηρίας
892 3039 966 3105 τῷ
1014 3038 1126 3107 λαῷ
1176 3038 1337 3090 αὑτοῦ
1367 3041 1458 3091 καὶ
1515 3040 1593 3100 είς
1640 3039 1854 3108 ἔλεγχον
1894 3037 2001 3090 τῶν

2112 1846 2164 1891 et
2197 1836 2476 1907 longinqui
2507 1836 2638 1891 facti
2688 1854 2875 1894 sumus
2923 1856 2953 1894 a
3016 1843 3270 1899 societate
3324 1857 3661 1903 sanctorum.

2111 1927 2324 1982 Etenim
2369 1928 2456 1996 qui
2494 1943 2521 1981 a
2557 1928 2758 1983 mundo
2809 1932 3034 1986 recessit
3088 1934 3303 2003 propria
3359 1937 3661 2004 possidens,

2110 2019 2223 2073 sive
2247 2019 2370 2074 inde
2398 2020 2619 2085 inferat,
2642 2021 2754 2076 sive
2784 2023 2871 2076 hic
2899 2015 3165 2091 acquirat.
3187 2042 3370 2081 secum
3398 2029 3659 2083 mundum

2110 2110 2443 2168 circumfert.
2477 2119 2530 2165 et
2567 2113 2931 2167 nullomodoa
2971 2131 3170 2170 munoo
3203 2118 3426 2183 recedit,
3466 2121 3569 2176 etsi
3606 2121 3662 2176 in

2112 2203 2227 2271 ipso
2255 2213 2436 2256 monte
2469 2214 2658 2259 sancto
2679 2206 2914 2272 steterit,
2947 2206 3073 2260 licet
3107 2209 3158 2261 in
3191 2209 3308 2264 istis
3338 2211 3663 2270 habitaverit

2109 2295 2450 2348 monasteriis
2479 2296 2675 2363 quibus
2708 2296 3014 2364 depingitur
3035 2299 3272 2354 caelestis
3303 2302 3481 2369 regio;
3515 2301 3663 2360 hunc

2107 2386 2286 2440 locum
2320 2395 2379 2440 ut
2405 2388 2758 2456 semetipsum
2786 2403 3126 2442 communem
3172 2391 3319 2456 facit,
3351 2405 3402 2446 et
3436 2395 3662 2465 impedit

2107 2493 2177 2532 ne
2211 2479 2282 2532 sit
2320 2480 2520 2533 mundo
2552 2480 2760 2532 melior.
2793 2479 2898 2535 lste
2928 2496 3154 2547 prorsus
3184 2487 3658 2554 condemnabitur,

2107 2571 2359 2639 quoniam
2383 2581 2631 2624 sanctum
2659 2570 2748 2625 Dei
2774 2587 3064 2628 commune
3092 2574 3298 2632 fecerit.
3340 2578 3444 2634 Sed
3481 2597 3661 2638 nonne

2105 2665 2341 2734 Baptista
2399 2673 2452 2719 et
2483 2663 2792 2720 Pi-aecursor
2845 2669 3051 2723 Domini
3081 2670 3319 2727 Joannes
3371 2675 3540 2730 exivit
3592 2691 3657 2731 ex

2104 2771 2288 2810 eremo
2314 2756 2510 2825 illaque
2541 2759 2769 2825 quiete?
2803 2759 3086 2827 Equidem,
3119 2764 3210 2817 sed
3245 2766 3312 2820 ab
3343 2781 3407 2820 eo
3438 2769 3656 2834 missus,

2103 2850 2168 2901 ad
2199 2848 2427 2902 dandam
2455 2849 2734 2903 scientiam
2765 2852 2956 2906 salutis
2987 2853 3125 2922 plebi
3158 2856 3299 2925 ejus,
3329 2858 3393 2911 ad
3426 2873 3655 2928 arguen-

2103 2938 2202 2993 dos
2235 2940 2564 3008 incrednlos,
2601 2953 2931 3014 quapropter
2988 2948 3054 3000 ab
3132 2948 3211 3002 eis
3268 2949 3430 3003 hodie
3482 2953 3658 3020 capite

2105 3039 2384 3085 truncatus
2409 3042 2521 3098 est;
2552 3048 2654 3086 non
2684 3035 2826 3088 enim
2864 3035 3090 3091 debebat
3142 3039 3277 3094 hanc
3323 3045 3654 3112 corporalem

445 3129 832 3192 ἀπειθούντων,
877 3129 942 3181 δι’
995 3130 1053 3181 ὃν
1107 3129 1198 3180 ὑπ’
1237 3129 1419 3180 αὐτῶν
1471 3129 1563 3182 καὶ
1613 3130 1707 3198 τὴν
1758 3129 1998 3200 κεφαλὴν
2027 3100 2069 3158 C
2112 3137 2196 3176 mo

1908 3130 1998 3200 λὴν
2027 3100 2069 3158 C
2112 3132 2340 3176 mortem
2396 3125 2600 3185 subire.
2628 3142 2748 3194 quze
2795 3138 2878 3182 est
2928 3144 3085 3196 paena
3128 3129 3314 3185 Adami
3361 3100 3659 3202 transgres-

446 3221 720 3290 ἀφῄρηται
746 3222 982 3290 σήμερον
1004 3235 1019 3250 ⁸
1059 3221 1116 3273 οὐ
1144 3221 1250 3289 γάρ
1281 3219 1447 3289 ἐχρῆν
1479 3220 1776 3288 ὑποστῆναι
1808 3219 1998 3273 τοῦτον

446 3311 672 3377 φυσικὸν
696 3311 924 3363 Θάνατον
944 3326 956 3339 ·
983 3311 1245 3380 καταδίκη
1282 3313 1388 3379 γάρ
1418 3314 1562 3365 ἐστιν
1597 3307 1750 3375 οὗτος
1779 3313 1878 3382 τῆς
1905 3313 2000 3366 τοῦ

457 3403 624 3470 Ἀδάμ
642 3401 1021 3471 παραϐάσεως,
1050 3397 1116 3470 ἦς
1147 3403 1243 3454 οὐκ
1274 3403 1555 3473 ὀφειλέτης
1593 3407 1620 3457 ό
1652 3406 1750 3474 τῆς
1784 3405 2002 3474 ἐντολῆς

445 3493 747 3562 ῦπηρέτης,
781 3494 808 3544 ὀ
839 3493 896 3556 ἐξ
921 3492 1088 3562 αὐτῆς
1116 3496 1214 3563 τῆς
1255 3496 1524 3564 μητρικῆς
1558 3496 1749 3562 νηδύος
1782 3497 1859 3566 τῷ
1885 3497 2000 3566 Θεῷ

448 3584 716 3653 ὑπήκοοςο
757 3584 895 3652 ὑπὲρ
921 3585 1121 3654 ἀρετῆς
1155 3587 1208 3638 δὲ
1240 3587 1331 3639 καὶ
1361 3587 1644 3650 εὐσεϐείας
1677 3591 1786 3651 τοῖς
1829 3589 1999 3656 άγίοις

447 3674 650 3726 τιθέναι
702 3673 801 3742 τὴν
845 3673 1020 3743 ψυχὴν
1051 3674 1340 3742 ὀφείλεται,
1371 3677 1510 3729 κατὰ
1546 3677 1644 3744 τὴν
1673 3676 1765 3728 τοῦ
1796 3676 1998 3746 Κυρίου

445 3765 691 3831 ἑντολήνο
722 3765 812 3816 καὶ
845 3765 929 3816 διά
958 3764 1116 3818 τοῦτο
1141 3769 1344 3829 τούτοις
1377 3768 1713 3836 κατάλληλος
1750 3768 1946 3835 μᾶλλον
1974 3769 2000 3820 ὁ

444 3854 616 3923 βίαιος
655 3855 793 3922 ὑπὲρ
822 3855 916 3908 τοῦ
965 3855 1127 3908 καλοῦ
1167 3856 1394 3918 Θάνατος
1421 3872 1434 3887 ·
1470 3857 1551 3909 διὸ
1597 3857 1687 3910 καὶ
1723 3859 1751 3910 ὀ
1799 3857 1999 3926 Κύριος

442 3946 584 3998 οὕτω
614 3945 706 3998 τοῦ
737 3945 964 3999 Θανάτου
1005 3948 1286 4014 ἐγεύσατο.
1334 3949 1480 4001 Ἔδει
1511 3949 1566 4001 δὲ
1596 3949 1690 4001 καὶ
1724 3949 1815 4001 τὸν
1839 3935 2000 4003 Θάνα-

443 4053 535 4088 τον
572 4037 821 4090 Ἰωάννου
847 4039 1151 4108 πρόδρομον
1185 4035 1323 4094 εἶναι
1347 4040 1440 4093 τοῦ
1474 4041 1704 4094 Θανάτου
1739 4041 1998 4111 Χριστοῦ,

442 4128 515 4190 ὡς
545 4127 614 4180 ἂν
641 4128 782 4180 κατὰ
811 4129 908 4197 τὴν
941 4131 1216 4199 πατρικὴν
1252 4130 1400 4200 αὐτῷ
1427 4131 1762 4200 προφητείαν
1800 4147 2002 4200 προπο-

444 4218 608 4288 ρευΘῇ
638 4219 731 4272 τοῦ
764 4218 1058 4289 προσώπου
1091 4222 1295 4289 Κυρίου
1330 4219 1421 4273 τοῦ
1451 4221 1636 4276 δοῦναι
1665 4223 1865 4290 γνῶσιν
1896 4239 1999 4274 σω-

441 4309 634 4378 τηρίας
665 4311 757 4362 καὶ
801 4313 912 4372 τοῖς
942 4313 1001 4363 ὲν
1034 4311 1214 4363 σκότει
1245 4313 1338 4365 τοῦ
1369 4311 1494 4383 ᾅδου
1523 4314 1876 4384 καΘημένοις.
1914 4313 1998 4366 ἰλα

443 4401 829 4470 προσδράμωσι
859 4403 1123 4468 κάκεῖνοι,
1150 4405 1244 4456 καὶ
1260 4409 1357 4474 τῆς
1383 4407 1440 4458 ἐν
1465 4407 1688 4476 Χριστῷ
1721 4406 1994 4477 μακαρίας

441 4493 533 4544 καὶ
567 4493 831 4545 ἀθανάτου
877 4493 1023 4562 ζωῆς
1059 4497 1386 4565 ἐπιτύχωσιν
1411 4513 1424 4528 ’
1454 4491 1518 4569 ἦς
1549 4499 1759 4567 γένοιτο
1787 4500 1995 4562 πάντας

437 4584 583 4648 ἡμᾶς
618 4584 888 4652 ἐπιτυχεῖν
911 4586 1229 4655 πρεσϐείαις
1263 4587 1356 4639 τοῦ
1401 4591 1462 4640 ὲκ
1499 4591 1772 4659 μητρικῆς
1807 4589 1997 4656 νηδύος

441 4677 781 4743 ἐπιτυχόντος
806 4677 994 4744 αὐτῆς,
1027 4678 1119 4729 καὶ
1149 4681 1259 4736 τοῖς
1293 4682 1349 4731 ὲν
1378 4685 1447 4750 γῇ
1486 4685 1578 4734 καὶ
1606 4685 1718 4743 τοῖς
1749 4681 1850 4733 ὑπὸ
1893 4685 1994 4750 γῆν

2103 3212 2291 3279 sionis,
2325 3213 2481 3284 cujus
2510 3215 2717 3270 debitor
2749 3230 2857 3272 non
2896 3233 3009 3274 erat
3041 3223 3131 3290 qui
3172 3224 3427 3280 mandata
3457 3226 3648 3296 imple-

2105 3312 2276 3367 verat,
2310 3304 2404 3372 qui
2433 3319 2495 3358 ει
2526 3303 2643 3373 ipso
2674 3305 2860 3361 matris
2900 3316 3052 3362 utero
3082 3309 3192 3364 Deo
3224 3324 3496 3381 paruerat.
3546 3318 3649 3373 Sed

2102 3403 2313 3460 oportet
2339 3404 2562 3446 sanctos
2592 3409 2688 3462 pro
2714 3395 2912 3450 virtute
2934 3406 2986 3451 et
3006 3399 3267 3468 religione
3295 3402 3527 3457 animam
3555 3421 3654 3474 po-

2103 3499 2254 3548 nere,
2283 3486 2582 3540 seeundum
2611 3488 2920 3541 mandatum
2951 3489 3158 3545 Domini
3191 3509 3204 3557 ;
3238 3492 3357 3548 ideo
3387 3494 3504 3550 istis
3527 3489 3672 3551 con?

2101 3589 2414 3631 sentaneam
2445 3592 2627 3630 necem
2682 3579 2884 3645 subiit;
2921 3579 3039 3634 ideo
3083 3583 3242 3636 etiam
3280 3583 3539 3642 Dominus
3583 3589 3655 3642 ita

2103 3677 2329 3720 mortem
2345 3668 2594 3736 gustavit.
2613 3667 2681 3721 At
2703 3671 2981 3738 Oportebat
2999 3683 3222 3726 mortem
3245 3669 3468 3730 Joannis
3495 3690 3656 3732 mort.

2101 3755 2303 3812 Christi
2353 3771 2711 3825 praecurrere,
2744 3766 2800 3810 ut
2834 3760 3131 3813 secundum
3172 3763 3507 3829 prOphetiam
3558 3779 3655 3831 pa-

2104 3851 2202 3904 tris
2247 3850 2460 3919 przeiret
2493 3860 2615 3904 ante
2644 3851 2831 3904 faciem
2865 3849 3096 3918 Domini,
3123 3852 3188 3906 ad
3214 3853 3442 3908 dandam
3474 3856 3655 3910 scien-

2103 3944 2232 3996 tiam
2289 3943 2477 3997 salutis
2531 3941 2780 3996 omnibus
2837 3943 2928 4010 qui
2983 3943 3051 4012 ing
3087 3946 3276 3999 umbra
3348 3947 3538 4001 mortis
3567 3962 3651 4002 se-

2101 4032 2248 4094 dent,
2281 4043 2338 4086 ut
2369 4044 2421 4086 et
2452 4032 2550 4101 ipsi
2582 4040 2892 4094 accurrant,
2919 4036 3549 4100 necnonbeatitudinem
3574 4039 3656 4092 vi-

2102 4131 2320 4192 tamque
2350 4123 2714 4176 immortalem
2748 4123 3031 4178 obtineant
3060 4142 3074 4190 ;
3110 4139 3271 4194 quam
3317 4143 3417 4182 nos
3465 4143 3655 4187 omnes

2101 4216 2345 4268 obtinere
2378 4213 2610 4267 donetur
2636 4213 2972 4268 orationibus
2998 4222 3114 4282 ejus
3140 4217 3231 4286 qui
3261 4233 3377 4272 eam
3410 4235 3440 4274 a
3470 4231 3657 4276 ventre

2101 4307 2289 4361 matris
2344 4316 2668 4360 ceusecutus
2713 4317 2816 4369 est,
2868 4321 3096 4375 eamque
3147 4311 3402 4365 omnibus
3440 4319 3547 4364 tam
3600 4313 3653 4367 in

2104 4399 2262 4451 terris
2293 4411 2454 4466 quam
2490 4397 2589 4450 sub
2622 4408 2762 4453 terra
2792 4398 3121 4467 praedicavit,
3155 4410 3209 4454 et
3236 4415 3423 4456 omnes
3443 4403 3508 4456 ad
3531 4419 3650 4458 eam

2104 4505 2287 4558 opere,
2321 4492 2486 4543 verbo
2519 4499 2679 4556 atque
2721 4491 2974 4560 precibus
3003 4493 3110 4546 Deo
3161 4496 3484 4563 nuncupatis
3517 4511 3648 4550 con-

2103 4580 2256 4634 duxit
2300 4589 2352 4633 et
2384 4579 2655 4642 conducit,
2715 4581 2766 4633 in
2794 4581 2909 4648 ipso
2934 4581 3150 4637 Christo
3183 4583 3411 4638 Domino
3442 4595 3650 4652 nostro,

2103 4688 2262 4743 quem
2295 4674 2466 4727 solum
2497 4672 2648 4726 decet
2671 4673 2842 4740 gloria
2873 4683 3091 4728 aeterna.
3125 4676 3315 4729 Amen.

438 4767 637 4835 ταύτην
664 4768 1123 4838 ἀνακηρύξαντος,
1147 4769 1240 4821 καὶ
1271 4771 1674 4841 ποδηγήσαντος
1703 4775 1794 4825 καὶ
1823 4769 2184 4842 ποδηγοῦντος
2220 4768 2366 4836 ἐργῳ
2396 4765 2490 4817 καὶ
2525 4764 2667 4833 λόγῳ
2727 4766 2822 4815 καὶ
2879 4767 2999 4826 ταῖς
3052 4767 3187 4835 πρὸς
3244 4767 3376 4822 Θεὸν
3421 4772 3654 4836 ἱκεσίαις

438 4861 568 4928 πρὸς
625 4859 793 4930 αὐτὴν
834 4864 1098 4927 ἃπαντας,
1138 4865 1194 4916 ὲν
1239 4864 1386 4934 αύτῷ
1425 4866 1651 4935 Χριστῷ
1693 4867 1769 4937 τῷ
1808 4869 1997 4938 Κυρίῳ
2030 4865 2214 4937 ήμῶνο
2249 4855 2292 4929 ᾧ
2330 4862 2476 4930 μόνῳ
2509 4862 2709 4931 πρέπει
2737 4860 2860 4925 δόξα
2891 4862 3125 4926 αίώνιος-
3173 4863 3363 4932 Ἀμήν-

923 4991 1082 5060 230
1121 4994 1360 5046 OMIAIA
1399 4994 1533 5050 MA'.

442 5125 540 5203 Εἰς
571 5128 635 5176 τό
672 5123 788 5202 τῆς
815 5125 1066 5203 δεκάτης
1092 5128 1702 5203 τετάρτηςγΚυριακῆς
1736 5135 1993 5203 Είιαγγέ·

503 5196 640 5272 λιογ
667 5196 794 5272 -τοῦ
832 5200 1131 5272 Ματθαιίου
1157 5217 1170 5230 ο
1202 5203 1293 5272 εἰς
1339 5202 1451 5267 τὴν
1480 5196 1994 5272 ᾆταραόὸλίρνςέὴν

507 5265 822 5343 κακοῦσαν
861 5269 945 5343 είς
971 5267 1111 5331 τοὺς
1140 5269 1366 5343 γάμους
1397 5265 1502 5325 τοῦ
1529 5265 1660 5343 olor}
1691 5289 1703 5303 ·
1732 5265 1798 5326 ἐκ
1897 5265 1993 5328 καὶ

506 5333 656 5412 πριὸς
692 5335 831 5412 τοίίς
869 5333 1317 5412 ,ξέγοτταςῖηὶὶιά
1344 5333 1403 5393 τί
1445 5342 1736 5396 ἐκάλεσεν
1767 5347 1798 5396 ό
1837 5333 1992 5410 ’Θεὸς

506 5403 653 5480 τοὺς
674 5403 974 5480 μηδαμῶς,
1009 5406 1044 5471 ἢ
1067 5410 1151 5474 μὴ
1184 5408 1258 5480 δι’
1287 5410 1474 5478 ἔργων
1503 5403 1986 5480 ὺπακούσονταςζ

507 5475 602 5523 καὶ
621 5473 716 5524 διὰ
748 5475 800 5524 τί
827 5473 1077 5542 ἐποίησε
1107 5473 1246 5543 τοὺς
1274 5473 1882 5551 κολασθησομένουα

506 5583 614 5652 Τῆς
648 5587 887 5655 σήμερον
920 5588 1431 5663 άναγινωσκομένης
1462 5599 1517 5649 ὲν
1559 5599 1634 5669 τῷ
1677 5601 1989 5668 Εὐαγγελίῳ

437 5674 528 5726 τοῦ
580 5677 778 5744 Κυρίου
821 5681 1132 5750 παραϐολῆς
1181 5686 1239 5737 τὸ
1273 5688 1577 5744 τελευταῖον
1623 5693 1832 5760 πρῶτον
1881 5695 1987 5763 ἐρῶ

507 5791 548 5820 ³ο
589 5788 776 5846 Matth.
812 5809 979 5858 xmt,
1015 5796 1161 5852 l-M.

2641 4995 2922 5050 HOMILIA
2958 4995 3092 5050 XLI.

2099 5137 2162 5190 lu
2198 5135 2536 5204 Evangelium
2579 5135 2858 5188 secundum
2906 5131 3209 5204 Matt/laeum
3250 5146 3450 5202 quarta:
3508 5141 3648 5193 deci-

2167 5221 2265 5258 mw
2293 5203 2618 5267 Dbmt‘nicw;
2652 5208 2705 5256 in
2738 5203 3045 5271 parabolam
3089 5205 3387 5256 invitantem
3417 5210 3484 5257 ad
3523 5226 3652 5275 ηιιρ.

2169 5278 2268 5327 tias
2292 5275 2394 5341 ﬁlii
2431 5276 2510 5335 3°;
2559 5277 2606 5324 in
2646 5291 2747 5340 qua
2795 5275 2955 5324 etiam
2983 5285 3278 5340 arguuntur
3308 5277 3395 5341 qui
3428 5280 3644 5333 dicunt:

2170 5347 2348 5409 Quare
2373 5346 2564 5396 voravit
2600 5343 2735 5395 Deus
2771 5359 2852 5394 eos
2880 5347 2965 5410 qui
2997 5344 3136 5394 nullo
3157 5350 3326 5403 modo,
3351 5349 3421 5397 vel
3465 5348 3646 5399 saltem

2171 5433 2271 5468 non
2296 5416 2532 5480 operibm
2562 5425 2676 5464 sunt
2713 5415 2968 5463 obediturt'
2990 5413 3013 5464 ἔ)
3033 5423 3079 5465 et
3114 5429 3274 5480 quare
3300 5416 3422 5479 fecit
3444 5432 3527 5468 eos
3560 5419 3648 5482 qui

2173 5487 2437 5554 suppliciis
2474 5494 2589 5534 sum
2617 5487 2854 5534 tradendi
2877 5483 2902 5533 ?

2177 5604 2480 5657 Memoratuc
2513 5601 2668 5654 hodie
2699 5601 2749 5651 in
2799 5598 3085 5665 Evangelio
3137 5600 3344 5653 Domini
3381 5602 3650 5668 parabole

2107 5697 2263 5750 linem
2297 5697 2527 5762 primum
2564 5693 2736 5746 divam
2767 5691 3016 5744 cilaritati
3059 5704 3244 5746 testim
3275 5711 3285 5745 :
3329 5712 3344 5742 ι
3385 5692 3648 5757 Quoniam
