4434 6460
799 417 894 479 519

2053 412 2431 473 GREGORII
2462 415 2786 475 PALAMJS

3944 429 4046 490 520

797 548 1125 604 mortalibus
1147 546 1253 602 cibi
1278 545 1578 600 necessitas
1608 545 1891 601 incumbit.
1921 545 2091 601 Porro
2115 548 2219 602 cibi
2245 563 2368 618 par—
2395 567 2442 625 Α
2473 550 2548 604 πά

2295 563 2442 625 δι’-Α
2473 550 2681 615 πάντας
2742 551 2952 605 θέλοντι
3001 551 3242 620 σωθῆναι
3286 553 3426 623 ὑπὲρ
3491 556 3602 608 τῶν
3650 558 3725 628 μὴ
3783 560 4046 615 θελόντων

798 652 903 695 tein
943 651 1136 695 natura
1173 641 1225 695 in
1256 638 1526 708 propriam
1564 637 1920 692 refectionem
1954 639 2126 708 eligit,
2150 647 2204 693 et
2232 639 2364 692 sibi-

796 731 1014 800 metipsi
1058 730 1305 793 assumit,
1335 738 1538 798 partem
1569 745 1696 784 vero
1731 729 1926 783 factam
1983 729 2250 796 lcetidam,
2309 740 2368 784 ut

799 824 1044 877 inutilem
1094 821 1293 874 emittit
1339 837 1430 890 per
1482 823 1719 875 membra
1777 821 2071 876 secretioni
2126 823 2361 876 idonea:

803 913 1044 982 nunquid
1096 913 1340 981 proinde,
1376 913 1498 982 quia
1557 913 1722 967 debet
1775 914 1827 966 in
1879 924 2093 968 stercus
2144 915 2366 978 mutari,

800 1020 980 1060 eseam
1010 1006 1232 1057 omnino
1267 1004 1601 1071 propelletis,
1640 1006 1723 1059 vel
1760 1007 1888 1074 quia
1917 1006 2078 1059 debet
2123 1006 2245 1074 eligi
2278 1022 2373 1059 na-

805 1110 924 1152 tura
962 1108 1147 1150 nostra
1179 1098 1229 1148 in
1269 1096 1645 1164 refectionem,
1677 1115 1772 1167 per
1796 1097 2098 1151 coctionetn
2152 1099 2371 1152 assimi-

808 1191 904 1242 iari
934 1200 986 1242 et
1017 1190 1067 1240 in
1095 1189 1215 1256 ejus
1268 1190 1633 1242 substantiam
1663 1191 1926 1254 e0nverti,
1957 1191 2115 1258 proin
2152 1206 2370 1244 omnem

805 1298 984 1335 escam
1041 1282 1363 1335 assumere“?
1423 1282 1777 1351 Nequaquam
1832 1298 1970 1351 opus
2021 1292 2106 1337 est
2146 1285 2375 1337 Jratinci-

807 1374 1010 1436 nandi;
1071 1389 1196 1426 nam
1252 1388 1414 1440 Opere
1466 1375 1861 1442 respondemus
1917 1376 2149 1444 singulis
2181 1376 2373 1430 diebus

809 1466 1232 1530 manducantes,
1267 1475 1320 1519 et
1352 1477 1634 1520 vescentes
1678 1467 1800 1520 cibo
1839 1467 1930 1535 qui
1971 1469 2133 1522 simul
2169 1475 2376 1522 natura:

809 1565 1010 1609 nostra:
1044 1557 1295 1609 convenit
1322 1565 1374 1608 et
1445 1555 1512 1608 ab
1553 1571 1616 1609 ea
1652 1558 1950 1624 repellitur.
2009 1558 2177 1626 Cujus
2208 1559 2377 1626 gratia

814 1649 916 1703 hoc
945 1648 1218 1702 facimus?
1250 1648 1476 1716 PrOptcr
1527 1650 1772 1702 innatum
1826 1650 1981 1703 nobis
2022 1664 2262 1702 amorem
2295 1652 2378 1703 vi-

815 1749 901 1794 taz.
942 1742 1015 1793 Ita
1045 1756 1174 1809 ergo
1227 1741 1373 1794 Deus
1427 1751 1646 1810 propter
1689 1741 1931 1794 innatam
1985 1742 2378 1810 benignitatem

814 1839 868 1885 et
891 1832 1260 1898 clementiam,
1282 1833 1406 1886 licet
1428 1832 1672 1886 nonnulli
1705 1843 1896 1902 sponte
1924 1834 2051 1886 mali
2079 1843 2262 1888 essent
2295 1838 2379 1888 fu-

2472 643 2574 710 τὴν
2604 643 2814 696 οίκείαν
2845 645 3144 712 σωτηρίαν.
3177 644 3405 712 Βροτοῐς
3441 647 3573 715 ἡμῖν
3605 648 3727 721 οὖσι
3753 654 4048 722 τρέφεσθαι

2473 734 2688 804 ἀνάγκη
2714 751 2729 767 ο
2765 734 2888 787 ἐπεὶ
2921 730 3016 788 οὖν
3042 735 3145 804 τῆς
3177 738 3384 806 τροφῆς
3409 739 3469 790 τὸ
3523 739 3624 808 μὲν
3658 743 3690 812 ἠ
3745 745 3869 796 καθ’
3901 748 4047 815 ἡμᾶς

2474 825 2634 893 φύσις
2698 825 2780 888 είς
2835 827 3046 878 οἰκείαν
3104 825 3362 880 σύστασιν
3422 830 3858 899 ἐκλέγεταικκαὶ
3909 839 4047 905 πρὸς

2476 919 2675 985 ἐαυτην
2705 918 3100 987 ἀναλαμϐάνει,
3131 922 3190 972 τδ
3212 921 3268 972 δὲ
3310 922 3548 986 δυσῶδες
3595 927 4043 999 ἀπεργαζομένη,

2474 1011 2546 1072 ὡς
2580 1012 2794 1082 ἀχρεῖον
2821 1012 2926 1075 ἔξω
2953 1012 3132 1080 βάλλει
3159 1013 3245 1067 διὰ
3274 1014 3384 1066 τῶν
3413 1018 3788 1086 ἁποκριτικῶν
3821 1025 4044 1091 μορίων,

2477 1104 2657 1170 ὑμεῖς,
2679 1105 2766 1157 διὰ
2792 1105 2853 1156 τὸ
2879 1105 3072 1174 μέλλον
3103 1108 3180 1167 είς
3212 1108 3414 1178 κόπρον
3441 1110 3915 1183 ἀποτελευτήσειν,
3950 1119 4046 1183 τὴν

2475 1197 2683 1266 τροφὴν
2715 1196 3004 1250 ἀπώσεσθε
3037 1200 3468 1271 παντάπασιν,ἢ
3508 1205 3594 1256 διὰ.
3633 1206 3693 1257 τὸ
3749 1209 4047 1275 ἐκλεγόμε-

2482 1304 2589 1350 νον,
2611 1290 2703 1339 καὶ
2733 1291 2868 1358 πρὸς
2910 1288 3170 1342 σ’ύστασιν
3194 1292 3292 1360 τῆς
3321 1294 3444 1358 καθ’
3494 1297 3640 1365 ήμὶς
3696 1297 3911 1366 φύσεως
3963 1301 4050 1353 διά

2480 1377 2694 1445 πέψεως
2719 1381 3138 1448 ἐξομοιούμενόν
3171 1403 3229 1438 τε
3285 1387 3383 1437 καὶ
3412 1390 3948 1456 προσοικειούμενον,
3991 1394 4052 1444 τὸ

2483 1472 2592 1524 πᾶν
2635 1471 2735 1538 τῆς
2783 1472 2990 1541 τροφῆς
3041 1477 3439 1543 προσοίσεσθες
3500 1481 3724 1543 Πάντως
3773 1482 3834 1534 οὐ
3891 1481 4050 1547 λόγου

2482 1563 2642 1632 χρεία
2677 1582 2691 1596 ο
2722 1565 2818 1617 καὶ
2851 1566 2960 1635 γὰρ
2983 1567 3128 1638 ἔργῳ
3156 1571 3252 1639 τὴν
3280 1571 3576 1640 ἀπόκρισιν
3599 1575 3902 1641 ποιούμεθα
3927 1576 4047 1628 καθ’

2483 1656 2695 1723 ἡμέραν
2731 1659 3079 1724 τρεφόμενοι,
3113 1661 3207 1710 καὶ
3250 1660 3338 1711 διὰ
3365 1662 3462 1729 τὴν
3518 1662 3866 1731 κατάλληλον
3919 1667 4050 1734 ἡμῖν

2482 1744 2711 1814 τροφὴν,
2749 1747 2844 1798 καὶ
2877 1748 2979 1816 τὴν
3012 1749 3388 1817 ἀκατάλληλον
3421 1754 3486 1821 τῇ
3534 1752 3692 1820 φύσει
3748 1758 4052 1822 προσφερο-

2489 1856 2662 1907 μενοι.
2697 1840 2854 1902 Τίνος
2878 1844 3038 1910 χάριν
3071 1843 3227 1895 τοῦτο
3258 1847 3622 1912 πράττοντεςς
3654 1848 3752 1900 Διά
3803 1848 3900 1916 τὴν
3959 1849 4055 1917 5y.-
4089 1833 4092 1836 i

815 1925 946 1985 turi,
978 1926 1330 1979 nihilominus
1371 1925 1424 1976 in
1456 1925 1631 1978 lucem
1669 1926 1842 1979 bonos
1874 1925 2064 1987 edidit,
2087 1929 2179 1978 sed
2221 1942 2380 1994 prop-
2413 1943 2454 2000 Β
2485 1948 2566 1997 φυε

2304 1943 2380 1994 tp-
2413 1943 2454 2000 B
2485 1947 2653 1997 φυτον
2679 1932 2810 1999 ἡμῖν
2845 1933 3163 2000 φιλοζωίαν.
3195 1935 3384 1999 Οὕτως
3414 1938 3508 1990 οὖν
3551 1940 3644 1990 καὶ
3698 1939 3727 1989 6
3783 1940 3914 2003 Θεὸς
3968 1942 4055 1993 διὰ

813 2026 899 2069 ter
937 2017 1112 2070 bonos
1144 2032 1240 2071 eos
1276 2017 1441 2070 etiam
1475 2017 1579 2086 qui
1602 2018 1726 2070 ntali
1755 2015 2126 2082 erantfuturi,
2158 2021 2381 2071 creavit.

812 2105 1007 2160 Nonne
1039 2107 1233 2160 videtis
1291 2109 1550 2176 quoniam
1595 2109 1930 2162 medicorum
1963 2110 2114 2177 pueri
2153 2123 2256 2162 non
2286 2110 2386 2167 .si-

817 2211 950 2253 nunt
990 2200 1132 2252 fatue
1164 2203 1402 2269 torqueri
1427 2216 1521 2255 eos
1551 2203 1642 2270 qui
1666 2213 1888 2269 propter
1907 2201 2245 2256 debilitatem
2273 2213 2387 2255 sto-

821 2293 999 2346 tnaclii
1049 2295 1231 2346 cilium
1283 2294 1516 2347 retinere
1570 2299 1870 2363 nequeunt,
1925 2292 2020 2346 sed
2069 2293 2220 2345 illum
2255 2306 2384 2345 evo-

815 2383 1011 2437 munt?
1046 2385 1226 2448 Quare
1255 2399 1386 2453 ergo
1412 2386 1538 2440 illos
1573 2386 1784 2440 nutrire
1819 2384 2077 2441 studenti
2123 2387 2384 2454 quoniam

813 2476 1023 2544 aliquid
1064 2467 1166 2531 etsi
1206 2478 1322 2532 leve
1353 2490 1546 2533 natura
1594 2495 1622 2532 a
1652 2481 1774 2534 cibo
1820 2483 2032 2550 accipit,
2068 2481 2168 2535 etsi
2211 2481 2386 2549 major

816 2587 944 2640 pars
994 2588 1243 2627 escarum
1277 2575 1569 2629 vomitibus
1623 2577 1880 2629 reddatur
1935 2576 2182 2640 inutilis;
2229 2591 2363 2644 qua-

820 2676 1042 2732 pr0pter
1074 2665 1311 2718 humana
1345 2667 1540 2720 merito
1569 2667 1772 2721 dicitur
1811 2668 2103 2721 medicina.

2486 2023 2586 2092 τὴν
2624 2024 2865 2093 ἔμφυτον
2902 2027 3247 2095 χρηστότητα
3281 2029 3376 2081 καὶ
3425 2029 3484 2080 τὸ
3516 2030 3837 2098 φιλάγαθον,
3879 2035 3940 2087 οὐ
3971 2034 4059 2086 διὰ

2489 2118 2614 2181 τοὺς
2660 2118 2956 2185 ἐσομένους
2986 2119 3200 2172 οἴκοθεν
3245 2125 3451 2186 κακοὺς
3487 2125 3663 2193 ἀφῆκε
3721 2130 4058 2194 προαγαγεῖν

2490 2212 2568 2269 είς
2601 2209 2818 2276 γένεσιν
2847 2211 2972 2272 τοὺς
2997 2213 3258 2279 ἀγαθοὺς,
3300 2217 3438 2267 ἀλλὰ
3481 2218 3569 2269 διὰ
3616 2220 3743 2281 τοὺς
3799 2220 4057 2285 ἀγαθοὺς,

2491 2302 2587 2352 καὶ
2645 2299 2771 2362 τοὺς
2818 2302 3112 2370 ἐσομένους
3176 2307 3380 2368 κακοὺς
3439 2309 3898 2380 ἐδημιούργησεν.
3947 2314 4060 2381 Οὐχ

2492 2394 2656 2462 ὁρᾶτε
2683 2392 2808 2455 τοὺς
2837 2394 2946 2446 τῶν
2991 2395 3193 2461 ἰατρῶν
3254 2399 3450 2462 παῖδας
3500 2403 3581 2454 ὅτι
3613 2404 3712 2454 οὐκ
3767 2405 4062 2456 ἐνδιδόασιν

2495 2485 2702 2535 άσιτεῖν
2733 2485 2844 2544 τοῖς
2869 2484 2956 2536 διὰ
2981 2484 3078 2553 τὴν
3103 2485 3198 2537 τοῦ
3235 2491 3509 2558 στομάχου
3539 2491 3758 2544 ἀτονίαν
3789 2495 3849 2544 οὐ
3884 2512 4063 2565 παρα-

2493 2573 2834 2642 κατέχουσιν,
2854 2575 2968 2627 ἀλλ’
2998 2576 3192 2645 ἐμοῦσι
3225 2579 3557 2651 τὴντροφή“ν;
3581 2582 3738 2646 Τίνος
3772 2581 3864 2638 οῦν
3901 2586 4064 2637 ἕνεκα

2492 2665 2787 2734 τρέφεσθαι
2799 2665 2986 2728 αὐτοῖς
3005 2668 3401 2737 προτρέπουσιν
3419 2689 3433 2736 ;
3461 2671 3583 2724 Ὀτι
3601 2673 3664 2724 λα
3675 2675 3868 2741 μὸάνει
3886 2692 3936 2727 τι
3958 2677 4064 2727 κάν

823 2761 871 2811 εί
914 2759 1086 2830 βραχὺ
1151 2761 1302 2830 παρὰ
1334 2761 1432 2828 τῆς
1479 2762 1689 2830 τροφῆς
1743 2764 1776 2832 ἡ
1815 2762 1998 2830 φύσις,
2031 2765 2079 2814 εί
2110 2762 2204 2816 καὶ
2256 2761 2315 2814 τὸ
2343 2760 2595 2812 πλεῖστον
2641 2763 2750 2812 τῶν
2818 2762 3124 2832 βρωμάτων
3155 2752 3576 2837 ὀχρειοῦτάιδιά
3626 2773 3734 2825 τῶν
3814 2775 4064 2843 ἐμετών·

819 2854 907 2907 διὰ
930 2853 1084 2905 τοῦτο
1119 2855 1499 2924 φιλάνθρωπος
1534 2857 1757 2917 δικαίως
1779 2858 1812 2926 ή
1847 2856 2064 2925 ἰατρικὴ
2091 2857 2360 2908 καλεῖται.

897 2954 1045 3009 Unde
1077 2953 1378 3021 benignitas
1409 2964 1462 3008 et
1484 2953 1770 3008 clementia
1821 2955 1916 3008 Dei
1973 2970 2037 3008 ex
2068 2955 2174 3009 hoc
2213 2955 2387 3024 magis

822 3048 1155 3108 ostenditur,
1206 3047 1488 3114 quoniam,
1533 3061 1840 3115 quanquam
1891 3061 2001 3114 przc
2045 3048 2390 3100 multitudine

820 3138 1129 3198 animarum
1164 3153 1272 3191 non
1324 3139 1710 3192 salvandarum
1743 3140 1897 3207 pauci
1949 3140 2060 3192 sint
2105 3139 2194 3205 qni
2226 3139 2387 3192 saluti

826 3243 938 3282 sua:
985 3227 1305 3288 inserviunt,
1343 3228 1456 3296 ipse
1507 3237 1673 3280 totum
1722 3242 1891 3294 genus
1945 3227 2211 3289 condidit,
2259 3243 2390 3296 pau-

824 3321 1014 3387 cisque
1049 3319 1244 3373 futuris
1298 3320 1504 3385 electis,
1538 3331 1756 3389 prepter
1811 3321 2034 3374 nimiam
2066 3321 2388 3374 cltaritatem

828 3428 1018 3466 omnes
1053 3424 1230 3466 tamen
1280 3413 1516 3466 vocavit.
1553 3431 1570 3462 ι
1614 3411 1798 3466 Simile
1829 3411 2031 3466 factum
2063 3421 2165 3477 est,
2201 3412 2393 3482 inquit,

828 3521 1054 3572 regnum
1091 3507 1358 3558 cmlorum
1394 3505 1600 3557 homini
1629 3506 1737 3572 regi
1763 3505 1852 3572 qui
1880 3503 2006 3556 fecit
2035 3505 2250 3572 nuptias
2285 3503 2394 3557 tilio

831 3610 962 3648 suo:
992 3603 1043 3646 et
1071 3594 1213 3648 misit
1242 3608 1432 3646 servos
1463 3608 1594 3647 suos
1622 3608 1820 3647 vocare
1866 3594 2126 3648 inritatos
2160 3596 2223 3646 ad
2258 3609 2396 3662 nup-

832 3686 953 3744 tias,
991 3693 1045 3734 rt
1070 3687 1326 3737 noli-bant
1351 3685 1561 3736 venire.
1599 3705 1614 3734 ι
1656 3684 1754 3738 llic
1783 3686 1997 3753 nuptias
2028 3697 2186 3739 vocat
2241 3685 2400 3738 unio-

833 3796 954 3832 nem
1003 3779 1119 3831 Filii
1158 3777 1247 3830 Dei
1287 3793 1412 3830 cum
1469 3777 1702 3829 linmana
1753 3789 1965 3839 natura,
1995 3788 2048 3830 et
2097 3792 2192 3846 per
2237 3777 2396 3829 istam

831 3888 955 3924 cum
991 3871 1224 3923 Ecclesia
1260 3880 1461 3922 nostra.
1502 3866 1633 3918 Nam
1667 3867 1864 3920 Paulus
1896 3867 2082 3921 dii-ens
2106 3869 2400 3920 matrimo-

835 3967 906 4017 nii
959 3964 1275 4033 mysterium
1325 3958 1445 4015 esse
1505 3977 1783 4029 magnum,
1819 3961 2060 4014 addidit:
2107 3979 2124 4011 ι
2166 3959 2278 4030 Ego
2307 3977 2403 4014 att-

833 4067 940 4107 tem
996 4055 1115 4106 ilico
1165 4052 1223 4104 in
1276 4050 1494 4104 Christo
1538 4059 1592 4103 et
1626 4051 1678 4102 in
1713 4049 1977 4103 Ecclesia.
2016 4069 2034 4099 ι
2070 4050 2208 4104 Alibi
2238 4052 2399 4105 etiam

832 4148 993 4200 nobis
1044 4147 1216 4198 dicit:
1256 4162 1273 4195 ι
1330 4143 1602 4211 Despondi
1657 4157 1751 4195 vos
1805 4143 1898 4197 uni
1961 4143 2078 4195 viro
2135 4143 2401 4212 virginem

833 4249 1034 4291 castam
1093 4236 1351 4290 cvliibere
1407 4235 1625 4288 Christo
1693 4234 1760 4285 “.
1830 4252 1848 4284 ι
1907 4232 2235 4302 Βοᾱ,(ιυαι”θ
2294 4250 2399 4289 non

833 4327 968 4380 dixit
997 4341 1159 4380 unum
1193 4325 1551 4386 eonnubium,
1577 4333 1629 4375 at
1656 4323 1922 4376 connubia
1946 4338 2121 4393 regem
2143 4323 2403 4380 caslorum

837 4415 1053 4469 Patrem
1135 4414 1458 4468 altissimum
1517 4411 1653 4465 Filio
1707 4427 1806 4467 suo
1856 4411 2092 4465 fecisse?
2134 4411 2402 4476 Quoniam

835 4517 1150 4563 sanctarum
1204 4504 1510 4558 animarum
1576 4519 1810 4571 sponsus
1857 4504 2129 4565 Christus,
2179 4505 2406 4572 singulis

835 4601 955 4654 istis
1009 4598 1206 4652 animis
1265 4596 1490 4665 mystice
1551 4595 1899 4662 conjurtclus,
1960 4597 2053 4649 dat
2084 4596 2231 4650 I’atri
2264 4613 2404 4666 nup-

2570 2951 2735 3002 Ὥστε
2760 2950 2855 3001 καὶ
2880 2949 2941 3021 τὸ
2984 2945 3080 3001 τοῦ
3113 2948 3249 3002 Θεοῦ
3285 2951 3586 3018 φιλάγαθον
3629 2969 3689 3007 τε
3744 2955 3838 3008 καὶ
3875 2957 4064 3025 φιλάν-

2498 3042 2718 3111 θρωπον
2754 3043 2816 3092 ἐκ
2845 3041 3036 3094 τούτου
3074 3042 3276 3110 μᾶλλον
3322 3044 3618 3110 δείκνυται,
3679 3048 3762 3098 ὅτι
3817 3051 3951 3116 πρὸς
4001 3049 4062 3100 τὸ

2499 3133 2704 3202 πλῆθος
2731 3134 2838 3186 τῶν
2869 3135 2942 3203 μὴ
2974 3133 3322 3202 σωζομένων,
3366 3135 3563 3204 ὀλίγων
3618 3138 3788 3191 δντων
3820 3141 3928 3191 τῶν
3967 3141 4067 3206 τῆς

2494 3228 2707 3288 οίκείας
2736 3227 3017 3297 σωτηρίας
3071 3228 3563 3292 ἀντιποιουμένων,
3617 3233 3781 3292 αὐτὸς
3830 3233 3890 3284 τὸ
3957 3236 4066 3286 πᾶν

2497 3322 2652 3388 γένος
2680 3321 3102 3389 ἐδημιούργησε,
3127 3322 3220 3372 καὶ
3259 3321 3453 3389 ὀλίγων
3502 3323 3672 3377 ὄντων
3732 3325 3840 3376 τῶν
3907 3327 4071 3387 ἐκλε-Δ

2498 3413 2650 3467 κτῶν
2703 3410 2922 3465 ἔσεσθαι
2961 3411 3282 3481 μελλόντων,
3339 3413 3504 3474 αὐτὸς
3562 3414 3650 3466 διὰ
3696 3415 3754 3466 τὸ
3797 3412 4068 3485 ὑπερϐάλ-

2500 3502 2590 3554 λον
2641 3503 2738 3570 τῆς
2782 3502 2951 3554 αὐτοῦ
3006 3502 3431 3571 φιλανθρωπίας
3481 3503 3728 3565 ἃπαντας
3787 3507 4062 3560 ἐκάλεσεν.

2506 3612 2526 3646 r
2573 3595 2843 3663 Ὡμοιώθη
2873 3597 3000 3663 γὰρ,
3045 3597 3228 3662 φησιν,
3287 3598 3318 3664 ἡ
3373 3595 3618 3663 βασιλεία
3659 3597 3767 3648 τῶν
3819 3599 4066 3666 οὐρανῶν

2501 3685 2771 3756 ἀνθρώπῳ
2806 3687 3018 3752 βασιλεῖ
3038 3687 3185 3749 ὅστις
3214 3688 3434 3754 ἐποίησε
3467 3689 3677 3756 γάμους
3725 3690 3802 3758 τῷ
3839 3692 3936 3755 υίῴ
3976 3691 4068 3742 οῦ-

2503 3779 2623 3848 τοῦ,
2682 3780 2776 3831 καλ⁵
2801 3779 3088 3830 ἀπέστειλε
3147 3780 3272 3840 τοῦς
3325 3779 3544 3840 δούλους
3599 3781 3788 3845 αὑτοῦ,
3841 3783 4068 3836 καλέσαι

2502 3871 2628 3932 τοὺς
2653 3870 3022 3938 κεκλημένους
3056 3871 3135 3930 εἰς
3178 3871 3304 3932 τοὺς
3332 3871 3565 3936 γάμους,
3597 3872 3690 3923 καὶ
3725 3872 3824 3923 οὐκ
3877 3873 4069 3942 ἤθελον

2505 3963 2700 4018 ἐλθεῖν.
2753 3981 2772 4014 υ
2811 3962 2992 4029 Γάμον
3039 3961 3273 4014 ἐνταῦθα
3324 3963 3420 4031 τὴν
3455 3963 3548 4014 τοῦ
3609 3965 3741 4015 Υίοῦ
3793 3965 3885 4016 τοῦ
3933 3967 4067 4018 Θεοῦ

2505 4059 2644 4126 πρὸς
2663 4057 2763 4126 τὴν
2793 4055 3144 4124 ἀνθρωπίνην
3173 4055 3356 4122 φύσιν,
3391 4057 3482 4107 καὶ
3515 4057 3705 4123 τὴνοδι’
3737 4057 3904 4124 αὐτῆς
3936 4058 4070 4125 πρὸς

2505 4149 2605 4216 τὴν
2631 4148 2752 4200 καθ’
2811 4147 2958 4215 ἡμᾶς
3001 4145 3334 4212 Ἐκκλησίαν
3381 4145 3526 4209 λέγει
3561 4145 3857 4212 συνάφειαν
3888 4162 3901 4175 ·
3932 4145 4076 4197 οὕτω

2506 4239 2613 4307 γὰρ
2638 4239 2732 4290 καὶ
2769 4239 2796 4288 ὁ
2825 4237 3030 4297 Παῦλος
3055 4234 3249 4298 εἰπὼν,
3275 4236 3356 4286 ὃτι
3381 4235 3438 4286 τὸ
3469 4235 3772 4302 μυστήριον
3819 4235 3912 4284 τοῦ
3972 4235 4076 4299 γάο

2510 4348 2612 4394 μου
2642 4332 2785 4399 μέγα
2815 4329 2981 4392 ἐστὶν,
3040 4331 3327 4394 ἐπήγαγεν
3359 4343 3372 4356 ·
3429 4344 3447 4377 t
3494 4325 3636 4393 Ἐγὼ
3693 4325 3748 4378 δέ
3805 4325 3949 4391 λέγω
3998 4329 4077 4387 εἰς

2507 4423 2761 4490 Χριστὸν,
2785 4422 2879 4482 καὶ
2907 4421 2984 4480 είς
3012 4419 3112 4487 τὴν
3146 4417 3494 4486 Ἐκκλησίαν.
3529 4435 3545 4466 ι
3591 4417 3848 4484 Ἀλλαχοῦ
3882 4417 3936 4468 δὲ
3975 4418 4078 4469 πά-

2508 4512 2589 4564 λιν
2616 4511 2748 4580 πρδς
2783 4512 2926 4577 ἡμᾶς
2964 4527 3127 4578 φησιν
3155 4527 3167 4540 ·
3212 4526 3230 4558 t
3281 4508 3648 4576 Ἥρμοσάμην
3679 4509 3822 4576 ὑμᾶς
3854 4509 3932 4559 ἐνὶ
3983 4510 4076 4559 ἁν-

2509 4602 2621 4671 δρλ..
2684 4599 2964 4668 παρθένον
3015 4599 3183 4667 ἁγνὴν
3237 4598 3589 4665 παραστῆσαι
3634 4597 3711 4665 τῷ
3766 4597 4007 4667 Χριστῷ.
4052 4619 4067 4648 ι

835 4694 958 4746 tiale
1022 4689 1279 4759 gaudium
1334 4689 1403 4742 de
1454 4688 1556 4740 isto
1614 4688 1910 4742 celebrare.
1965 4689 2082 4756 Ipse
2126 4690 2265 4742 enim
2327 4695 2586 4771 estp'l‘i'

2327 4696 2408 4743 est
2440 4717 2484 4771 [ι
2513 4695 2666 4752 Τίνος
2699 4691 2755 4743 δὲ
2782 4691 2969 4742 ἕνεκεν
3023 4692 3120 4758 οὐχ
3153 4690 3247 4740 ἕνα
3285 4690 3481 4756 γάμον,
3506 4689 3641 4740 ἀλλά
3682 4689 3888 4755 γάμους
3947 4690 4078 4754 φησί

833 4785 923 4851 qui
955 4783 1084 4836 dicit
1117 4799 1130 4834 :
1172 4800 1188 4831 ι
1227 4779 1490 4832 Gaudium
1519 4779 1620 4832 erit
1652 4781 1702 4831 iit
1732 4781 1872 4834 coelo
1900 4796 2064 4848 super
2118 4796 2224 4835 uno
2272 4798 2398 4849 pec-

835 4889 1018 4928 t'altll'c
1048 4873 1415 4942 pit-nitentiant
1454 4883 1642 4939 agente
1678 4871 1776 4922 ³³.»
1798 4870 1928 4924 Nam
1961 4871 2190 4939 Spiritus
2217 4875 2410 4927 iterum

836 4983 930 5033 per
987 4963 1399 5018 conversionem
1461 4962 1846 5030 eonjungentis
1911 4972 1964 5016 et
2029 4965 2412 5032 desponsantis

839 5058 1057 5111 Christo
1102 5057 1312 5109 animas
1344 5055 1396 5106 in
1431 5055 1750 5122 ptenitcntia
1801 5055 2039 5109 viventes
2073 5055 2415 5110 [metusest

843 5152 1097 5219 gaudium
1131 5147 1430 5201 secundum
1462 5147 1804 5213 Apostoluin,
1847 5163 1955 5216 quo
1988 5148 2265 5216 replentur
2296 5163 2414 5201 om-

840 5256 937 5293 nes
971 5240 1062 5292 Dei
1097 5239 1255 5291 amici
1283 5238 1476 5291 sivéiiu
1512 5237 1649 5290 coelo
1675 5239 1789 5290 sive
1812 5238 1863 5289 in
1893 5238 2053 5290 terris
2080 5254 2093 5301 ;
2134 5237 2251 5291 ideo
2278 5253 2412 5306 gau-

841 5336 986 5387 dium
1017 5334 1120 5386 erit
1158 5332 1213 5384 in
1249 5331 1384 5384 coelo
1412 5345 1576 5398 super
1599 5345 1705 5383 uno
1735 5339 2016 5398 peccatore
2039 5330 2411 5398 paenitentiam

841 5436 1050 5494 agente.
1097 5423 1269 5491 Hujus
1307 5424 1478 5492 gratia
1518 5422 1808 5476 inetl'abilis
1844 5424 2246 5492 coiijuttctionis
2291 5425 2413 5493 ejus

840 5520 931 5586 qui
979 5519 1135 5570 nobis
1193 5516 1565 5585 pranitentiam
1598 5515 1743 5570 dedit
1800 5513 1920 5569 Filii
1981 5515 2234 5584 Dei,j:tm
2288 5532 2410 5570 eunt

843 5608 1074 5660 humana
1107 5614 1296 5657 natura
1330 5604 1603 5673 perfectae,
1642 5619 1851 5658 necnon
1891 5605 2121 5673 ingentis
2159 5605 2340 5673 gaudii
2378 5621 2404 5658 a

863 5700 970 5753 Dro
1004 5699 1160 5750 l’atre
1194 5697 1335 5749 illius
1375 5711 1534 5750 causa
1567 5697 1822 5750 celebrati
1878 5699 2102 5769 mystice
2136 5699 2189 5753 in
2220 5699 2400 5766 cwlis,

920 5881 962 5912 ³³
1002 5876 1036 5929 ll
1073 5879 1197 5934 Cor.
1227 5895 1298 5943 XI,
1331 5879 1382 5931 9..
1463 5879 1503 5909 ³³
1536 5875 1665 5931 Luc.
1705 5892 1794 5941 xv,
1833 5876 1882 5928 7.

2510 4784 2602 4836 τὸν
2657 4783 2880 4851 βασιλέα
2927 4775 3035 4833 τῶν
3092 4780 3338 4849 οὐρανῶν
3393 4780 3484 4830 τὸν
3535 4779 3796 4830 ἀνωτάτω
3858 4779 4078 4843 Πατέρα

2514 4876 2737 4941 ποιῆσαι
2770 4872 2847 4942 τῷ
2879 4873 2994 4940 λ’ἱῴ
3026 4871 3228 4934 αὐτοῦς
3264 4871 3596 4940 Ἐπειδήπερ
3621 4872 3648 4921 ὁ
3679 4871 3784 4922 τῶν
3822 4869 4077 4938 καθαρῶν

2511 4966 2695 5036 ψυχῶν
2721 4963 2962 5032 νυμφίος.
2988 4964 3219 5032 Χριστὸς
3249 4963 3454 5030 ἑκάστῃ
3511 4963 3654 5030 ψυχῇ
3689 4964 3909 5028 τοιαύτῃ
3978 4982 4077 5027 po-

2516 5058 2718 5118 στικῶς
2748 5056 3177 5122 συναπτόμενος,
3214 5054 3481 5121 γαμήλιον
3514 5052 3589 5120 τῷ
3641 5054 3810 5118 Πατρὶ
3861 5052 4078 5101 δίόωπκν

2522 5149 2678 5216 ἄγειν
2728 5148 2820 5198 ἐπὶ
2850 5148 3024 5214 τούτῳ
3053 5147 3227 5213 χαράν
3250 5161 3261 5172 ·
3297 5145 3455 5204 αὐτὸς
3493 5143 3598 5212 γάρ
3629 5143 3777 5192 ἐστιν
3806 5144 3831 5192 ὁ
3880 5142 4074 5203 λέγων,

2516 5237 2630 5289 ὅτι·
2674 5254 2690 5286 t
2731 5235 2888 5302 Χαρά
2916 5234 3124 5300 γίνεται
3151 5235 3206 5284 ἐν
3229 5233 3440 5300 οὐρανῷ
3498 5233 3591 5282 ἐπὶ
3624 5232 3700 5282 ἐνὶ
3775 5231 4080 5298 ἁμαρτωλῷ

2521 5326 2870 5397 μετανοοῦντι
2906 5343 2918 5356 ·
2957 5344 2974 5376 ι
3006 5325 3099 5378 τοῦ
3139 5326 3245 5394 γὰρ
3276 5325 3342 5377 δι’
3393 5324 3724 5392 ἐπιστροφῆς
3778 5319 3932 5385 αὖθις
3958 5340 4079 5374 συν-

2519 5420 2777 5478 ιστῶντος
2820 5419 2912 5470 καὶ
2951 5417 3315 5478 συνάπτοντος
3368 5413 3588 5482 Χριστῷ
3616 5416 3742 5474 τοὺς
3797 5416 3855 5466 ἐν
3909 5430 4080 5482 μετα-

2519 5513 2636 5579 νοίᾳ
2663 5510 3220 5576 ζῶνταςτῐῐνεύματος
3253 5507 3408 5575 ἁγίου
3441 5506 3650 5574 καρπός
3694 5506 3840 5556 ἐστιν
3871 5505 3902 5572 ἡ
3939 5504 4083 5572 χαρὰ

2516 5604 2657 5656 κατά
2674 5603 2762 5655 τὸν
2787 5597 3132 5665 Ἀπόστολον,
3165 5599 3691 5668 συμπεριϐάλλουσα
3722 5598 3847 5658 τοὺς
3892 5599 3951 5648 ἐν
3995 5597 4085 5645 οὖ-

2519 5697 2663 5768 ρανῷ
2684 5697 2778 5750 καὶ
2807 5696 2898 5748 ἐπὶ
2930 5695 3030 5763 γῆς
3054 5695 3318 5769 ἐνθέους)
3348 5693 3433 5745 διὰ
3486 5690 3643 5745 τοῦτο
3690 5690 3831 5761 χαρὰ
3877 5688 4086 5756 γίνεται
