4434 6460
427 363 521 430 521

1794 364 2123 426 llOMlLIA
2180 368 2333 431 XLI.

3590 377 3692 444 522

424 479 483 530 έν
510 477 585 547 τῷ
617 475 832 546 οὖρανῷ
865 475 955 527 ἐπὶ
990 475 1068 528 ἐνὶ
1105 474 1416 545 ἁμαρτωλῷ
1466 474 1839 544 μετανοοῦντι.
1896 478 2007 547 Τῆς
2038 482 2084 538 Α
2114 480 2175 532 mi

1937 479 2007 547 ’ἧς
2038 482 2084 538 Α
2114 479 2264 535 missi
2296 488 2424 536 sunt
2453 482 2615 546 servi,
2640 480 2878 539 Joannes
2901 482 3107 540 Domini
3134 485 3688 555 Prmcursor,Z.-tcha-

423 567 517 623 οὖν
548 570 791 640 ἀρρήτου
822 568 1118 636 συναφείας
1158 566 1252 619 τοῦ
1288 567 1659 637 χαρισαμένου
1690 569 1790 637 τὴν
1825 570 1990 637 μετᾶ-

425 676 573 713 νοιαν
606 660 738 728 ἡμῖν
768 657 899 711 Υἱοῦ
952 658 1045 710 τοῦ
1088 656 1253 722 Θεοῦ,
1304 657 1436 726 πρὸς
1488 658 1587 728 τὴν
1643 658 1993 729 ἀνθρωπίνην

423 753 586 818 φύσιν
618 751 949 821 τελουμένης
976 752 1099 821 ἤδη,
1128 752 1220 802 καὶ
1257 749 1353 818 τῆς
1390 752 1482 802 ἐπὶ
1519 749 1694 821 ταύτῃ
1730 754 1878 820 παρὰ
1896 752 1991 805 τοῦ

421 845 557 897 Θώῦ
585 851 678 897 καὶ
710 845 927 915 Πατρὶς
965 846 1444 913 συγκροτουμένης
1505 843 1665 912 233
1726 848 1991 915 μυστικῆἶ

422 940 595 1009 χαρᾶς
637 941 693 992 ὲν
725 939 997 1008 οὐρανοῖς,
1016 936 1399 1006 ἀπεστάλησαν
1432 937 1481 988 οἱ
1511 935 1709 997 δοῦλοι,
1736 939 1990 1008 Ἰωάννης

418 1035 445 1085 ὁ
480 1031 571 1084 τοῦ
605 1031 810 1100 Κυρίου
854 1031 1184 1100 πρόδρομος,
1235 1030 1510 1099 Ζαχαρίας
1563 1028 1622 1081 ὃν
1664 1030 1991 1082 ἀπέκτειναν

419 1130 466 1179 οἱ
499 1127 741 1180 Ἰουδαῖοι
770 1125 975 1194 μεταξῦ
1009 1124 1102 1178 τοῦ
1136 1124 1267 1177 ναοῦ
1304 1123 1515 1176 καὶτοῦ
1572 1123 1987 1195 θυσιαστηρίου,

421 1219 646 1287 Συμεὼν
680 1221 706 1271 ὁ
737 1219 1006 1289 Θεοδὸχος.
1049 1220 1144 1269 καὶ
1171 1216 1357 1279 ἁπλῶς
1417 1216 1613 1279 πάντες
1648 1217 1697 1268 oi.
1740 1218 1844 1287 πρὸ
1891 1218 1987 1271 τοῦ

423 1312 693 1382 σωτηρίου
731 1313 939 1375 πάθους
961 1312 1055 1364 καὶ
1081 1314 1179 1381 τῆς
1210 1310 1569 1373 ἀναστάσεως
1594 1311 1988 1377 καταγγείλαν-

418 1422 511 1467 τες
553 1405 950 1473 τετελεσμένην
1013 1404 1113 1474 ἤδη
1167 1402 1266 1472 τὴν
1297 1403 1390 1455 τοῦ
1412 1402 1621 1470 Κυρίου
1655 1400 1742 1455 διὰ
1790 1403 1987 1473 σαρκὸς

420 1498 629 1550 ἕλευσιν
662 1499 753 1551 ἐπὶ
780 1497 880 1564 τὴν
911 1497 1033 1566 γῆν.
1068 1496 1485 1564 ’Λπεστάλησαν
1510 1491 1604 1546 οὖν
1635 1489 1779 1548 οὗτοι
1825 1496 1987 1547 καλέ-

422 1610 511 1645 σαι
570 1592 693 1655 τοὺς
750 1591 1142 1659 κεκλημένους,
1184 1588 1431 1657 δηλονότι
1482 1588 1607 1649 τοὺς
1656 1587 1980 1651 Ἰουδαίους·

417 1679 560 1737 οὗτοι
591 1685 698 1752 γάρ
725 1684 863 1735 εἰσιν
894 1685 941 1735 οί
976 1681 1328 1750 κεκλημένοι,
1372 1680 1447 1742 ὡς
1481 1682 1573 1731 καὶ
1603 1680 1865 1749 πρότερον
1899 1681 1986 1732 διὰ

415 1774 522 1827 τῶν
553 1775 852 1843 προφητῶν
898 1774 1215 1842 κληθέντες,
1271 1771 1387 1824 ἀλλ’
1428 1771 1527 1823 οὐκ
1578 1771 1847 1840 ἠθέλησαν
1903 1770 1985 1822 ἐλ-

2098 571 2208 625 rias
2236 586 2398 641 quem
2421 575 2736 630 occiderunt
2756 575 2928 632 Judaei
2963 578 3105 632 inter
3138 581 3392 651 templum
3420 593 3472 639 et
3495 587 3685 654 altare,

2097 659 2315 717 Simeon
2337 666 2428 732 qui
2456 664 2620 719 Deum
2656 667 2708 719 in
2733 668 2885 722 ulnas
2920 671 3221 739 aceepit,et
3241 687 3428 730 omnes
3460 693 3685 746 prorsus

2097 752 2187 807 alii
2222 756 2336 825 qui,
2374 766 2497 811 ante
2526 758 2860 814 salutiferam
2887 763 3197 830 passionem
3236 776 3291 818 et
3321 772 3681 827 resurrectio-

2096 850 2711 908 nem,anttuntiavcrttttt
2739 851 2845 920 jam
2878 855 3078 910 factum
3100 857 3312 913 Domini
3345 876 3439 931 per
3455 878 3678 919 carnem

2094 937 2383 994 adventum
2421 941 2474 995 in
2504 952 2724 999 terram.
2762 946 2821 1000 lli
2847 962 2976 1018 ergo
3004 952 3155 1005 missi
3189 963 3316 1009 sunt
3340 963 3399 1009 ut
3423 971 3681 1015 vorarent

2094 1030 2371 1097 invitatos,
2396 1033 2602 1088 scilicet
2623 1034 2873 1104 Juda‘os;
2902 1041 2988 1093 ἱειί
3019 1042 3165 1096 enim
3189 1056 3313 1099 sunt
3339 1048 3567 1114 invitati,
3591 1060 3679 1105 ut-

2094 1134 2217 1194 pote
2246 1127 2393 1195 prius
2414 1143 2508 1196 per
2538 1132 2829 1200 prophetas
2863 1136 3169 1200 vocati,sed
3199 1141 3490 1197 noluerunt
3522 1147 3680 1201 veni-

2091 1234 2170 1283 re,
2188 1220 2237 1274 id
2260 1230 2343 1276 est
2360 1223 2578 1278 credere
2600 1235 2651 1278 et
2675 1226 2963 1295 participes
2987 1228 3100 1284 ﬁeri
3128 1231 3417 1289 ineﬁabilis
3444 1238 3646 1292 societa
3664 1272 3678 1281 -

2091 1311 2160 1367 lis
2187 1322 2240 1365 et
2263 1313 2468 1383 gratiae,
2491 1316 2589 1370 etsi
2624 1318 2899 1373 multoties
2930 1330 2983 1372 et
3017 1321 3191 1389 primo
3218 1332 3271 1376 et
3295 1341 3438 1379 nunc
3472 1330 3671 1384 vocati.

2097 1403 2293 1459 lterum
2342 1420 2471 1476 ergo
2526 1408 2744 1473 dixit,'o
2800 1411 3183 1467 inenarrabilis
3243 1415 3667 1487 longanimitas!

2093 1495 2243 1550 misit
2266 1498 2400 1553 alios
2434 1514 2619 1554 servos
2651 1503 2839 1555 dicens
2868 1520 2880 1556 :
2915 1521 2933 1553 r
2977 1502 3112 1559 Ecce
3146 1508 3438 1575 prandium
3479 1528 3663 1568 meum

2091 1589 2296 1657 parati,
2333 1593 2471 1645 tauri
2527 1593 2631 1647 mei
2685 1604 2740 1648 et
2789 1596 2960 1650 altilia
2994 1601 3175 1654 occisa
3211 1613 3360 1667 sunt,
3396 1614 3451 1659 et
3482 1608 3667 1663 omnia

2090 1688 2312 1745 parata;
2349 1686 2523 1737 venite
2553 1688 2617 1736 ad
2675 1687 2914 1754 nuptias.
2951 1708 2969 1740 ι
3022 1688 3129 1745 llis‘
3165 1693 3386 1758 auditis,
3420 1696 3508 1749 alii
3543 1700 3670 1766 qui-

2090 1770 2212 1824 dem
2244 1774 2618 1844 neglexerunt,
2649 1788 2701 1831 et
2741 1780 2992 1834 abierunt
3031 1782 3085 1835 in
3119 1799 3278 1854 agros
3313 1796 3368 1840 et
3404 1789 3468 1841 ad
3498 1804 3667 1859 nego-

418 1867 549 1933 θεῖν,
590 1870 835 1921 τουτέστι
867 1865 1162 1920 πιστεῦσαι
1186 1868 1279 1917 καὶ
1311 1867 1720 1933 συμμετασχεῖν
1748 1865 1845 1932 τῆς
1875 1865 1981 1933 ἀρ·
2017 1846 2056 1901 Β
2090 1863 2169 1917 tia

1914 1865 1981 1933 ρ.
2017 1846 2056 1901 Β
2090 1863 2403 1929 tiationcm;
2451 1869 2503 1921 in
2554 1885 2663 1938 quo
2696 1872 2762 1925 ab
2790 1874 2907 1927 istis
2944 1874 3200 1930 diﬁerunt
3225 1879 3316 1948 qui
3350 1880 3551 1950 fruges,
3584 1885 3664 1937 vi-

417 1961 582 2029 ρήτου
608 1960 891 2021 κοινωνίας
918 1959 1011 2012 καὶ
1043 1960 1286 2028 χάριτος,
1336 1958 1512 2009 καίτοι
1578 1957 1837 2032 πολλάκις
1888 1956 1983 2007 καὶ

416 2052 680 2120 ’πρότερον
718 2052 809 2104 καὶ
841 2052 936 2103 νῦν
966 2051 1281 2120 κληθέντες.
1337 2049 1505 2103 Πάλιν
1548 2045 1641 2104 οὖν
1704 2065 1891 2118 φησιν,
1938 2047 1982 2099 ὢ

412 2147 509 2212 τῆς
544 2147 755 2213 άφατου
791 2144 1175 2214 μακροθυμίας
1206 2144 1217 2196 l
1254 2142 1574 2196 ἀπέστειλεν
1622 2142 1814 2209 ἄλλους
1862 2141 1953 2195 δού

410 2239 533 2299 λους
555 2278 568 2301 ,
623 2238 796 2305 λέγων
826 2254 840 2268 ⁶

417 2346 563 2394 σται,
605 2332 654 2381 οί
690 2330 880 2401 ταῦροί
933 2346 1031 2399 μου
1065 2330 1156 2381 καὶ
1185 2330 1252 2380 τὰ
1309 2328 1522 2381 σιτιστὰ
1575 2329 1843 2397 τεθυμένα
1880 2327 1974 2378 καὶ

410 2421 587 2472 πάντα
645 2421 861 2488 ἕτοιμα,
933 2419 1086 2471 δεῦτε
1150 2420 1228 2481 είς
1281 2420 1406 2482 τοὺς
1461 2419 1692 2489 γάμους.
1732 2437 1749 2468 ι
1812 2419 1875 2470 Οἱ
1917 2418 1975 2471 δὲ

407 2490 776 2577 ἀκούσαντες,
838 2515 886 2567 οί
949 2515 1048 2584 μὲν
1109 2516 1521 2585 ἀμελήσαντες,
1599 2514 1839 2582 ἀπῆλθον
1897 2515 1975 2576 εἰς

406 2608 610 2678 ἀγροὺς
673 2611 768 2661 καὶ
822 2609 1096 2679 ἐμπορίας
1132 2627 1145 2640 ο
1196 2610 1363 2662 πόσον
1430 2607 1633 2661 τούτων
1682 2606 1977 2675 ἀπέχουσιν

914 2258 931 2289 ι
981 2237 1117 2291 Ἰδοὺ
1185 2239 1245 2290 τὸ
1309 2237 1531 2306 ἄριστόν
1607 2253 1706 2306 μου
1765 2236 1985 2305 ἡτοίμαο

2091 1972 2217 2012 neas
2265 1968 2320 2014 et
2368 1960 2502 2015 alias
2559 1965 2902 2032 negetiorum
2970 1968 3361 2037 inaequalitates
3416 1974 3659 2039 ‘causati,

2090 2066 2274 2106 sacros
2305 2065 2602 2109 conventus
2630 2058 3035 2128 derelinquunt,
3063 2078 3161 2118 nec
3183 2064 3487 2121 doctrinam
3515 2070 3662 2138 psal-

2093 2146 2434 2215 modiamque
2467 2159 2711 2204 sanctam
2739 2154 2928 2208 audtre
2973 2156 3336 2211 desiderant?
3372 2162 3478 2215 Alii
3529 2178 3662 2219 vero

2087 2246 2377 2293 tenuerunt
2420 2256 2629 2305 servos.
2680 2255 2731 2298 ct
2778 2250 3129 2304 contumeliis
3175 2251 3409 2310 allectos
3446 2258 3663 2311 occide«

2084 2340 2226 2384 runt.
2246 2332 2291 2385 Α
2313 2333 2513 2401 quibus
2534 2337 2807 2391 nonvaldc
2832 2339 3040 2394 distant
3063 2342 3153 2411 qui
3183 2344 3495 2402 etiamnunc
3527 2361 3662 2404 one-

2082 2422 2342 2475 dientiam
2371 2436 2627 2493 negantes
2646 2428 2912 2495 przefectis
2938 2432 3208 2501 Ecclesize,
3227 2437 3348 2492 illos
3371 2449 3427 2493 ut
3451 2440 3657 2496 inimici

2084 2514 2267 2568 verbis
2300 2517 2581 2583 impetunt.
2618 2518 2722 2574 Nos
2754 2530 2930 2576 autem
2985 2526 3099 2581 istis
3128 2530 3291 2583 etiam
3323 2547 3389 2586 ex
3424 2534 3524 2589 hac
3556 2551 3656 2605 pa-

2090 2605 2272 2659 rabola
2326 2608 2616 2663 salutarem
2667 2613 2835 2680 gratis
2886 2618 3256 2683 exprimamus
3306 2626 3654 2683 suavitatem.

403 2708 452 2759 οἱ
492 2706 665 2776 τρύγη
701 2709 795 2759 καὶ
824 2706 1262 2774 ἁμπελῶναςκαὶ
1289 2702 1689 2775 πραγματικὰς
1740 2700 2057 2771 ἀνωμαλίας
2097 2700 2585 2768 προφασιζόμενοι,
2646 2715 2740 2759 καὶ
2797 2708 2905 2762 τῶν
2966 2712 3131 2780 ίερῶν
3194 2716 3466 2780 συνάξεων
3523 2721 3657 2772 ἀπο-

403 2799 734 2868 λειπόμενοιν
766 2799 856 2851 καὶ
882 2801 979 2869 τῆς
1024 2797 1175 2867 ἱερᾶς
1212 2797 1533 2867 ψαλμῳδίας
1602 2798 1693 2848 καὶ
1749 2795 2098 2855 διδασκαλίας
2151 2793 2370 2846 ἀκούειν
2435 2798 2509 2867 μὴ
2568 2799 3045 2872 προθυμούμενοι;
3107 2809 3169 2860 Οί
3224 2811 3304 2871 δὲ,
3354 2816 3508 2883 φησὶ,
3558 2812 3653 2873 καὶ

400 2896 526 2959 τοὺς
556 2896 774 2960 δούλους
810 2897 1183 2965 κρατήσαντες
1216 2895 1446 2966 ὕϐρισαν
1478 2894 1572 2949 καὶ
1613 2894 1963 2947 ἀπέκτειναν.
2009 2891 2080 2945 Ού
2131 2891 2272 2943 πάνυ
2314 2892 2505 2963 πόρρω
2535 2896 2740 2951 τούτων
2762 2901 2898 2952 είσὶν
2923 2905 2970 2954 oi
3006 2905 3097 2956 καὶ
3153 2906 3248 2960 νῦν
3299 2910 3652 2977 ἀπειθοῦντες

399 2990 513 3051 τοῖς
554 2988 890 3056 προστάταις
939 2987 1041 3057 τῆς
1077 2986 1428 3055 Ἐκκλησίας,
1485 2985 1580 3038 καὶ
1625 2985 1745 3037 κατ’
1798 2982 1977 3036 αὐτῶν
2011 2982 2158 3033 ἔστιν
2193 2981 2281 3033 ὅτε
2312 2984 2379 3035 τὰ
2403 2984 2513 3039 τῶν
2575 2987 2855 3057 πολεμίων

2947 2996 3467 3069 παραφθεγγόμενοι
3492 3015 3507 3029 ⁸
3533 3004 3652 3056 ἀλλ’

399 3084 563 3153 ἡμεῖς
596 3082 803 3153 δωρεάν
835 3083 926 3133 καὶ
956 3081 1165 3142 τούτοις
1195 3082 1258 3131 ἐκ
1280 3081 1375 3147 τῆς
1410 3077 1723 3149 παραϐολῆς
1755 3076 1960 3139 ταύτης
1990 3074 2338 3145 ὲκθλίιίωμεν
2369 3078 2428 3128 τδ
2457 3079 2726 3148 σωτήριον
2759 3082 3009 3148 γλεῦκος.

474 3202 491 3235 ι
551 3181 887 3251 Ἰδοίλ,φησὶ,
946 3181 1007 3234 τδ
1063 3181 1283 3252 ἄριστόν
1333 3197 1433 3249 μου
1474 3179 1843 3250 ἡτοίμασται·
1902 3178 2020 3237 olC

394 3273 585 3343 ταῦροί
607 3291 707 3342 μου
737 3274 829 3325 καὶ
879 3272 948 3325 τὰ
993 3272 1206 3325 σιτιστὰ
1267 3268 1565 3337 τεθυμένα,
1626 3269 1721 3320 καὶ
1782 3268 1960 3320 πάντα

396 3367 607 3432 ἕτοιμα.
652 3380 669 3413 ι
712 3364 918 3425 Ὄντως
980 3361 1121 3413 κατὰ
1150 3358 1249 3429 τὴν
1283 3357 1695 3429 ὲνανθρὼπησιν
1712 3355 1805 3410 τοῦ
1844 3358 1956 3409 Κυ-

398 3456 514 3525 ρίου
540 3453 795 3522 ἐτελέσθη
832 3452 939 3505 τῶν
989 3452 1141 3520 παρὰ
1194 3450 1329 3504 Θεοῦ
1377 3450 1672 3519 γεγονότων
1719 3449 1780 3501 τδ
1835 3450 1957 3519 άρι-

396 3562 518 3597 στον
546 3560 558 3573 ·
599 3544 777 3595 πάντα
814 3542 919 3613 γάρ
955 3543 1021 3595 τὰ
1057 3543 1164 3612 πρὸ
1189 3542 1388 3612 ταύτης
1432 3542 1787 3611 οἰκονομικῶς
1818 3542 1956 3611 ὑπὲρ

395 3636 549 3705 ἡμῶν
577 3635 725 3705 παρὰ
755 3634 887 3686 Θεοῦ
916 3636 1180 3703 γενόμενα
1229 3633 1369 3687 καλά
1392 3650 1447 3685 τε
1514 3630 1580 3703 ἦν
1606 3635 1700 3686 καὶ
1754 3632 1954 3700 ἀγαθὰ,

394 3731 528 3798 πρὸς
548 3730 705 3781 τοῦτο
736 3729 793 3780 τι)
837 3727 987 3789 τέλος
1036 3727 1277 3780 τείνοντα
1306 3743 1321 3757 ο
1354 3727 1415 3779 τὸ
1472 3726 1529 3779 δὲ
1587 3727 1800 3781 πάντων
1837 3727 1956 3796 ἄρι-

394 3839 538 3888 στον,
578 3822 778 3892 μᾶλλον
824 3821 881 3874 δὲ
934 3821 997 3873 τὸ
1061 3820 1222 3888 μόνον
1250 3819 1419 3881 ὅντως
1469 3819 1563 3872 καὶ
1622 3820 1953 3889 ἀσύγκριτον

391 3917 634 3983 ἄριστον,
672 3918 703 3983 ἡ
728 3915 1143 3985 ὲνανθρώπησίς
1175 3914 1289 3966 ἐστι
1309 3914 1399 3966 τοῦ
1428 3916 1631 3985 Κυρίου
1654 3916 1811 3986 ήμῶν
1845 3917 1953 3985 Ἰη-

393 4009 487 4060 σοῡ
522 4006 782 4075 Χριστοῦ,
808 4008 902 4059 καὶ
933 4006 1133 4075 ταύτης
1165 4006 1396 4075 μάλιστα
1432 4007 1491 4058 τὸ
1518 4006 1689 4071 τέλος,
1718 4009 1787 4062 τὰ
1850 4027 1957 4062 σω-

394 4099 558 4168 τήρια
592 4100 737 4165 πάθη
772 4098 918 4167 καὶὴ
952 4098 1245 4160 ἀνάστασις
1274 4115 1286 4128 ·
1327 4100 1578 4167 φαίνεται
1602 4100 1710 4170 γὰρ
1739 4102 1772 4170 ἠ
1826 4102 1953 4171 κλῆ-

392 4204 475 4251 σις
502 4187 639 4257 αὕτη
680 4188 816 4256 μετὰ
850 4188 947 4258 τὴν
980 4191 1042 4241 ὲκ
1074 4188 1282 4257 νεκρῶν
1312 4189 1608 4242 ἀνάστασιν
1631 4193 1722 4244 τοῦ
1746 4193 1948 4262 Κυρίου

388 4281 732 4348 γεγενημένη
765 4296 780 4310 ο
815 4280 935 4331 τότε
968 4278 1076 4348 γὰρ
1099 4279 1193 4331 καὶ
1248 4280 1424 4333 πάντα
1485 4282 1705 4349 γέγονεν
1757 4283 1948 4353 ἕτοιμα

386 4372 452 4421 τα
482 4372 614 4437 προς
644 4370 741 4438 τὴν
776 4370 1052 4438 σωτηρίαν
1100 4369 1198 4440 τὴν
1267 4372 1619 4443 ήμετέραν,ή
1675 4375 1769 4426 τοῦ
1817 4375 1945 4428 Υἱοῦ

383 4464 479 4516 τοῦ
506 4462 640 4515 Θεοῦ
695 4462 782 4514 διὰ
840 4461 1043 4531 σαρκὸς
1111 4462 1329 4532 ἐντελὴς
1392 4466 1692 4535 οἰκονομία,
1746 4468 1778 4535 ἡ
1823 4469 1946 4521 κατ’

2130 3193 2149 3226 ι
2189 3175 2342 3239 Εςορ,
2378 3176 2575 3246 inquit,
2612 3180 2896 3246 prandium
2918 3199 3095 3237 meum
3124 3188 3327 3256 paravi,
3359 3191 3498 3244 tauri
3535 3196 3643 3250 mei

2066 3273 2119 3319 et
2151 3266 2383 3319 volatilia
2437 3270 2613 3322 occisa
2671 3282 2817 3336 sunt,
2887 3284 2941 3327 et
2972 3278 3154 3330 omnia
3223 3293 3429 3348 parata.
3459 3303 3477 3336 ι
3508 3284 3644 3342 Vere

2065 3372 2161 3425 per
2199 3357 2627 3415 incarnationem
2652 3362 2859 3419 Domini
2891 3372 3196 3437 appositum
3231 3385 3313 3428 est
3367 3378 3637 3447 optimum

2062 3463 2124 3503 ex
2152 3450 2407 3518 operibus
2447 3450 2565 3517 Dei;
2612 3471 2733 3509 nam
2759 3459 2939 3512 omnia
2977 3471 3101 3517 ante
3159 3480 3276 3519 eam
3311 3470 3635 3537 sapientera

2068 3540 2177 3595 Deo
2213 3552 2431 3611 propter
2457 3560 2557 3599 nos
2598 3545 2736 3601 facta
2772 3552 2993 3618 pulchra
3042 3569 3195 3612 erant
3227 3568 3277 3612 et
3303 3560 3464 3629 bona,
3495 3575 3546 3618 et
3569 3569 3637 3621 ad

2064 3633 2205 3687 hunc
2239 3635 2395 3690 ﬁnem
2440 3642 2883 3706 spectantia;sed
2936 3648 3198 3715 optimum
3259 3667 3323 3707 ex
3356 3660 3633 3724 omnibus,

2060 3726 2168 3780 imo
2199 3728 2372 3782 solum
2404 3744 2526 3784 vere
2576 3742 2629 3786 et
2656 3735 2775 3789 sine
2802 3736 2901 3789 ulla
2936 3747 3341 3810 comparatione
3370 3752 3630 3818 optimum

2057 3827 2134 3872 est
2155 3819 2454 3875 incarnatio
2475 3822 2683 3878 Domini
2710 3831 2874 3883 nostri
2906 3829 3027 3886 Jrsu
3047 3833 3267 3904 Christi,
3291 3850 3341 3893 ct
3364 3847 3632 3913 pra-cipue

2057 3910 2219 3979 hujus
2254 3912 2372 3966 ﬁnis
2405 3916 2687 3971 :salutaris
2757 3924 2940 3990 passio
2960 3937 3013 3980 et
3062 3938 3409 3989 resurrectio.
3477 3939 3630 3995 Tunc

2055 4002 2198 4055 enim
2270 4006 2450 4059 omnia
2498 4020 2682 4076 parata
2751 4027 2877 4067 sunt
2911 4018 2976 4071 ad
3036 4021 3264 4077 salutem
3322 4041 3614 4087 nostram:

2055 4089 2175 4147 Filii
2208 4094 2297 4149 Dei
2334 4110 2429 4164 per
2452 4114 2666 4155 carnem
2723 4106 2959 4173 perfecta
3021 4113 3374 4183 dispensatio,
3436 4122 3623 4179 divina

2056 4202 2148 4255 per
2174 4202 2291 4243 eam
2342 4191 2609 4255 doctrina,
2646 4197 2894 4253 humana:
2958 4204 3227 4276 simulque
3285 4214 3478 4270 divinae
3514 4220 3625 4271 vir-

2056 4280 2185 4333 tutis
2218 4295 2403 4350 Opera,
2431 4284 2597 4339 divini
2627 4291 2898 4361 simulque
2942 4297 3161 4353 humani
3195 4308 3441 4373 c0rp0tis
3470 4325 3624 4366 com-

2051 4373 2367 4440 municatio,
2433 4394 2684 4449 magnum
2750 4395 2803 4440 et
2834 4390 3075 4444 divinum
3145 4406 3197 4449 et
3255 4402 3493 4456 salutare
3528 4420 3617 4460 sa-

2048 4464 2337 4527 criﬁcium.
2390 4480 2509 4538 post
2577 4481 2683 4529 tres
2732 4478 2902 4533 tlicsa
2960 4487 3189 4541 mortuis
3264 4500 3613 4562 resurrectio,

383 4556 553 4623 αὐτὴν
606 4554 886 4618 θεόλεκτος
941 4555 1281 4623 διδασκαλία,
1342 4559 1411 4610 τὰ
1470 4563 1569 4629 τῆς
1614 4560 1936 4633 οεανδρικῆς
1970 4533 2134 4649 υμήι

2390 4533 2403 4538 ,
2961 4533 3188 4541 ,-----_.-
3265 4533 3612 4562 ,μηηυιιηη

1861 4563 1936 4630 τῆς
1970 4533 2293 4621 Dprimitiae
2338 4565 2591 4628 perennis
2648 4568 2769 4623 vita:
2817 4571 3117 4645 divinaeque
3172 4580 3223 4634 in
3262 4597 3319 4637 ea
3397 4589 3612 4649 multa.

379 4645 662 4714 ἐνεργείας
690 4645 1133 4713 ἀποτελέσματα,
1159 4646 1191 4715 ὴ
1228 4647 1509 4714 μετάδοσις
1537 4650 1629 4703 τοῦ
1671 4649 1938 4722 θεανθρὼ-

378 4751 480 4790 που
506 4737 783 4806 σώματος,
813 4737 873 4789 τὸ
900 4738 1042 4806 μέγα
1074 4739 1166 4789 καὶ
1184 4738 1327 4790 θεῖον
1361 4740 1455 4793 καὶ
1479 4743 1744 4813 σωτήριον
1768 4743 1936 4815 θῦμα,

375 4832 408 4900 ἡ
444 4831 506 4883 ὲκ
536 4830 747 4899 νεκρῶν
784 4830 1082 4901 τριήμερος
1128 4831 1363 4901 ἔγερσις,
1430 4836 1461 4905 ἡ
1530 4839 1778 4908 καταρχὴ
1841 4839 1937 4909 τῆς

376 4922 600 4975 αἰωνίου
640 4923 786 4992 ζωῆς
820 4927 914 4976 καὶ
942 4922 1041 4992 τῆς
1070 4922 1253 4976 ἐνθέου
1291 4925 1422 4977 κατ’
1452 4926 1620 4996 αὐτὴν
1666 4929 1933 4998 εὐφεροσύ-

373 5032 490 5084 νης.
526 5015 589 5066 Οἱ
625 5014 815 5083 ταῦροί
848 5031 970 5084 μου,
996 5017 1150 5084 φησὶ,
1186 5017 1277 5069 καὶ
1303 5016 1372 5069 τὰ
1396 5021 1609 5070 σιτιστᾶ
1630 5020 1896 5089 τεθυμένα
1916 5037 1930 5053 ο

369 5105 488 5156 τότε
528 5104 636 5173 γάρ
666 5106 761 5158 καὶ
796 5104 863 5156 τὰ
896 5104 1105 5157 παλαιά
1133 5106 1245 5168 τοῖς
1275 5106 1415 5176 νέοις
1452 5107 1656 5177 ἥνωται
1686 5125 1699 5139 ·
1736 5112 1804 5162 τά
1832 5111 1932 5180 μὲν

368 5198 454 5251 διὰ
481 5197 580 5264 τῆς
604 5196 711 5249 τῶν
737 5197 987 5249 σιτιστῶν
1019 5196 1205 5261 θυσίας
1233 5199 1534 5268 δηλούμενα
1558 5218 1570 5231 ·
1602 5201 1765 5272 ἄρτος
1823 5207 1929 5275 γάρ

367 5293 514 5344 ἐστιν
539 5291 568 5343 ὁ
600 5289 694 5343 νῦν
727 5289 869 5359 ὑπὲρ
909 5289 1068 5360 ἡμῶν
1099 5291 1156 5341 ἐν
1179 5293 1244 5361 τῇ
1296 5291 1594 5364 Ἐκκλησία
1626 5293 1886 5365 θυόμενος
1912 5316 1923 5328 .

364 5381 432 5433 τὰ
460 5379 516 5433 δὲ
553 5379 758 5432 παλαιὰ
786 5379 873 5433 διὰ
890 5380 999 5433 τῶν
1029 5379 1245 5451 ταύρων
1276 5385 1674 5453 σημαινόμενα,
1725 5388 1818 5439 καὶ
1840 5388 1927 5441 διὰ

362 5472 462 5539 τῆς
498 5470 691 5539 καινῆς
727 5469 918 5533 Θυσίας
946 5473 1391 5541 μετενηνεγμένα
1455 5474 1593 5544 πρὸς
1616 5479 1676 5528 τὸ
1723 5476 1925 5532 θειότε-

364 5580 480 5633 ρον.
517 5562 932 5630 Ἀπεστάλησαν
966 5561 1058 5617 οὖν
1088 5564 1236 5617 ἄλλοι
1259 5563 1464 5631 δοῦλοι,
1492 5568 1541 5621 οῑ
1572 5568 1666 5622 τοῦ
1715 5571 1921 5641 Κυρίου

360 5656 668 5716 ἀπόστολοι,
702 5654 936 5725 κηρῦξαι
968 5654 1140 5708 ταῦτα
1190 5658 1419 5721 καὶτοῖς
1489 5661 1781 5728 Ἰουδαίοις,
1840 5669 1920 5720 ἔτι

362 5745 845 5816 μακροθνμοῦντος
914 5748 1002 5798 ἐπ’
1067 5749 1248 5812 αὐτοῖς
1287 5752 1378 5805 τοῦ
1436 5754 1746 5810 Δεσπότου·
1804 5762 1919 5817 ἀλλ’

359 5838 691 5901 σκούσαντες
722 5840 944 5905 ἐκεῖνοι,
979 5841 1027 5893 οί
1071 5842 1169 5910 μὲν
1203 5844 1321 5897 οὐδὲ
1376 5849 1699 5918 προσέσχον,
1725 5838 1917 5923 ἀγροῖς

355 5931 446 5980 72".
483 5932 794 6003 ἐμπορίαις,
834 5935 903 6003 γῇ
936 5937 1027 5986 καὶ
1050 5940 1162 5998 τοῖς
1183 5939 1391 6005 γὴῖνοις
1417 5941 1719 6011 ὁλοσχερῶς
1745 5963 1916 6019 προσ-

682 6030 948 6089 Ιτλτιιυι..
1000 6037 1113 6091 HR.
1151 6040 1166 6087 t
1204 6034 1270 6092 Li

2046 4640 2210 4699 Tauri
2246 4649 2375 4715 mei,
2403 4653 2500 4717 ait,
2531 4662 2583 4707 ct
2615 4658 2850 4714 volatilia
2901 4664 3079 4719 occisa
3109 4680 3237 4723 sunt
3274 4689 3287 4737 ;
3320 4684 3447 4731 tunc
3463 4686 3611 4736 enim

2045 4747 2226 4793 vetera
2265 4743 2418 4797 novis
2473 4746 2707 4803 adunata
2753 4766 2879 4806 sunt
2906 4773 2918 4817 ;
2948 4755 3059 4812 haec
3086 4761 3303 4829 quidem
3335 4783 3430 4836 per
3460 4774 3611 4827 oeci-

2041 4827 2249 4884 sionem
2279 4834 2575 4890 volatiliutn
2636 4842 3002 4913 manifestata,
3038 4827 3161 4906 nam
3213 4827 3368 4926 panis
3404 4876 3484 4917 est
3513 4871 3607 4935 qui

2039 4935 2181 4976 nunc
2211 4936 2430 4994 propter
2460 4944 2557 4983 nos
2587 4931 2637 4984 in
2674 4932 2908 4991 Ecclesia
2959 4945 3296 5003 sacrilicatur
3323 4969 3338 5017 ;
3365 4954 3450 5009 illa
3482 4931 3608 5012 vero

2037 5023 2213 5069 vetera
2243 5032 2334 5085 per
2358 5027 2542 5076 lauros
2576 5024 2865 5095 declarata,
2893 5042 2947 5086 ct
2973 5052 3066 5100 per
3101 5055 3292 5094 novam
3330 5046 3601 5107 victimam

2035 5106 2088 5159 in
2142 5111 2466 5166 sacriﬁcium
2522 5114 2631 5170 Deo
2673 5120 2887 5190 dignius
2947 5129 3225 5186 translata.
3274 5135 3418 5193 Missi
3477 5157 3605 5201 sunt

2032 5214 2159 5269 ergo
2187 5203 2276 5256 alii
2324 5209 2722 5274 servi,Dotnini
2782 5222 3177 5291 apostoli,qua:
3238 5230 3341 5286 ista
3403 5234 3602 5295 Juda'is

2031 5293 2404 5361 przedicarcnt,
2462 5298 2688 5357 Domino
2743 5307 2921 5365 adhuc
2975 5315 3040 5368 de
3068 5318 3145 5371 eis
3181 5320 3409 5380 habente
3462 5293 3602 5397 pati;

2029 5383 2248 5441 entiam.
2276 5389 2344 5443 At
2375 5392 2483 5457 isti,
2517 5394 2599 5448 his
2617 5398 2836 5466 auditis,
2874 5405 2962 5458 alii
3021 5411 3237 5476 quidem
3271 5431 3377 5471 non
3423 5383 3602 5478 εἶιέῆ-

2028 5478 2243 5545 derunt,
2268 5483 2411 5549 agris
2435 5494 2489 5539 et
2542 5492 3015 5565 negetiationibus,
3075 5512 3229 5559 terrae
3270 5520 3322 5563 et
3370 5522 3599 5574 terrenis

2025 5570 2120 5625 toti
2150 5571 2676 5646 ineumhentes;alii
2721 5597 2900 5642 autem
2952 5608 3229 5661 praecones
3283 5613 3595 5680 tenuerunt,

2024 5672 2075 5717 ct
2103 5665 2238 5721 alios
2283 5669 2499 5738 quidem
2556 5681 2899 5737 contumeliis
2926 5685 3244 5759 affecerunt,
3310 5699 3445 5756 alios
3470 5665 3596 5759 vero

2022 5759 2418 5831 lapidaverunt,
2442 5780 2630 5824 omnes
2657 5782 2856 5841 autem,
2890 5792 3155 5846 quantum
3209 5793 3384 5858 potuit
3406 5812 3595 5857 eorum

2023 5853 2353 5923 malignitas,
2381 5871 2435 5915 et
2469 5864 2732 5919 conviciis
2763 5866 3159 5931 lacessiverunt
3179 5890 3231 5934 et
3261 5887 3597 5951 occiderunt.

2021 5967 2039 6000 ι
2081 5951 2255 6005 Iratus
2288 5953 2469 6022 igitur.
2503 5956 2599 6020 ait,
2660 5976 2787 6027 rex,
2826 5964 3008 6023 missis
3059 5975 3389 6036 exercitibus
3459 5991 3591 6041 suis.

3175 6069 3240 6125 i7
