4434 6460
777 416 876 478 527

2013 406 2056 465 G
2073 402 2397 463 REGORII
2439 401 2764 464 ΡΑιΑΜΑι

2271 402 2397 463 νΙὶιῐ
2439 401 2764 464 ΡΑιΑΜΑῑ
3921 395 4022 458 528

779 533 911 583 dixit
936 528 1058 598 quia
1095 525 1200 580 lide
1223 530 1546 592 acceperunt
1576 520 1832 574 mulieres
1855 517 1920 573 de
1943 517 2346 572 resurrectione
2376 528 2420 583 Λ
2453 517 2530 570 κα¹

2282 531 2346 570 ne
2376 528 2420 583 Λ
2453 517 2548 570 καὶ
2577 513 2736 568 τοῦτο
2769 515 2955 584 φησὶν,
2989 512 3073 566 δτι
3121 511 3209 564 διά
3254 511 3491 575 πίστεως
3527 508 3720 563 ἔλαϐον
3769 509 4025 574 γυναῖκες

780 630 1023 673 inoztnos
1045 631 1188 670 suos.
1231 616 1346 668 Istae
1376 628 1502 667 vero
1530 621 1656 666 sunt
1689 611 2026 680 Sarepthana
2057 617 2112 665 et
2144 609 2340 662 Suntn-

781 714 928 773 nitis,
975 723 1199 779 quarum
1233 706 1320 758 illa
1345 716 1620 757 mortuum
1656 703 1822 755 lilium
1854 717 1880 754 a
1904 701 2170 771 propheta
2201 699 2345 762 Elia,

781 802 1076 856 Snmanitis
1103 811 1228 851 vero
1276 811 1436 850 suum
1471 796 1538 849 ab
1569 793 1763 848 Elisaeo
1811 796 1877 847 ad
1915 794 2076 847 vitam
2130 806 2350 846 revoca-

780 891 1095 961 tnnireeepit
1115 909 1127 955 ;
1148 891 1238 944 sed
1259 898 1485 957 utraque
1505 901 1752 956 magnam
1781 887 1938 944 (idem
1965 883 2347 949 manifestat-it,

783 997 888 1034 tum
925 981 1259 1049 Sarepthana
1289 993 1412 1032 cum
1460 975 1756 1029 secundum
1789 975 1946 1030 [idem
2006 985 2348 1044 expectasset

783 1076 1194 1138 tit‘iﬁttltlllialtlm
1219 1087 1246 1125 a
1272 1071 1528 1139 propheta
1546 1071 1874 1124 cibariorum
1917 1072 2309 1123 incrementum
2335 1087 2345 1131 ;

779 1171 832 1214 rt
859 1171 980 1213 ante
1031 1160 1167 1212 lilsos
1204 1159 1354 1210 illum
1417 1159 1731 1211 uutrivisset
1757 1174 1820 1212 ex
1853 1157 2040 1212 farinae
2068 1159 2273 1228 pugillo
2299 1169 2351 1213 et

783 1253 1127 1322 paululiolei
1188 1266 1307 1321 qu:e
1350 1251 1464 1306 sola
1510 1253 1842 1305 manducare
1874 1252 2123 1315 habebat,
2159 1261 2348 1319 postea

783 1364 904 1401 eum
934 1346 1059 1399 [iliis
1107 1346 1392 1398 moritura.
1443 1343 1546 1397 Sed
1576 1359 1698 1397 cum
1727 1359 1883 1413 puer,
1911 1355 2176 1413 prasente
2211 1344 2348 1410 Elia,

783 1443 973 1493 morbo
1001 1438 1287 1492 defunctus
1345 1446 1521 1505 esset,
1567 1438 1642 1491 ait
1684 1439 1830 1492 enim
1879 1439 2194 1508 Setiptura:
2226 1438 2354 1492 Erat

781 1531 975 1583 virium
1011 1528 1246 1583 defectio
1269 1529 1570 1597 etlanguor
1606 1530 1899 1595 maximus,
1934 1530 2006 1584 ita
2039 1544 2095 1582 ut
2125 1546 2230 1584 non
2271 1547 2354 1584 re-

783 1622 1097 1676 tnaucretin
1132 1636 1196 1676 eo
1229 1621 1426 1675 halitus
1463 1623 1604 1686 vitm,
1634 1622 1720 1675 illa
1758 1624 2072 1692 prophetam
2108 1637 2208 1676 nec
2255 1624 2355 1676 ob-

780 1715 1032 1784 jurgavit,
1064 1728 1162 1767 nec
1188 1713 1410 1781 expulit,
1440 1728 1540 1768 nec
1573 1715 1914 1783 vituperavit;
1941 1731 2046 1769 non
2071 1716 2356 1785 dereliquit

783 1823 942 1878 quam
971 1808 1037 1860 ab
1070 1821 1132 1860 eo
1165 1805 1433 1860 didicerat
1467 1808 1720 1875 pietatem
1748 1825 1762 1874 ;
1788 1808 1881 1862 sed
1919 1822 1977 1861 se
2005 1810 2280 1862 accusat-it
2303 1817 2357 1862 et

784 1899 996 1967 propria
1015 1905 1230 1966 peccata
1266 1896 1578 1950 alllietionis
1641 1913 1835 1951 causas
1883 1897 2354 1959 cxistimavit,uo-
2388 1868 2431 1927 Β

784 1993 929 2046 mine
960 1991 1056 2044 viri
1080 1989 1170 2043 Dei
1204 1991 1372 2043 Eliam
1407 1991 1460 2043 in
1486 1990 1603 2057 ipso
1631 1990 1934 2044 infortunio
1963 1991 2262 2058 appellans,
2297 2005 2355 2044 se

785 2086 955 2151 ipsam
979 2082 1157 2152 arguit
1187 2081 1583 2136 adhortationis
1637 2082 1797 2136 modo
1853 2083 2033 2150 potius
2084 2096 2249 2150 quam
2283 2082 2353 2134 ir-

786 2175 1004 2229 risionis
1041 2175 1088 2228 ei
1141 2175 1357 2228 dicens:
1406 2191 1424 2224 ι
1464 2172 1601 2237 Quid
1644 2173 1774 2226 mihi
1824 2181 1878 2226 et
1929 2173 2050 2236 tibi,
2085 2174 2166 2226 vir
2222 2173 2358 2226 Dei?

788 2272 1068 2336 ingressus
1095 2280 1152 2319 es
1185 2264 1249 2317 ad
1275 2280 1359 2318 me
1397 2275 1450 2316 ut
1477 2264 1841 2332 exprobrares
1876 2265 2189 2334 iniquitates
2207 2279 2356 2319 meas

785 2369 839 2414 et
891 2357 1226 2413 interﬁceres
1280 2357 1446 2408 lilium
1500 2370 1680 2408 nicum
1708 2355 1790 2408 '7?
1834 2373 1850 2406 ι
1886 2353 1997 2408 Lux
2049 2370 2131 2418 es,
2169 2357 2262 2420 ait,
2290 2371 2355 2410 ex

789 2447 1513 2519 participatione.quatenus
1548 2446 1678 2499 solis
1728 2447 1951 2513 justitite
2005 2448 2251 2503 minister
2305 2458 2358 2502 et

788 2542 1136 2596 :tecedensex
1180 2539 1542 2594 invisibilibus
1600 2539 1836 2591 visibilia
1897 2538 2077 2594 fecisti
2135 2549 2355 2609 peccata

791 2650 941 2695 mea;
971 2636 1070 2687 ista
1107 2645 1286 2686 autem
1325 2631 1492 2686 lilium
1529 2647 1710 2685 meum
1758 2631 2167 2688 interfecerunt.
2197 2631 2358 2687 Vide-

790 2739 841 2783 te
871 2730 1025 2779 tidem
1065 2727 1305 2779 mulieris
1340 2726 1578 2793 gentilis;
1611 2725 1786 2778 videte
1811 2726 2192 2779 humilitatem.
2227 2725 2361 2781 Pro-

792 2830 971 2887 pterea
1003 2818 1237 2871 divinam
1269 2817 1588 2870 electionem
1646 2817 1836 2870 merito
1865 2817 2073 2886 accepit
2098 2833 2128 2871 a
2167 2817 2274 2871 Deo
2293 2818 2358 2871 ab

793 2910 1045 2970 i:.itio,ot
1098 2909 1260 2976 digna
1319 2907 1420 2961 fuit
1477 2908 1658 2961 habita
1716 2917 1774 2960 ut
1831 2916 1978 2962 esset
2045 2910 2356 2977 exemplum

791 3003 1068 3066 gentilium
1119 3003 1184 3055 ad
1219 3002 1373 3054 (idem
1413 3002 1733 3065 vocationis,
1767 3011 1820 3054 et
1856 3001 2053 3055 deinde
2086 3011 2144 3053 ut
2177 3003 2357 3054 vivum

791 3098 958 3148 lihum
996 3073 1276 3156 reciperet.
1308 3093 1607 3147 Sumauitis
1633 3107 1759 3146 vero
1789 3101 1842 3145 et
1863 3093 1940 3145 cis
1973 3108 2091 3161 quae
2116 3093 2230 3146 viro
2259 3107 2360 3146 suo

2451 607 2509 671 ἐξ
2541 604 2893 665 ἀναστάσεως
2925 602 3050 664 τοὺς
3081 603 3307 670 νεκροὺς
3331 602 3532 653 αὐτῶν.
3559 600 3623 651 Al
3650 599 3704 651 δέ
3743 599 3879 650 εἰσιν
3909 598 3944 666 ἦ
3969 613 4026 648 τε

2453 698 2734 770 Σαραφοία
2767 700 2858 750 καὶ
2896 698 2928 765 ἡ
2966 695 3312 762 Σουμανίτις,
3341 687 3415 745 ὧν
3441 695 3475 762 ὴ
3509 692 3607 760 μὲν
3653 692 3744 743 τὸν
3775 691 3889 742 υἱὸν
3929 690 4025 741 θα-

2451 790 2610 843 νόντα
2637 788 2786 858 παρά
2810 786 2905 839 τοῦ
2932 785 3212 856 προφήτου
3255 785 3438 837 Ἠλιοῦ
3457 785 3618 836 πάλιν
3642 782 3800 835 ἔλασε
3825 781 4022 845 ζῶντα,

2452 884 2485 952 ἡ
2517 881 2573 934 δὲ
2623 881 2945 948 Σουμανῖτις
2991 878 3142 948 παρά
3169 877 3263 930 τοῦ
3315 876 3618 929 Ἐλισσαίου
3653 877 3742 928 τὸν
3797 874 4021 941 ἐαυτῆς,

2454 976 2694 1043 ἐκατέρα
2747 973 2803 1026 δέ
2844 972 3050 1024 τούτων
3088 971 3333 1042 μεγάλην
3380 972 3448 1024 δι’
3482 972 3660 1042 ἔργων
3707 969 4023 1033 ἐπεδείξατο

2455 1069 2637 1122 πίστιν
2664 1084 2676 1098 ·
2713 1069 2745 1136 ἠ
2782 1067 2880 1136 μὲν
2929 1067 3213 1136 Σαραφθία
3243 1065 3384 1118 κατά
3419 1067 3603 1118 πίστιν
3634 1065 3892 1133 φθάσασα
3925 1062 4025 1128 τὴν

2454 1162 2878 1231 ἐπηγγελμένην
2934 1161 3084 1231 παρᾶ
3113 1161 3210 1213 τοῦ
3242 1160 3553 1229 ’προφήτου
3601 1157 3709 1209 τῶν
3743 1156 4025 1225 ἐδωδίμων

2455 1254 2708 1324 αὔξησιν,
2745 1255 2840 1306 καὶ
2889 1253 2994 1323 πρὸ
3044 1251 3154 1304 τῶν
3195 1252 3402 1304 παίδων
3433 1250 3680 1318 θρέψασα
3735 1245 3922 1298 τοῦτον
3963 1246 4026 1316 ἐκ

2454 1348 2554 1417 τῆς
2597 1347 2688 1400 τοῦ
2719 1346 2950 1416 ἀλεύρου
3005 1346 3205 1415 δρακὺς
3238 1347 3330 1397 καὶ
3379 1344 3470 1396 τοῦ
3508 1342 3690 1409 ὀλίγου
3744 1340 3947 1399 ἐλαίου,
3988 1336 4026 1389 ἃ

2460 1443 2596 1510 μόνα
2631 1442 2825 1508 φαγεῖν
2857 1435 2995 1508 εἶχε,
3028 1439 3124 1491 καὶ
3158 1437 3299 1507 μετά
3330 1437 3438 1489 τῶν
3471 1435 3678 1489 παίδων
3705 1432 4022 1486 ἀποθανεῖν.

2470 1534 2629 1588 Ἀλλά
2668 1536 2758 1586 καὶ
2786 1533 2878 1584 τοῦ
2911 1532 3029 1585 υἱοῦ
3063 1532 3232 1599 αὐτῆς
3284 1532 3420 1600 μετά
3452 1531 3548 1602 τὴν
3602 1528 3781 1582 Ἤλιοῦ
3823 1544 4026 1598 παρου-

2461 1629 2581 1681 σίαν
2605 1629 3064 1699 ἁρῤωστήσαντος
3087 1628 3182 1680 καὶ
3207 1625 3590 1686 ἀποθανόντοςο
3619 1620 3730 1676 Ἶίν
3765 1624 3833 1690 γά
3845 1639 3896 1691 ρ,
3925 1639 4027 1690 φη-

2459 1723 2565 1783 σὶν,
2619 1723 2650 1788 ἡ
2701 1721 2984 1789 ἀρῤωστία
3019 1718 3189 1771 αὐτοῦ
3244 1718 3452 1787 μεγάλη
3508 1717 3713 1785 σφόδρα
3762 1715 3865 1776 ἓως
3925 1716 4026 1766 οὐκ

2459 1812 2762 1880 ἀπελείφθη
2789 1813 2846 1864 ἐν
2863 1810 3012 1879 αὺτῷ
3039 1810 3255 1877 πνεῦμα
3274 1811 3438 1879 ζωῆς·
3469 1811 3608 1878 αῦτη
3638 1808 3736 1860 οὐκ
3765 1807 4026 1860 ἀπώσατο

2458 1907 2550 1957 τὸν
2583 1906 2895 1973 προφήτην,
2929 1903 3026 1955 οὐκ
3061 1903 3370 1971 ἐμέμψατο,
3405 1902 3504 1953 οὐκ
3549 1899 3869 1967 ἀπεπήδησε
3905 1899 4023 1965 τῆς,

2459 2002 2526 2072 ἣν
2556 1999 2685 2068 παρ’
2710 1997 2874 2050 αὑτοῦ
2899 1996 3170 2065 ἐδιδάχθη,
3203 1996 3538 2058 θεοσεὸείας,
3568 1991 3682 2047 ἀλλ’
3705 1993 3902 2059 ἐαυτῆς
3926 2009 4027 2044 κα·

2459 2091 2754 2160 τηγόρησε,
2793 2090 3020 2150 καὶτὰς
3057 2091 3263 2151 οἰκείας
3314 2087 3609 2157 ἁμαρτίας,
3659 2086 3839 2146 αίτίας
3885 2080 4028 2137 εἶναι

2458 2182 2550 2234 τοῦ
2580 2182 2784 2243 πάθους
2819 2181 3091 2250 ἐνόμισεν,
3147 2180 3434 2248 ἄνθρωπον
3484 2181 3582 2247 μὲν
3627 2179 3723 2231 τοῦ
3753 2178 3888 2230 Θεοῦ
3933 2177 4026 2230 τὸν

2472 2275 2658 2328 Ἠλίαν
2690 2275 2776 2328 ἐπ’
2824 2275 2990 2343 αὐτῆς
3042 2273 3282 2327 καλοῦσα
3334 2275 3431 2342 τῆς
3467 2275 3775 2342 συμφορᾶς,
3825 2272 4028 2340 ἑαυτὴν

2459 2367 2515 2419 δὲ
2554 2369 2754 2436 μᾶλλον
2815 2369 3220 2437 καταιτιωμένη
3266 2368 3362 2420 καὶ
3411 2369 3643 2434 λέγουσα
3690 2367 3827 2436 πρὸς
3864 2364 4030 2418 αὐτὸν

2461 2461 2879 2530 προτρεπτικῶς
2906 2460 3158 2529 μᾶλλονῆ
3185 2460 3538 2525 σκωπτικῶτ,
3560 2462 3624 2512 Τί
3651 2461 3775 2529 ἐμοὶ
3801 2454 3890 2513 xii
3921 2461 4026 2523 eoi,

2459 2555 2715 2624 ἄνθρωπε
2746 2554 2837 2607 τοῦ
2878 2555 3044 2618 Θεοῦς
3099 2554 3349 2622 είσῆλθες
3403 2557 3540 2623 προς
3595 2570 3660 2623 με
3715 2553 4028 2620 ἀναμνῆσαι

2460 2651 2558 2711 τὰς
2608 2649 2884 2718 ἁμαρτίας
2947 2665 3048 2719 μου
3086 2649 3182 2701 καὶ
3239 2648 3550 2699 θανατῶσαι
3577 2648 3668 2699 τὸν
3728 2647 3841 2698 υἱόν
3899 2661 4026 2714 μου.

2459 2741 2574 2802 Φῶς
2611 2736 2660 2792 ei
2697 2741 2780 2804 σὺ,
2816 2741 2970 2808 φησὶ,
3017 2741 3157 2792 κατά
3192 2739 3432 2809 μέθεξιν,
3467 2740 3542 2802 ὠς
3588 2737 3764 2805 φωτὸς
3805 2735 3898 2789 τοῦ
3928 2737 4030 2806 τῆς

2459 2833 2808 2900 δικαιοσύνης
2852 2833 3118 2894 διάκονος,
3169 2833 3262 2885 καὶ
3315 2831 3758 2901 παραγενόμενος
3811 2829 4028 2898 ἐμφανῆ

2464 2944 2566 2997 μου
2616 2927 2681 2979 τά
2737 2925 2919 2993 ἀφανῆ
2973 2926 3280 2996 πεποίηκας
3307 2926 3704 2995 ἁμαρτήματα,
3745 2923 3921 2978 ταῦτα
3969 2924 4028 2976 δι

2468 3036 2570 3086 μου
2601 3018 2692 3069 τὶν
2737 3017 2853 3068 υἱὸν
2881 3016 3248 3072 ἐθανάτωσεν.
3298 3017 3489 3086 Ὀρᾶτε
3542 3017 3725 3069 πίστιν
3773 3016 4032 3084 γυναικὸς

2463 3105 2787 3172 ἀλλοφύλου,
2833 3109 2994 3177 ὁρᾶτε
3049 3109 3405 3162 ταπείνωσιν.
3458 3109 3556 3163 Διά
3594 3109 3752 3162 τοῦτο
3784 3111 3879 3163 καὶ
3931 3110 4031 3180 τὴν

791 3188 856 3240 de
889 3187 1075 3239 lilismo
1115 3185 1268 3245 dixit.
1302 3193 1353 3239 et
1386 3185 1464 3239 eis
1485 3199 1603 3253 quae
1636 3185 1954 3252 praeparavit
1974 3188 2038 3238 ad
2065 3185 2355 3254 hospitium
2383 3220 2427 3283 C
2463 3198 2542 3251 ἐκ]

2277 3201 2355 3238 um
2383 3220 2427 3283 C
2463 3198 2695 3268 ἐκλογὴν
2747 3199 2972 3262 εἰκότως
3020 3201 3182 3253 ἔλασε
3232 3202 3383 3272 παρά
3417 3201 3509 3255 τοῦ
3544 3201 3680 3254 Θεοῦ
3711 3203 3810 3272 τὴν
3835 3202 4028 3272 ἀρχὴν,

795 3280 1063 3346 ιιι-ουιιοιω
1118 3276 1378 3338 dandum,
1429 3285 1482 3328 et
1539 3276 1800 3344 sapientia
1885 3289 2047 3344 quam
2107 3274 2359 3330 defuncto

795 3370 925 3430 tilio,
953 3367 1337 3433 manilestavit,
1387 3367 1546 3421 [idem
1598 3367 1858 3421 ostendit.
1902 3367 2036 3420 Nam
2070 3381 2359 3422 maerorem

793 3475 951 3528 thno
1001 3460 1182 3513 animo
1227 3457 1598 3519 dissimulans,
1633 3458 1696 3511 ad
1733 3458 2052 3526 prophetam
2096 3459 2360 3518 cucurrit,

793 3562 845 3604 et
869 3554 1153 3605 accessivit
1182 3551 1247 3604 ad
1278 3553 1524 3614 domum,
1551 3551 1774 3604 dicens:
1826 3568 1843 3600 ι
1887 3549 2028 3602 Vivit
2077 3549 2358 3614 Dominus,

796 3654 849 3696 et
880 3645 1008 3697 vixit
1063 3644 1246 3698 anima
1299 3651 1412 3707 tua,
1443 3657 1550 3696 non
1601 3642 1870 3696 dimittam
1926 3653 1978 3696 te
2003 3643 2071 3696 ⁸⁸.
2101 3661 2119 3694 ι
2155 3641 2221 3695 Et
2265 3657 2363 3712 pro

796 3747 944 3790 tanta
985 3739 1082 3790 lide
1125 3738 1291 3789 tilium
1326 3751 1352 3788 a
1383 3736 1645 3805 propheta
1689 3735 2068 3788 resuscitatum
2129 3735 2362 3802 accepit,

799 3835 866 3881 ita
901 3843 956 3884 ut
991 3831 1162 3900 majus
1198 3845 1297 3882 non
1321 3830 1392 3881 sit
1422 3830 1550 3882 illud
1586 3829 1800 3882 illorum
1835 3829 2224 3896 prophetarum
2279 3829 2363 3881 iu-

795 3924 943 3990 signc
972 3923 1294 3991 prodigium,
1326 3937 1484 3989 quam
1510 3922 1644 3973 mira
1675 3919 1804 3973 ﬁdes
1837 3929 2069 3972 matrum
2105 3920 2170 3973 ad
2203 3922 2364 3974 vitam

799 4017 1142 4068 i-es'uscitatos
1165 4013 1607 4082 suscipientiutn,
1651 4021 1708 4064 ut
1739 4014 1901 4065 etiam
1949 4011 2148 4068 Paulus
2179 4021 2365 4068 osten-

796 4110 874 4161 dit
925 4108 1138 4161 dicens:
1174 4123 1190 4153 ι
1231 4107 1308 4158 0b
1363 4105 1520 4159 ﬁdem
1550 4105 1802 4158 mulieres
1850 4105 1916 4158 de
1963 4109 2364 4161 resurrectione

797 4207 1038 4250 mortuos
1070 4211 1200 4250 suos
1225 4204 1595 4264 receperunt.»

2461 3290 2554 3342 καὶ
2591 3291 2936 3360 πρόγραμμα
2965 3293 3216 3358 γενέσθαι
3247 3293 3557 3363 κατηξιώθη
3590 3293 3692 3362 τῆς
3721 3294 3830 3346 τῶν
3859 3293 4031 3346 ἐθνῶν

2459 3379 2707 3446 κλήσεως
2744 3396 2802 3431 τε
2834 3381 2928 3434 καὶ
2963 3382 3224 3446 πίστεως,
3262 3382 3491 3453 ὕστερον
3535 3384 3590 3435 δὲ
3619 3385 3712 3436 καὶ
3741 3388 3833 3437 τδν
3865 3382 4030 3436 παῖδα

2461 3471 2638 3534 ζῶντα
2658 3473 2892 3536 ἐδέξατο.
2938 3474 3006 3527 'H
3053 3475 3108 3527 δέ
3137 3475 3462 3544 Σουμανῖτις
3523 3477 3619 3527 καὶ
3658 3474 3750 3544 ἀφ’
3791 3467 3865 3528 ὧν
3907 3470 4030 3526 εἷπε

2461 3565 2596 3634 προς
2645 3567 2732 3617 τον
2777 3566 2942 3634 ἄνδρα
2979 3568 3148 3634 αὐτῆς
3197 3569 3325 3636 περὶ
3388 3566 3712 3631 Ἐλισσαίου,
3788 3567 3883 3618 καὶ
3935 3566 4030 3633 ἀφ’

2459 3652 2532 3708 ὢν
2565 3655 2828 3724 ἡτοίμασε
2863 3659 2997 3725 πρὶς
3031 3656 3295 3726 ὑποδοχὴν
3325 3655 3402 3724 τῷ
3455 3656 3731 3725 προφήτῃ,
3767 3656 3861 3707 καὶ
3919 3655 4028 3706 ἀπο

2461 3751 2560 3819 τῆς
2589 3748 2923 3817 φιλοσοφίας,
2975 3749 3042 3818 ἢν
3105 3750 3414 3813 ἐπεδείξατο
3487 3749 3577 3802 τοῦ
3609 3750 3799 3812 παιδὸς
3844 3748 4031 3802 θανόν-

2462 3857 2575 3904 τος,
2605 3841 2702 3910 τὴν
2736 3842 2917 3893 πίστιν
2949 3842 3137 3905 ἔδειξε.
3183 3842 3456 3910 Κρύψασα
3485 3841 3593 3909 γὰρ
3619 3843 3796 3910 ἡσυχῆ
3827 3841 3885 3893 τὸ
3921 3843 4030 3896 πά-

2465 3931 2556 3994 θος
2589 3933 2682 3984 ἐπὶ
2714 3932 2806 3983 τὸν
2833 3933 3118 4002 προφήτην
3153 3933 3374 4004 ἔδραμε,
3410 3935 3502 3984 καί
3538 3933 3785 3984 εἵλκυσεν
3809 3932 3900 3982 ἐπὶ
3929 3931 4028 3999 τὴν

2466 4022 2667 4087 οίκίαν,
2701 4027 2835 4092 πρὸς
2866 4025 3024 4076 αὑτὸν
3048 4025 3294 4090 εἰποῦσα,
3335 4027 3406 4094 Ζῇ
3452 4023 3675 4093 Κύριος,
3722 4041 3738 4075 t
3771 4025 3862 4075 καὶ
3898 4023 3963 4091 ζῇ
3997 4024 4028 4092 ἠ

2471 4111 2611 4182 ψυχὴ
2638 4130 2750 4174 σου,
2782 4117 2829 4166 εί
2861 4115 3237 4184 ἐγκαταλείψω
3260 4133 3337 4167 σε.
3368 4134 3384 4165 ι
3419 4117 3520 4166 Καὶ
3553 4115 3640 4166 διὰ
3663 4113 3759 4182 τῆς
3794 4114 4030 4174 πίστεως

2475 4207 2676 4273 ταύτης
2708 4207 3016 4259 ἀναστάντα
3044 4207 3134 4259 τὸν
3158 4209 3272 4260 υίὸν
3301 4208 3450 4276 παρά
3484 4207 3576 4258 τοῦ
3613 4206 3889 4275 προφήτου
3917 4204 4031 4259 ἐδέ-

798 4293 941 4354 ξατο,
979 4289 1050 4348 ὡς
1078 4289 1151 4357 μὴ
1183 4287 1382 4355 μᾶλλον
1408 4281 1544 4337 εἶναι
1580 4286 1686 4338 τῶν
1730 4287 2024 4356 προφητῶν
2050 4288 2272 4342 ἐκείνων
2293 4291 2352 4342 τὸ
2392 4295 2669 4366 ἐξαίρετον
2719 4295 2876 4348 τοῦτο
2909 4297 3092 4365 θαῦμα
3150 4299 3182 4366 ἦ
3215 4301 3310 4366 τῆς
3371 4297 3479 4349 τῶν
3539 4297 3850 4366 δεξαμένων
3903 4297 4030 4360 τοὺς

796 4387 1126 4444 ἀναστάντας
1162 4384 1413 4453 μητέρων
1441 4383 1699 4441 πίστεως³
1723 4372 2083 4451 κᾶοάπερκαὶ
2113 4387 2140 4436 ὀ
2168 4386 2376 4451 Παῦλος
2416 4390 2692 4463 ὑπέφηνεν
2718 4394 2884 4447 είπὼν
2921 4411 2934 4427 ο
2975 4414 2992 4446 t
3032 4395 3128 4447 Διά
3169 4397 3401 4457 πίστεως
3435 4394 3626 4447 ἔλαϐον
3681 4397 3932 4462 γυναῖκες
3971 4395 4030 4458 ἐξ

801 4478 1142 4538 ἀναστάσεως
1169 4477 1291 4537 τοὺς
1332 4477 1557 4543 νεκροὺς
1598 4475 1798 4528 αὐτῶν.
1854 4495 1871 4527 ι

871 4573 980 4627 iitsi
1040 4583 1218 4626 autent
1290 4581 1345 4623 ut
1398 4573 1715 4638 adjutricem
1779 4573 2052 4640 propheta:
2117 4574 2448 4636 haberentD

804 4680 1036 4719 matrum
1098 4664 1276 4728 iidem,
1336 4675 1388 4718 et
1455 4665 1546 4717 Dei
1594 4665 1938 4728 obsequium,
1999 4664 2142 4719 Elias
2189 4674 2368 4720 tamen

805 4761 959 4812 aliter
989 4758 1113 4810 fecit
1141 4766 1345 4810 etcum
1370 4757 1573 4825 gemitu
1603 4757 1770 4808 multo
1797 4755 1860 4808 ad
1891 4756 2057 4809 Deum
2079 4758 2328 4810 clamavit
2353 4775 2367 4813 :

805 4850 989 4903 l-Lheul
1024 4848 1267 4910 Domine,
1317 4849 1468 4900 testis
1498 4848 1693 4911 viduae,
1757 4848 1898 4915 apud
1945 4863 2106 4916 quam
2167 4849 2366 4914 habito,

803 4960 922 4998 eam
950 4941 1185 4995 alllixisti
1211 4952 1266 4994 ut
1286 4939 1616 4994 interliceres
1640 4939 1806 4993 lilium
1833 4941 1982 5009 cjnsl
2013 4941 2071 4993 Et
2097 4943 2370 4996 invocavit

805 5049 857 5090 rt
909 5038 1063 5096 dixit,
1110 5032 1335 5086 Domine
1390 5033 1528 5086 Deus
1593 5047 1770 5094 meus,
1826 5043 2128 5086 revertatur
2185 5035 2366 5087 anima

811 5127 964 5197 pueri
996 5126 1150 5192 hujus
1187 5127 1239 5177 in
1283 5127 1489 5178 viscera
1518 5123 1654 5193 ejus.
1682 5123 1747 5176 Et
1785 5123 1986 5176 factum
2025 5136 2106 5177 est
2132 5127 2226 5179 ita.
2257 5125 2366 5177 Eli-

809 5235 948 5275 sa-us
971 5233 1096 5272 vero
1122 5233 1226 5269 non
1251 5226 1458 5269 tantum
1495 5217 1798 5269 incurvat'it
1837 5231 1894 5269 se
1921 5231 2083 5284 super
2116 5231 2366 5284 puerum,

808 5311 1158 5368 deambulans
1188 5318 1241 5362 et
1268 5307 1584 5361 incumbens
1615 5321 1787 5375 usque
1835 5309 2052 5376 septies,
2086 5308 2179 5362 sed
2238 5309 2369 5362 ado-

810 5408 945 5458 ravit
976 5402 1286 5464 Dominum,
1317 5406 1380 5453 υο
1409 5400 1672 5467 scriptum
1702 5408 1804 5462 est,
1835 5407 1889 5452 et
1928 5399 2005 5453 sic
2059 5399 2226 5453 lilium
2261 5400 2370 5454 Su-

813 5493 1089 5546 rnanitidis
1147 5492 1212 5544 ad
1273 5493 1440 5543 vitam
1508 5490 1800 5543 revocarit.
1863 5488 2122 5543 Dominus
2192 5500 2368 5544 autem

813 5598 991 5638 noster
1013 5583 1169 5638 Jesus
1196 5583 1468 5647 Christus,
1513 5589 1672 5649 prout
1722 5582 1950 5649 legimus
1987 5583 2036 5632 in
2079 5583 2372 5650 Evangelio

814 5678 1126 5746 Imjnsdiei,
1162 5676 1528 5730 misericordia
1577 5685 1750 5727 m0lus
1799 5690 1957 5741 super
2015 5675 2373 5743 \'ltlll.’l,CtljllS

812 5772 1258 5825 lilausdel'unetus
1281 5769 1628 5833 eil‘erebatur,
1666 5770 1784 5822 sine
1818 5782 1990 5829 mora,
2028 5768 2144 5821 siue
2194 5771 2372 5836 preci-

877 5949 918 5978 "’
952 5949 1013 6002 ill
1051 5949 1179 6017 Reg.
1219 5963 1345 6014 xm,
1386 5948 1468 6003 18.
1551 5948 1592 5978 ³⁵³
1629 5947 1694 6000 IV
1735 5947 1858 6016 ileg.
1905 5961 1976 6010 tv,
2023 5945 2112 6000 50.

2558 4576 2718 4631 Ἀλλά
2762 4576 2936 4628 καίτοι
2999 4574 3253 4644 συνεργὸν
3303 4573 3516 4642 ἔχοντες
3546 4575 3652 4628 τῶν
3701 4577 3950 4646 μητέρων
3981 4577 4030 4627 οί

2472 4672 2748 4740 προφῆται
2791 4668 2889 4738 τὴν
2937 4667 3120 4720 πίστιν
3151 4668 3245 4720 καὶ
3278 4668 3378 4736 τὴν
3410 4669 3541 4736 πρὸς
3575 4669 3705 4722 Θεὸν
3731 4669 4028 4740 εὐαρέστη-

2473 4777 2576 4825 σιν,
2608 4762 2635 4812 ὁ
2665 4761 2762 4829 μὲν
2827 4760 3004 4812 Ἠλιοῦ
3035 4761 3105 4812 τά
3148 4777 3205 4810 τε
3257 4759 3390 4811 ἀλλα
3443 4761 3731 4828 πεποίηκε,
3767 4761 3860 4812 καὶ
3913 4760 4031 4830 μετ’

2469 4852 2778 4921 ὀλοφυρμοῦ
2811 4852 2944 4920 πρὸς
2979 4853 3068 4903 τδν
3093 4853 3226 4905 Θεὸν
3261 4851 3586 4919 ἀνεὸόησεν·
3619 4853 3798 4920 Οῐμοι,
3831 4853 4028 4918 λέγων,

2473 4942 2664 5011 Κύριε,
2693 4944 2720 4993 ὁ
2747 4943 2953 5011 μάρτυς
2983 4942 3082 5010 τῆς
3115 4945 3316 5012 χήρας,
3353 4943 3471 5011 μεθ’
3513 4935 3580 5011 ἦς
3613 4942 3722 5008 ἐγὼ
3761 4943 4027 5000 κατοικῶ,

2474 5034 2537 5084 σὺ
2584 5031 2867 5094 ἐκάκωσας
2923 5031 3014 5084 τοῦ
3069 5032 3374 5084 θανατῶσαι
3427 5033 3518 5082 τὸν
3549 5032 3662 5084 υἱὸν
3705 5033 3893 5100 αὐτῆς,
3937 5036 4031 5085 καὶ

2474 5125 2842 5177 ἐπεκαλέσατο
2875 5125 2966 5176 καὶ
3002 5121 3143 5189 εἶπε,
3178 5125 3345 5195 Κύριε
3361 5113 3401 5177 ’ὁ
3431 5125 3559 5186 Θεός
3600 5141 3725 5192 μου,
3763 5127 4030 5194 ἐπιστρα-

2475 5219 2628 5284 φήτω
2657 5219 2781 5288 δὴη
2817 5219 2960 5287 ψυχὴ
3008 5219 3100 5270 τοῦ
3151 5218 3436 5286 παιδαρίου
3487 5217 3677 5270 τούτου
3729 5219 3808 5279 εἰς
3860 5219 4030 5271 αὐτό.

2477 5311 2584 5361 Καὶ
2610 5311 2826 5376 ἐγένετο
2855 5309 3052 5371 οὓτως.
3087 5309 3146 5361 ὐ
3174 5308 3230 5361 δὲ
3274 5309 3540 5360 Ἐλισσαιέ
3575 5311 3648 5377 μὴ
3685 5309 3843 5377 μόνον
3866 5326 4034 5379 προσ-

2477 5401 2578 5468 έφυ
2627 5401 2704 5470 τῷ
2755 5401 3026 5467 παιδαρίῳ
3081 5400 3310 5469 περιιὼν
3361 5400 3452 5451 καὶ
3506 5402 3882 5467 ἀνακάμπτων
3927 5401 4034 5461 ἕως

2478 5494 2726 5558 ἑπτάκις,
2772 5493 2906 5546 ἀλλα
2951 5497 3044 5546 καὶ
3081 5496 3428 5564 προσηύξατο
3469 5495 3604 5562 πρὸς
3655 5494 3860 5564 Κύριον
3894 5495 4033 5545 κατά

2478 5588 2535 5637 τδ
2591 5587 2995 5656 γεγραμμένον,
3047 5589 3140 5638 καὶ
3187 5588 3327 5640 οὕτω
3384 5589 3473 5640 τὸν
3513 5589 3609 5656 τῆς
3655 5586 4034 5655 Σουμανίτῑδοε

2482 5679 2817 5739 ἀνεξωωσεν.
2880 5681 2934 5731 'U
2968 5680 3021 5731 δὲ
3076 5679 3278 5749 Κύριος
3328 5680 3483 5748 ἡμῶν
3543 5679 3747 5749 Ἰησοῦς
3801 5679 4031 5745 Χριστος

2482 5771 2618 5822 κατά
2648 5775 2742 5840 τὴν
2776 5773 3014 5839 σήμερον
3033 5773 3545 5840 ἀναγινωσκομένην
3576 5771 3670 5824 τοῦ
3704 5771 4033 5838 Εὑαγγελίου
