4434 6460
761 427 869 491 5Ἱ5

2020 428 2414 492 GBEGORII
2439 427 2769 488 PALAM‘IE

3907 413 4015 480 536

759 550 860 604 pus
889 543 1067 588 autem
1099 531 1219 604 ejus
1257 533 1499 588 nondum
1529 549 1714 589 revera
1750 534 1895 589 illius
1921 537 2107 606 gloriae
2131 543 2335 593 factum
2367 535 2415 594 Δ
2443 540 2503 591 τὸ

2263 554 2335 592 tm
2367 535 2415 594 Δ
2443 540 2503 591 τὸ
2532 539 2587 590 δέ
2622 537 2781 608 σῶμα
2825 535 2980 590 οῦπω
3007 535 3192 606 ἐκείνῃ
3229 529 3623 599 συνεδοξάσθη,
3654 524 3767 580 ἀλλ’
3819 519 3931 578 οἶόν
3961 541 4014 577 τι

756 635 841 679 est
876 625 1170 696 particeps,
1218 626 1312 682 sed
1366 642 1429 680 ex
1483 628 1842 696 prtcsentibus
1890 629 2041 683 velut
2072 645 2138 684 ex
2174 645 2339 702 argu-

762 727 966 783 mento,
1000 733 1064 772 ex
1099 728 1227 788 typo
1257 728 1309 773 et
1357 718 1517 788 signo
1567 721 1887 788 cognoscite
1928 721 2330 778 divinissimam

759 807 1122 862 etcwlestem
1171 808 1401 876 gloriam
1447 821 1567 877 quas
1601 807 1748 862 circa
1798 808 1928 862 illud
1980 810 2337 866 revelabitur.

757 897 912 965 Quod
940 900 984 954 si
1012 908 1170 971 typus
1209 899 1332 954 talis
1362 908 1476 964 est,
1518 908 1724 969 quanta
1775 901 1878 955 erit
1911 901 2000 955 illa
2029 901 2339 972 perfectio?

758 992 918 1047 Certe
956 1005 1182 1063 prorsus
1216 992 1508 1048 inell‘abilis
1533 1002 1585 1046 et
1624 994 1723 1062 ipsi
1758 994 2072 1062 cogitationi
2128 997 2330 1065 imper.

759 1085 868 1141 via.
902 1084 1198 1154 Contingat
1229 1085 1386 1142 nobis
1420 1087 1674 1155 precibus
1716 1087 1846 1141 tanti
1902 1090 2158 1160 martyris
2209 1106 2333 1160 pcr-

760 1179 914 1233 l'nndi
941 1189 1236 1249 unguento,
1265 1189 1325 1232 ut
1352 1179 1494 1234 sicut
1521 1182 1610 1234 hic
1635 1180 1746 1248 jam
1776 1181 1954 1236 diﬂ‘usi
1987 1183 2134 1238 illius
2165 1183 2335 1237 divini

761 1272 1023 1338 unguenti
1075 1282 1360 1327 consortes
1405 1269 1633 1338 luimus,
1684 1273 1758 1326 ita
1807 1274 2104 1342 aliquando
2135 1275 2336 1328 divina:

763 1363 948 1429 glorias
978 1364 1269 1431 participes
1298 1379 1390 1431 per
1418 1365 1648 1432 gratiam
1699 1366 2085 1435 benignitatem
2135 1367 2339 1437 glorill-

765 1456 870 1507 cati
901 1455 954 1508 in
991 1457 1107 1509 su?s
1156 1456 1483 1524 martyribus
1511 1455 1636 1510 Jesu
1671 1457 1876 1510 Christi
1915 1458 2006 1527 qui
2049 1467 2138 1512 cst
2173 1474 2340 1528 super

763 1547 947 1601 omnia
973 1547 1134 1614 Dius;
1158 1549 1245 1602 cui
1275 1551 1454 1604 omnis
1478 1550 1647 1620 gloria
1673 1551 1724 1604 in
1754 1551 2079 1620 sempiterna
2107 1553 2330 1608 saecula.

765 1641 962 1693 Amen.

1303 1753 1583 1808 HUMILIA
1621 1755 1804 1810 XLIII.

2440 630 2783 700 πρόγραμμα
2820 631 2915 682 καὶ
2947 629 3117 690 τύπος
3157 628 3250 680 καὶ
3299 623 3572 694 σύμϐολόν
3631 622 3749 673 ἐστι
3780 621 3850 671 τὰ
3911 634 4017 670 πα-

2441 722 2604 792 ρόντα
2637 721 2774 792 πρὸς
2809 720 2911 789 τὴν
2971 720 3279 789 μέλλουσαν
3339 712 3826 770 ἀποκαλύπτεσθαι
3882 708 4016 778 περὶ

2439 815 2573 868 αὐτὸ
2606 812 2892 883 θειοτάτην
2923 813 3015 867 καὶ
3058 811 3309 881 οὐράνιον
3337 808 3517 873 δόξαν.
3571 807 3634 859 El
3661 805 3718 858 δέ
3777 803 3839 856 τὸ
3881 801 4017 869 πρό-

2440 922 2675 976 γραμμα
2715 907 2808 959 καὶ
2845 907 2873 958 ό
2901 904 3069 966 τύπος
3098 902 3358 965 τοιοῦτος,
3381 901 3432 954 τί
3468 899 3530 953 τὸ
3590 897 3788 966 μέλλον
3840 895 4017 946 ἐκεῖνο

2440 999 2593 1059 τέλος
2621 1015 2636 1064 ;
2672 997 2899 1060 Πάντως
2923 995 3163 1067 ἀρῤητόν
3192 1011 3251 1046 τε
3292 995 3386 1047 καὶ
3420 989 3762 1056 ἀνεννόητον.
3799 986 4017 1038 Γένοιτο

2439 1092 2495 1145 δὲ
2529 1092 2624 1145 καὶ
2646 1091 2794 1162 ἡμᾶς
2826 1091 2945 1153 ταῖς
2971 1086 3292 1158 πρεσϐείαις
3320 1085 3413 1138 τοῦ
3437 1086 3496 1136 ἐν
3555 1082 3793 1150 μάρτυσι
3851 1092 4019 1145 μυρο-

2441 1183 2726 1252 χεύμονος,
2746 1181 2934 1252 ὥσπερ
2959 1178 3190 1233 ἐνταῦθα
3202 1177 3296 1230 τοῦ
3319 1174 3684 1245 προχεομένου
3705 1168 3833 1240 παρ’
3850 1165 4015 1222 αὑτοῦ

2442 1275 2586 1329 θείου
2613 1274 2785 1345 μύρου
2822 1272 3010 1327 τούτου
3037 1268 3550 1340 μεταλαμϐανομεν,
3592 1262 3736 1317 οῦτω
3773 1261 3868 1314 καὶ
3893 1259 4017 1311 τότε

2440 1369 2541 1438 τῆς
2573 1368 2728 1438 δόξης
2751 1367 2965 1434 ἐκείνης
2991 1364 3232 1431 θεωροὺς
3253 1362 3349 1414 καὶ
3378 1359 3635 1430 μετόχους
3662 1351 3802 1406 εἷναι
3831 1353 4016 1424 χάριτι

2442 1463 2536 1515 καὶ
2581 1457 2961 1529 φιλανθρωπίᾳ
3011 1455 3105 1509 τοῦ
3152 1450 3571 1521 ἐνδοξαζομένου
3612 1450 3728 1510 τοῖς
3794 1444 4017 1529 οἰκείοις

2443 1527 2711 1623 μάρτυσιν
2741 1549 2913 1620 Ἰησοῦ
2940 1527 3180 1617 Χριστοῦ
3229 1545 3324 1597 τοῦ
3374 1544 3467 1596 ἐπὶ
3513 1541 3731 1594 πάντων
3769 1534 3929 1597 Θεοῦ,
3973 1527 4018 1601 ᾧ

2442 1644 2642 1713 πρέπει
2674 1645 2823 1697 πᾶσα
2854 1642 2980 1706 δόξα
3010 1641 3089 1696 είς
3117 1633 3455 1709 ἀπεράντους
3485 1634 3708 1697 αἰῶνας.
3749 1630 3948 1699 Ἃμήν.

3040 1747 3286 1810 ΟΜΙΜᾹ
3361 1753 3497 1808 MF'.

769 1867 834 1919 In
865 1869 1112 1937 inagnnm
1137 1870 1274 1923 inter
1294 1879 1502 1943 saueius
1529 1880 1808 1943 martyrem
1834 1881 1882 1925 et
1911 1872 2340 1943 tltaumalurgum
2374 1871 2417 1929 B
2450 1877 2514 1929 El

2269 1888 2340 1924 tm
2374 1871 2417 1929 B
2450 1877 2550 1941 Είς
2574 1877 2679 1927 τὸν
2706 1873 2774 1926 ἐν
2798 1870 2989 1943 ἁγίοις
3007 1865 3509 1943 μεγαλομάρτυρα
3530 1861 3627 1943 καὶ
3649 1866 4020 1929 θαυματουρ-

1153 1954 1201 1992 et
1234 1941 1584 2010 myroblylam
1617 1942 1965 1995 Demetrium.

847 2047 869 2081 ε
908 2031 1035 2084 Mihi
1067 2032 1282 2100 quidem
1320 2033 1474 2086 valde
1503 2033 1840 2087 honoriﬁcati
1878 2040 2004 2086 sunt
2027 2032 2186 2088 amici
2215 2033 2290 2087 tui
2323 2071 2338 2098 ,

775 2122 939 2185 Deus,
963 2123 1127 2176 nimis
1154 2122 1496 2177 confortatus
1541 2134 1623 2178 est
1674 2125 2014 2194 principatus
2059 2140 2274 2190 eorum,
2317 2146 2336 2179 ›

773 2216 1097 2269 exclamavit
1150 2216 1315 2269 David
1365 2217 1453 2269 ille
1497 2218 1677 2270 omnis
1723 2219 1896 2272 astatis
1941 2219 2341 2288 psalmistarum

776 2307 1155 2361 divimssimus
1212 2307 1280 2360 ”.
1335 2307 1678 2378 Principatus
1728 2312 2102 2380 apostolorum
2151 2311 2343 2376 chori,

774 2399 900 2465 quia
947 2408 1075 2454 sunt
1113 2401 1383 2470 coryphzei
1412 2441 1426 2463 ,
1473 2403 1860 2472 prophetarum
1894 2406 2126 2470 ordinis,
2155 2406 2246 2474 qui
2277 2406 2345 2460 ab

777 2490 1068 2544 intuitione
1092 2505 1270 2544 rerum
1301 2492 1606 2545 divinarum
1640 2508 1835 2548 nomen
1871 2493 2094 2561 habent,
2125 2503 2346 2550 sancto~

776 2595 897 2634 rum
929 2595 1055 2635 vero
1081 2581 1364 2635 doctorum
1397 2593 1449 2636 ct
1481 2583 1649 2637 totius
1682 2593 1999 2640 sanctorum
2028 2594 2220 2649 coetus,
2253 2586 2347 2656 qui

775 2671 958 2739 magni
986 2672 1163 2724 vocati
1192 2681 1318 2725 sunt
1343 2673 1392 2725 in
1426 2673 1721 2745 Evangelio
1750 2679 2057 2732 communis
2103 2679 2348 2735 Salvato-

774 2760 878 2823 τῖε,
930 2763 1003 2813 ita
1047 2769 1101 2816 et
1147 2763 1289 2816 inter
1329 2762 1534 2819 Christi
1586 2777 1873 2837 martyres,
1912 2768 2091 2838 magni
2124 2770 2348 2825 omnino

777 2861 1066 2923 martyres,
1103 2854 1306 2923 quibus
1343 2863 1564 2922 praestat
1589 2857 1822 2912 eximius
1851 2868 1905 2912 et
1944 2860 2222 2928 plerisque
2251 2876 2348 2916 ex-

778 2947 980 3000 cellens
1008 2962 1165 3015 quem
1201 2949 1497 3017 praesertim
1528 2949 1688 3003 hodie
1716 2965 1816 3005 nos
1855 2952 2070 3022 hymnis
2093 2963 2146 3007 ct
2177 2953 2352 3008 laudi-

777 3039 882 3092 bus
917 3041 1274 3101 celebramus,
1308 3040 1547 3095 civitatis
1584 3049 1790 3095 nostra‘.
1822 3057 2046 3098 consors
2078 3053 2131 3098 et
2164 3055 2351 3114 patro-

781 3145 904 3194 nus,
938 3145 1195 3198 magnum
1242 3140 1402 3184 terras
1453 3140 1654 3185 nostrae
1700 3133 2048 3200 miraculum,
2098 3152 2350 3205 magnum

2679 1945 2788 2012 τὸν
2818 1934 2913 1995 καὶ
2934 1934 3202 2009 μύροϐλύ
3214 1953 3320 2001 την
3381 1934 3744 2002 Δημήτριον.

2523 2055 2542 2087 ι
2564 2035 2718 2104 Ἐμοὶ
2755 2035 2813 2087 δέ
2852 2033 2975 2085 λίαν
3002 2029 3342 2100 ἐτιμήθησαν
3374 2027 3425 2080 οἱ
3455 2027 3600 2094 φίλοι
3637 2041 3754 2086 σου,
3808 2023 3835 2074 6
3865 2021 4020 2084 Θεδς,

2443 2132 2565 2185 λίαν
2594 2129 3046 2200 ἐκραταιὼθησαν
3065 2128 3121 2180 αί
3141 2125 3307 2194 ἀρχαὶ
3334 2123 3536 2183 αὐτῶν,
3563 2139 3582 2172 ι
3622 2117 3788 2171 Δαόὶδ
3813 2116 4022 2177 ἐκεῖνός

2447 2241 2610 2295 φησιν
2635 2225 2662 2276 6
2685 2222 2791 2276 τῶν
2819 2221 2912 2275 ἀπ’
2942 2221 3135 2282 αἰῶνος
3164 2215 3376 2288 ᾡδικῶν
3430 2212 3783 2269 ἐνθεὼτατος.
3831 2207 4025 2277 Ἀρχαὶ

2446 2318 2501 2369 δὲ
2541 2315 2703 2387 χοροῦ
2740 2316 2838 2382 μὲν
2870 2312 3189 2368 ἀποστόλων
3241 2311 3288 2363 oi
3320 2308 3608 2376 κορυφαῖοι
3639 2320 3654 2336 ·
3708 2300 4018 2366 καταλόγου

2446 2407 2502 2459 δὲ
2531 2404 2825 2474 προφητῶν
2855 2404 2903 2456 οἱ
2950 2402 3048 2471 τῆς
3077 2400 3338 2461 θεοπτίας
3385 2397 3701 2464 ἐπώνυμοι⁸
3766 2389 4025 2444 διδασκά-

2447 2498 2554 2551 λων
2587 2497 2643 2550 δὲ
2683 2495 2844 2566 ἱερῶν
2875 2494 2967 2547 καὶ
3006 2493 3103 2562 τῆς
3135 2491 3242 2545 τῶν
3284 2491 3444 2543 ὁσίων
3485 2487 3812 2557 όμηγύρεως
3839 2482 4019 2549 πάσης

2448 2591 2496 2642 oi
2530 2587 2757 2658 μεγάλοι
2790 2585 3092 2655 κληθέντες
3112 2583 3256 2637 κατά
3294 2583 3394 2650 τὴν
3425 2579 3519 2632 τοῦ
3555 2576 3738 2630 κοινοῦ
3771 2574 4026 2641 Σωτῆρος

2452 2677 2790 2746 ἐπαγγελίαν
2815 2692 2830 2708 ’
2879 2674 3068 2740 ὥσπερ
3097 2674 3192 2725 καὶ
3228 2671 3334 2723 τῶν
3362 2666 3601 2738 Χριστοῦ
3637 2663 3929 2736 μαρτύρων
3977 2663 4025 2714 οἱ

2455 2768 2947 2839 μεγαλομάρτυρες
2983 2764 3224 2827 πάντως,
3253 2757 3334 2824 οἷς
3368 2758 3648 2829 ἐμπρέπει
3703 2751 4026 2822 περιφανῶς

2451 2864 2681 2932 ἀνέχων,
2711 2858 2937 2914 καὶτῶν
2965 2858 3238 2918 πλείστων
3273 2853 3473 2922 ἐξόχως
3507 2852 3533 2902 6
3569 2848 3805 2919 μάλιστα
3855 2846 4028 2915 σήμε-

2456 2971 2547 3025 ρον
2582 2953 2717 3024 παρ’
2747 2953 2902 3022 ἡμῶν
2937 2951 3278 3021 ὑμνούμενος
3297 2946 3392 2999 καὶ
3438 2943 3772 3013 τιμώμενος,
3804 2942 3832 2992 6
3869 2938 4029 2991 αὑτό-

2453 3049 2598 3120 χθων
2634 3050 2766 3117 ἡμῖν
2805 3045 2899 3098 καὶ
2925 3043 3202 3115 ἡμεδαπὸς
3250 3039 3561 3108 πολιοῦχος,
3598 3036 3660 3088 τὸ
3727 3033 3870 3102 μέγα
3927 3033 4026 3099 τῆς

2455 3139 2782 3209 οἰκουμένης
2815 3136 3020 3207 θαῦμα,
3058 3136 3119 3187 τὸ
3158 3134 3298 3203 μέγα
3339 3132 3436 3200 τῆς
3498 3130 3651 3198 ἱερᾶς
3699 3123 4030 3192 Ἐκκλησίας

779 3234 982 3277 sanctae
1026 3222 1284 3278 Ecclesia:
1313 3233 1694 3278 ornamentum
1723 3276 1736 3299 ,
1765 3229 2017 3295 egregius
2044 3242 2137 3294 per
2169 3229 2351 3283 omnia
2382 3211 2423 3265 ε
2457 3233 2530 3302 ὼρ

2280 3229 2351 3283 tia
2382 3211 2423 3265 ε
2457 3233 2736 3302 ὼρέιῖσμα,
2769 3234 2796 3284 ὁ
2823 3231 2986 3292 πολὺς
3021 3228 3088 3281 τὰ
3119 3227 3316 3282 πάντα.
3347 3226 3443 3277 καὶ
3474 3218 3911 3287 θαυματουργδς,
3934 3217 4031 3267 καὶ

781 3317 1199 3383 thaumaturgus
1252 3323 1305 3368 et
1366 3317 1661 3387 myrohlyta
1697 3317 2020 3372 Demetrius.
2080 3319 2177 3374 llic
2209 3323 2355 3375 enim

787 3409 929 3461 inter
961 3418 1229 3477 martyres
1263 3417 1524 3477 tanquam
1561 3410 1698 3464 inter
1729 3421 1875 3464 astra
1913 3412 2003 3464 lux
2034 3422 2116 3466 est
2141 3427 2356 3483 magna,

781 3500 906 3552 vitze
937 3508 1150 3553 aterna:
1180 3501 1407 3554 verbum
1442 3504 1746 3565 continens,
1779 3503 2149 3558 emicantibus
2189 3504 2358 3560 radiis

781 3593 980 3646 eximie
1018 3593 1310 3660 splendens
1336 3635 1350 3658 ,
1398 3595 1686 3663 plerosque
1734 3597 2028 3664 Splendore
2066 3612 2356 3665 superans,

783 3688 1045 3754 numquid
1080 3694 1462 3754 prephctarum
1497 3689 1668 3756 gratia
1708 3705 1813 3742 non
1870 3690 2071 3756 potitus
2103 3690 2227 3743 cst?
2259 3688 2355 3742 Vel

783 3781 1103 3849 prophetica
1133 3782 1334 3835 virtute
1371 3782 1619 3846 illustris,
1667 3784 1930 3852 numquid
1982 3786 2357 3854 apostolorum

783 3872 1148 3927 etdoctorum
1188 3873 1492 3928 ministerio
1526 3882 1577 3927 et
1626 3876 1948 3929 excellentia
2005 3876 2221 3931 halitus
2279 3886 2362 3930 est

786 3964 1081 4033 indignus?
1116 3963 1387 4032 Numquid
1423 3965 1542 4019 istis
1568 3965 1726 4020 donis
1767 3976 1992 4021 ornatus
2044 3978 2358 4022 sanctorum

785 4056 1036 4108 asceticis
1066 4055 1345 4109 exercitiis
1381 4067 1432 4109 et
1462 4071 1654 4110 corum
1689 4057 1811 4111 vitae
1841 4057 2114 4113 nobilitati
2147 4061 2359 4114 cessit?

785 4149 1028 4212 Minime,
1064 4150 1153 4202 sed
1186 4150 1322 4204 alios
1355 4151 1570 4218 quidem
1596 4160 1844 4216 secutus,
1871 4153 1993 4206 aliis
2019 4164 2356 4223 exaequatus,

786 4243 924 4296 alios
958 4252 1136 4296 autem
1171 4246 1502 4311 praecedens,
1535 4261 1643 4299 non
1701 4261 1906 4315 paucos
1954 4263 2218 4316 superans
2254 4263 2357 4301 non

782 4340 993 4385 tantum
1031 4333 1082 4384 in
1114 4334 1308 4401 exiguo
1342 4334 1616 4400 excelluit,
1646 4352 1767 4389 cum
1798 4337 1984 4404 paucis
2016 4337 2198 4390 omnia
2235 4353 2360 4406 per-

784 4422 934 4488 fecit,
962 4432 1013 4477 ct
1046 4425 1195 4477 solus
1227 4427 1278 4478 in
1311 4429 1608 4495 semetipso
1635 4430 1875 4481 onmium
1911 4430 2102 4483 merita
2125 4431 2364 4498 comple-

2463 3323 2810 3394 μυροό).ύτης
2843 3321 3180 3391 Δημήτριος.
3223 3317 3383 3369 Ἀλλὰ
3408 3315 3514 3384 γὰρ
3541 3315 3599 3365 ἐν
3636 3312 3878 3379 μάρτυσι
3905 3307 4029 3378 μὲν,

2460 3411 2567 3466 οἷον
2595 3416 2649 3465 ἐν
2677 3413 2929 3479 ἄστροισι,
2970 3410 3194 3479 φωστὴρ
3231 3410 3377 3459 ἐστιν
3419 3405 3576 3467 οὗτος
3619 3405 3815 3472 μέγας,
3856 3400 4029 3454 ἀϊδίου

2459 3507 2616 3574 λόγον
2645 3505 2790 3573 ζωῆς
2818 3503 3052 3573 ἐπέχων,
3088 3502 3182 3555 καὶ
3218 3499 3506 3565 θεαυγέσιν
3538 3499 3720 3550 ἀκτῖσι
3746 3493 4034 3564 διαφερὸνο

2458 3616 2564 3659 τως
2595 3597 3096 3666 περιλαμπόμενος,
3130 3595 3224 3646 καὶ
3249 3592 3627 3662 ὑπερλάμπων
3689 3589 3815 3649 τοὺς
3873 3585 4034 3639 πλεί-

2464 3709 2641 3753 στους,
2672 3690 3019 3760 προφητικῆς
3055 3689 3111 3740 δὲ
3143 3687 3367 3757 χάριτος
3413 3685 3514 3736 οὐκ
3546 3683 3876 3752 εὐμοίρησεν
3908 3698 3923 3746 ;
3959 3680 4032 3732 Ἦ

2465 3786 2779 3855 προφητικῇ
2847 3782 3076 3850 δυνάμει
3122 3777 3618 3847 κατηγλαῖσμένος,
3669 3773 4036 3840 ἀποστολικῆς

2464 3877 2561 3930 καὶ
2598 3873 2988 3940 διδασκαλικῆς
3033 3871 3341 3940 ἀπηξίωται
3401 3868 3680 3930 διακονίας
3725 3869 3815 3921 καὶ
3865 3883 4035 3935 προε-

2471 3969 2665 4038 δρίας;
2724 3967 2757 4036 ἢ
2810 3967 3032 4026 ταύταις
3090 3963 3236 4032 ἔργῳ
3295 3960 3826 4029 διακεκοσμημένος,
3872 3957 4037 4008 ὁσίων

2465 4060 2750 4128 ἀσκήσεως
2781 4053 3109 4123 ἀπελείφθη,
3138 4054 3230 4105 καὶ
3261 4050 3358 4118 τῆς
3382 4050 3470 4102 διὰ
3505 4049 3621 4112 βίου
3649 4049 3790 4102 κατὰ
3813 4046 4038 4108 τούτους

2464 4149 2885 4218 λαμπρότητος;
2925 4145 3201 4213 Οῦμενουν
3228 4160 3242 4174 ”
3275 4142 3409 4194 ἀλλά
3442 4143 3555 4203 τοῖς
3608 4139 3704 4210 μὲν
3750 4139 4036 4205 ἑπόμενος,

2465 4245 2575 4303 τοῖς
2606 4241 2660 4293 δὲ
2686 4238 3170 4308 ἑ.ξισούμενο;,τῶν
3202 4237 3258 4289 δὲ
3291 4232 3838 4302 προῖστάμενος,ἐστι
3867 4229 3910 4281 δ’
3941 4229 4036 4290 οῦς

2465 4334 2560 4385 καὶ
2581 4330 2952 4399 ὑπερόἀλλων,
2971 4328 3090 4381 οὐδὲ
3112 4325 3255 4379 κατά
3279 4326 3474 4396 βραχὺ,
3498 4321 3726 4390 μόνος,ἥ
3752 4321 3889 4372 πὰνυ
3919 4321 4038 4388 μετ’

2466 4431 2661 4496 ὀλίγων
2689 4430 2756 4480 τὶι
2787 4430 2964 4480 πάντα
3004 4426 3170 4490 τελεῖ,
3204 4425 3297 4476 καὶ
3328 4423 3486 4491 μόνος
3506 4425 3562 4474 ἐν
3593 4420 3772 4489 ἐαυτῷ
3803 4420 3869 4471 τὰ
3903 4418 4041 4470 πάν-

786 4530 888 4570 xus
917 4517 1187 4570 continuit
1217 4525 1400 4583 (prout
1430 4528 1613 4585 postea
1642 4533 1845 4584 sermo,
1872 4519 2241 4589 lleojuvante,
2267 4521 2363 4575 dc—
2395 4553 2439 4609 υ
2466 4539 2537 4575 τω

2290 4521 2363 4575 Ic-
2395 4553 2439 4609 υ
2466 4539 2573 4575 των
2622 4520 2898 4573 συλλαϐὼν
2950 4518 3060 4587 ἔχει
3093 4518 3186 4587 (ὡς
3244 4517 3273 4569 ὁ
3319 4515 3474 4581 λόγος
3517 4513 3724 4582 προιὼν
3765 4511 3860 4563 σὺν
3919 4510 4041 4577 Θεῷ

786 4606 1043 4674 clarabit)
1079 4608 1340 4676 solusque
1380 4610 1635 4663 omnibus
1663 4611 1958 4678 promissas
2003 4613 2217 4682 assequi
2269 4614 2363 4667 be-

787 4701 1127 4754 ne-lirtiones
1154 4701 1351 4770 dignus
1385 4712 1468 4755 est
1495 4703 1736 4756 habitus.

857 4791 967 4847 Nos
999 4809 1127 4863 ergo
1161 4795 1255 4862 qui
1309 4810 1407 4847 nec
1453 4796 1518 4848 de
1567 4810 1674 4849 uno
1703 4797 1946 4864 quidem,
1982 4813 2090 4851 non
2123 4798 2242 4852 diro
2278 4813 2364 4853 or-

787 4887 913 4940 dine
944 4894 1039 4940 aut
1073 4887 1244 4940 choro
1269 4930 1280 4951 ,
1328 4888 1420 4940 sed
1460 4903 1558 4942 nec
1593 4889 1658 4940 de
1692 4904 1798 4941 uno
1833 4891 2124 4958 cujuslibet
2157 4892 2365 4946 ordinis

792 4978 1083 5043 perorandi
1117 4992 1343 5045 cap-tces
1371 4994 1583 5041 sumus,
1611 4979 1738 5046 quid
1767 4982 2031 5042 dicemus,
2076 4990 2127 5032 et
2177 4981 2228 5034 in
2269 4982 2361 5036 tali

788 5069 1057 5122 sermonis
1092 5067 1481 5132 compositione
1511 5108 1523 5126 ,
1564 5071 1625 5120 de
1668 5083 1733 5119 eo
1779 5071 1869 5136 qui
1911 5070 1962 5122 in
2013 5071 2176 5123 unius
2227 5071 2350 5124 vitae

798 5160 1136 5212 divinitatem
1169 5160 1430 5212 divinitus
1480 5161 1722 5212 omnium
1772 5163 2003 5215 virtutes
2055 5163 2366 5229 ordinavit,

795 5255 850 5306 in
889 5255 1144 5306 omnibus
1187 5269 1352 5322 supra
1385 5270 1597 5307 omnem
1649 5255 1859 5308 laudem
1896 5259 2372 5326 supercxaltatns?

790 5345 899 5398 Nos
926 5354 1103 5397 tamen
1142 5355 1295 5414 urget
1331 5359 1426 5412 pro
1472 5354 1736 5412 potestate
1783 5347 1999 5401 dicendi
2034 5348 2363 5402 desiderium

791 5447 844 5490 et
867 5445 1232 5505 opportunum
1261 5453 1567 5491 sermonem
1591 5440 1787 5506 qum-it
1814 5441 2035 5495 occasio
2069 5451 2122 5495 et
2150 5441 2365 5497 instans

792 5533 1027 5586 ollicinm
1063 5531 1227 5584 ellicit
1275 5542 1332 5585 ut
1368 5549 1618 5586 sermone
1652 5535 1912 5587 miremur
1950 5551 2113 5602 supra
2153 5551 2366 5590 omnem

794 5639 1096 5678 sermonem
1129 5626 1382 5693 martyris
1410 5626 1804 5680 cxwdl-nl‘aut.
1838 5628 2141 5681 Inell'abilcs
2170 5643 2371 5682 mercc-

793 5717 890 5769 des
920 5730 947 5767 a
984 5715 1090 5767 Deo
1119 5717 1412 5781 promissas
1446 5717 1691 5770 atnbiens
1713 5759 1725 5778 ,
1767 5720 1887 5770 vit:e
1918 5721 2159 5773 ordinem
2194 5736 2370 5789 quan—

792 5820 908 5860 tum
945 5807 1152 5861 valebat
1184 5818 1372 5862 natura
1404 5820 1852 5875 consentaneum,
1883 5811 1931 5865 id
1965 5822 2046 5867 est
2071 5828 2190 5882 quae
2217 5828 2379 5868 omne

869 5993 912 6024 ³³
944 5992 1087 6048 Psai.
1122 6008 1388 6060 cvxxvttt,
1421 5995 1506 6048 l7.

2472 4611 2855 4682 παραστήσει),
2890 4613 2981 4663 καὶ
3003 4612 3101 4672 τὰς
3124 4609 3480 4678 ὀφειλομένας
3507 4607 3709 4660 ἅπασιν
3761 4605 4042 4673 εὐφημίας

2477 4707 2632 4775 μόνος
2660 4704 2773 4772 ἅμα
2807 4702 3146 4771 καρποῦσθαι
3175 4699 3403 4761 δίκαιος.

2554 4797 2749 4863 Ἡμεῖς
2781 4789 2893 4851 οὖν,
2931 4793 2979 4844 οί
3019 4791 3151 4860 μηδέ
3180 4790 3315 4859 πρὸς
3342 4790 3438 4842 ἐνα
3462 4787 3784 4858 ἀρκοῦντες,
3814 4788 3875 4839 οὐ
3894 4786 4042 4853 λέγω

2473 4888 2710 4958 χορὸν,ἧ
2743 4886 3065 4949 κατάλογον,
3102 4883 3217 4936 ἀλλ’
3269 4882 3393 4934 οἰ)δέ
3419 4881 3555 4949 πρὸς
3592 4881 3684 4933 ἕνα
3723 4879 3817 4932 τοῦ
3872 4895 4043 4931 κατα-

2474 4981 2652 5046 λόγου,
2684 4977 3127 5046 τίῖεροῦμ,εν,καλ¹
3187 4974 3360 5026 ταῦτα
3405 4974 3463 5024 ἐν
3516 4972 3747 5039 τοιούτῳ
3802 4971 4044 5039 σχήματι

2476 5071 2568 5123 τοῦ
2604 5071 2784 5139 λόγου,
2819 5070 2954 5138 πρὸς
2985 5069 3075 5119 τὸν
3109 5069 3174 5121 τὰ
3200 5067 3416 5118 πάντων
3448 5066 3832 5133 ἁρμοσάμενον
3884 5063 4047 5126 θείως

2478 5167 2557 5226 είς
2582 5164 2697 5226 ἐνὸς
2733 5162 2986 5229 θειότητα
3021 5161 3160 5230 βίου,
3209 5161 3302 5211 καὶ
3323 5159 3410 5210 δια
3451 5160 3670 5211 πάντων
3719 5157 3847 5209 ὖντα
3905 5155 4046 5226 πρὸς

2478 5257 2635 5321 ἀξίαν
2656 5256 2997 5324 ἁπρόσιτον;
3041 5253 3103 5305 '0
3145 5254 3331 5322 μέντοι
3369 5249 3534 5313 πόθος
3595 5249 3816 5316 ἐπαίρει
3865 5247 4048 5314 λέγειν

2476 5350 2610 5418 πρὸς
2633 5348 2885 5416 δύναμιν,
2912 5346 3005 5398 κοιλ⁵
3032 5347 3059 5397 6
3094 5344 3283 5412 καιρὸς
3309 5343 3562 5410 ἐπιζητεῖ
3600 5341 3692 5392 τὸν
3711 5340 3929 5408 καίριον
3962 5338 4052 5390 λό·

2475 5460 2591 5509 γον,
2623 5442 2714 5493 καὶ
2735 5442 2795 5494 τὸ
2818 5441 2972 5510 χρέος
2999 5438 3316 5508 βιαζόμενον
3344 5437 3443 5488 οὐκ
3465 5435 3647 5504 ἀνίησι
3675 5434 3749 5504 μὴ
3777 5432 3874 5485 σὺν
3901 5431 4050 5500 λόγῳ

2480 5536 2782 5604 θαυμάζειν
2795 5536 2852 5586 τὸ
2875 5533 3015 5602 ὑπὲρ
3035 5532 3192 5599 λόγον
3209 5532 3456 5600 ὑπάρχον
3479 5527 3767 5598 μεγαλεῖον
3786 5525 3878 5578 τοῦ
3906 5526 3979 5594 μά
3991 5544 4051 5594 ρ-

2479 5648 2539 5680 τυ
2551 5647 2661 5698 ρος.
2698 5628 2804 5681 Καὶ
2824 5630 2928 5697 γὰρ
2951 5624 3368 5693 ἐφιλοτιμήσατο
3390 5623 3506 5682 ταῖς
3539 5620 3675 5690 ὑπὲρ
3691 5618 3845 5686 λόγον
3870 5619 4021 5686 ὑπηγ
4037 5644 4053 5658 -

2479 5724 2766 5792 γελμὲναις
2806 5723 2957 5791 παρὰ
2992 5718 3127 5772 Θεοῦ
3175 5716 3431 5785 ἀμοιϐαῖς
3477 5716 3572 5766 καὶ
3620 5712 3917 5774 πολιτείαν,
3962 5712 4054 5777 ἐφ’

2479 5820 2600 5868 ξσον
2625 5817 2654 5883 ἡ
2680 5813 2839 5883 φύσις
2861 5811 3077 5880 ἐχώρει,
3102 5806 3457 5876 κατάλληλον,
3487 5805 3728 5874 δηλονότι
3761 5804 3937 5857 πάντα
3967 5802 4059 5858 λύ-
