4434 6460
393 384 490 448 541

1721 385 2055 447 HOMILIA
2096 388 2326 448 XLIII.

3550 398 3657 461 [42

386 500 487 569 τῆς
519 499 815 567 παρθενίας
846 492 994 552 αἶνον
1037 499 1241 561 ἐκεῖνος
1289 501 1391 552 οὐκ
1438 497 1584 569 εἷχεο
1629 500 1952 572 παρθενίας,
1989 503 2032 557 Α
2063 502 2131 556 tri

1906 518 1952 564 ς,
1989 502 2230 557 Atrium
2268 501 2527 557 ostendit.
2585 502 2647 557 Et
2699 505 2921 573 quidem
2982 505 3070 560 ille
3120 506 3172 560 in
3224 522 3456 578 corpore
3498 514 3649 580 gravi

387 596 418 665 ἢ
452 595 777 662 στεφανίτην
822 597 886 647 ἐκ
920 595 1064 659 νέου,
1106 595 1200 647 καὶ
1246 595 1345 664 τῆς
1382 594 1599 661 φύσεως
1645 597 1958 666 κρείττονα,

389 688 481 740 καὶ
510 688 623 749 τοῖς
647 687 774 754 περὶ
799 688 931 739 Θεὸν
958 687 1215 754 ἀγγέλοις
1254 688 1557 757 ἐφάμιλλον
1594 689 1833 752 ἀνέδειξε
1870 691 1962 741 τὸν

393 779 726 848 Δημήτριον.
758 780 867 833 Καὶ
888 780 949 831 τὸ
975 779 1134 848 σῶμα
1168 783 1266 849 μὲν
1291 783 1499 842 ἐκεῖνος
1535 782 1750 850 ἐπλήγη
1777 783 1960 851 πληγῇ

398 868 612 939 βαρείᾳ,
642 874 708 939 τῇ
745 871 1005 949 ἀντιθέτῳ
1036 871 1431 940 προσπαλαίων
1465 874 1654 943 κακίᾳ.
1686 867 1855 937 Οὗτος
1884 875 1960 934 δὲ,

398 963 489 1017 καὶ
523 964 718 1032 μέχρις
754 964 985 1032 αἵματος
1017 965 1096 1027 είς
1127 964 1278 1025 τέλος
1306 966 1673 1035 ἀντικατέστη
1702 965 1838 1034 πρὸς
1864 966 1963 1032 τήν

397 1056 601 1108 κακίαν
650 1055 1074 1122 ἀγωνιζόμενος.
1138 1055 1280 1109 Ἀλλ’
1320 1056 1442 1109 οὐδὲ
1473 1057 1572 1125 τὴν
1613 1058 1741 1124 περὶ
1770 1057 1962 1122 λόγους

397 1147 649 1201 παιδείαν
675 1150 703 1200 ὁ
751 1147 874 1201 Ὶὼσ
905 1148 1346 1216 μεμαρτύρηται,
1372 1148 1439 1219 ήν
1469 1144 1615 1218 εἶχεν
1641 1142 1793 1209 οὗτος
1822 1150 1963 1217 μετά

392 1240 490 1306 τῆς
513 1238 606 1291 τοῦ
637 1239 953 1306 Πνεύματος
978 1240 1198 1309 χάριτος
1230 1241 1619 1309 κερασθεῖσαν,
1654 1241 1750 1295 καὶ
1778 1241 1960 1300 ὅπλον.

395 1333 487 1383 καὶ
536 1330 871 1401 ἀμυντήριον
916 1334 1316 1394 ἀνυπόστατον,
1370 1334 1462 1385 καὶ
1498 1333 1840 1402 οἰκοδομικὸν
1874 1335 1964 1402 ἐρ-

397 1424 637 1490 γαλεῖον,
668 1425 764 1477 καὶ
806 1423 1119 1494 γεωργικὴν
1153 1424 1442 1494 σκαπάνην
1492 1426 1586 1477 καὶ
1630 1425 1884 1495 ἄροτρον,
1915 1426 1964 1476 εἰ

398 1515 455 1568 δὲ
516 1514 718 1584 βούλει,
774 1518 868 1570 καὶ
921 1517 1123 1570 δόνακα
1173 1517 1466 1586 γραφικὺν,
1522 1517 1616 1570 καὶ
1651 1515 1963 1584 ἀλιευτικὴν

404 1611 669 1679 σαγήνην,
707 1610 803 1663 καὶ
849 1610 907 1662 σί
952 1628 1005 1662 τι
1040 1610 1279 1663 τοιοῦτον
1309 1609 1529 1668 ἕτερον⁸
1584 1608 1680 1662 νῦν
1733 1610 1831 1678 μὲν
1875 1610 1965 1662 τὸν

399 1699 697 1768 ἀμπελῶνα
718 1700 923 1769 Κυρίου
952 1701 1314 1770 καλλιεργῶν,
1338 1703 1433 1755 καὶ
1449 1704 1519 1757 τὰ
1539 1702 1771 1773 οὐράνια
1798 1718 1966 1756 κατα-

399 1791 728 1861 ϐαλλόμενος
771 1794 851 1856 εἰς
895 1794 1001 1862 γῆν
1033 1795 1345 1866 σπέρματα,
1382 1796 1511 1863 ήτά
1552 1798 1772 1865 ῥήματα
1799 1812 1966 1848 κατα-

401 1886 627 1953 γράφων
671 1886 769 1954 τῆς
800 1887 1021 1940 αἰωνίου
1052 1889 1215 1953 ζωῆς,
1261 1888 1362 1942 οὐκ
1405 1891 1462 1942 ὲν
1502 1890 1666 1956 πλαξὶ
1710 1889 1965 1953 λιθίναις,

383 1976 515 2053 ’ἀλλ’
543 1976 601 2028 ὲν
626 1975 793 2043 πλαξὶ
823 1977 1073 2047 καρδίαις
1104 1978 1414 2047 σαρκίναις,
1441 1980 1561 2041 ταῖς
1580 1996 1642 2045 γε
1667 1978 1845 2043 ἀξίαις
1871 1980 1969 2045 τῆς

400 2068 657 2138 τοιαύτης
688 2070 1075 2139 καταγραφῆς,
1111 2070 1143 2137 ἢ
1181 2072 1246 2139 τῇ
1296 2070 1510 2142 σαγήνῃ
1538 2068 1634 2122 τοῦ
1669 2070 1832 2137 λόγου
1869 2088 1967 2123 πε-

408 2158 757 2227 ριλαμεάνιιιν
822 2158 1267 2226 Θεσσαλονίκην,
1335 2160 1625 2228 Ἀττικὴν’,
1710 2160 1968 2229 Ἀχαΐαν,

409 2248 610 2316 μᾶλλον
635 2248 691 2299 δὲ
717 2249 849 2316 ὅσην
886 2247 980 2302 νῦν
1033 2251 1371 2319 περιϐάλλει,
1415 2251 1508 2303 καὶ
1542 2251 1623 2315 είθς
1653 2253 1786 2321 ὅσην
1829 2254 1969 2319 φθά-

404 2355 483 2389 νει
513 2338 598 2389 διὰ
627 2339 735 2389 τῶν
771 2337 979 2407 μύρων,
1014 2339 1105 2393 καὶ
1142 2339 1249 2392 τῶν
1284 2340 1602 2409 θαυμάτων,
1648 2343 1740 2395 καὶ
1772 2344 1868 2411 τῆς
1914 2345 1970 2395 ὲν

403 2431 568 2483 πᾶσιν
600 2429 861 2498 ἀφθονίας
903 2430 1004 2497 τῆς
1050 2431 1293 2500 χάριτος.
1324 2427 1433 2485 Ἦν
1468 2434 1575 2503 γὰρ
1608 2436 1702 2486 καὶ
1752 2433 1871 2487 τότε
1903 2436 1969 2503 τῇ

403 2520 698 2590 οἰκουμένῃ
733 2519 916 2590 θαῦμα
949 2523 1007 2572 ἐν
1038 2521 1217 2589 λόγοις
1259 2521 1422 2586 θείοις
1457 2525 1792 2594 Δημήτριος,
1830 2525 1971 2578 εὐω-

402 2612 490 2665 δία
522 2613 761 2683 Χριστοῦ
792 2614 931 2667 κατᾶ
970 2614 1179 2667 Παῦλον
1208 2613 1307 2679 ῶν,
1338 2615 1394 2667 ἔν
1414 2633 1471 2668 τε
1502 2618 1611 2679 τοῖς
1643 2615 1973 2684 σωζομένοις

406 2704 500 2757 καὶ
551 2706 608 2756 ὲν
660 2707 771 2766 τοῖς
830 2703 1262 2768 ἀπολλυμένοιςο
1322 2707 1414 2757 καὶ
1471 2708 1584 2767 τοῖς
1661 2705 1759 2773 μὲν
1830 2707 1971 2772 ὀσμὴ

407 2795 637 2848 Θανάτου
670 2797 748 2858 είς
776 2795 1005 2848 Θάνατον
1026 2836 1040 2858 ,
1086 2799 1198 2858 τοῖς
1243 2796 1300 2848 δὲ
1345 2793 1491 2861 ζωῆς
1515 2799 1593 2858 είς
1621 2797 1790 2866 ζωήν.
1829 2796 1973 2850 Ταύ-

406 2905 505 2957 της
541 2890 637 2957 τῆς
674 2889 905 2949 εὐωδίας
949 2888 1186 2957 ἀμοιϐὴν
1225 2889 1323 2956 μὲν
1363 2889 1693 2958 ἀποχρῶσαν
1730 2890 1830 2941 οῦκ
1866 2890 1972 2958 ἔχω

405 2982 590 3049 λέγειν
616 2982 684 3033 τὰ
727 2982 875 3050 παρὰ
919 2981 1053 3033 Θεοῦ
1098 2982 1358 3050 δεδομένα
1404 2984 1555 3051 μύρα
1588 2983 1680 3035 καὶ
1716 2983 1972 3051 θαύματα

407 3077 473 3143 τῇ
506 3073 649 3142 σορῷ
684 3073 775 3126 τοῦ
809 3074 1328 3144 μεγαλομάρτυρος·
1373 3076 1424 3126 τί
1455 3077 1563 3143 γὰρ
1601 3077 1669 3129 τὰ
1702 3077 1965 3146 παρόντα,

2068 594 2223 663 plaga
2260 611 2554 664 percussus
2608 607 2731 662 est,
2786 600 3081 654 contrariae
3129 600 3435 656 colluetans
3474 603 3651 659 fortu-

2066 703 2168 750 nae,
2201 690 2285 743 hic
2325 700 2506 743 autem
2554 705 2725 757 usque
2750 690 2815 743 ad
2848 691 3165 760 sanguinem
3191 693 3243 746 in
3270 692 3429 746 linem
3455 697 3652 749 restitit

2067 780 2336 835 adversus
2372 782 2576 835 malum
2609 782 2903 837 dimicans.
2934 776 3040 837 Sed
3085 797 3183 837 nec
3219 783 3565 852 disciplinam
3597 785 3649 838 in

2067 886 2323 925 sermone
2350 870 2453 926 Joh
2478 873 2803 927 testiﬁcatus
2831 883 2935 937 est,
2964 889 3130 942 quam
3167 874 3269 928 iste
3300 874 3491 929 habuit
3523 875 3679 943 Spio'

2067 963 2208 1015 ritus
2238 964 2415 1031 gratia
2450 972 2812 1029 temperatam
2843 1003 2857 1027 ,
2908 973 3166 1032 tanquam
3208 965 3375 1018 telum
3410 1005 3425 1029 ,
3470 965 3650 1018 muni-

2066 1063 2310 1108 mentum
2368 1055 2826 1124 inexpugnabile,
2859 1056 3160 1111 oratorium
3200 1057 3436 1124 ligonem
3465 1066 3519 1110 et
3558 1072 3652 1111 vo.

2067 1164 2309 1210 merem,
2346 1149 2429 1205 vel
2482 1150 2528 1204 si
2582 1151 2821 1206 volueris
2872 1152 3223 1219 scriptorium
3277 1152 3550 1205 calamum
3596 1160 3652 1206 et

2064 1241 2416 1310 piscatoriam
2461 1257 2718 1311 sagcnam
2757 1253 2809 1296 et
2842 1243 2944 1297 alia
2976 1244 3213 1297 similia:
3249 1257 3394 1296 nunc
3428 1247 3642 1297 vinea‘n

2067 1335 2282 1388 Domini
2313 1336 2442 1389 colit
2470 1376 2483 1398 ,
2517 1334 2830 1390 coelestibus
2865 1336 2917 1389 in
2957 1346 3158 1390 terram
3210 1338 3415 1405 sparsis
3446 1337 3654 1390 simini-

2067 1424 2191 1486 hns,
2223 1423 2308 1478 vel
2344 1425 2507 1479 verba
2536 1423 2661 1479 νίιτε
2692 1439 2910 1480 alternae
2940 1427 3220 1481 conscribi
3274 1442 3380 1481 non
3410 1426 3461 1493 in
3494 1426 3653 1479 taliu-

2066 1516 2131 1571 lis
2162 1516 2410 1584 lapideis,
2476 1519 2569 1572 sed
2611 1518 2664 1571 in
2701 1519 2899 1573 tabulis
2952 1519 3136 1573 cordis
3187 1519 3500 1573 carnalibus
3556 1507 3653 1571 tali

2067 1610 2281 1664 honore
2347 1609 2549 1679 dignis,
2612 1610 2692 1665 vel
2742 1626 2942 1679 sagena
3021 1612 3169 1665 verbi
3225 1610 3647 1680 complectitur!

2069 1701 2541 1766 Thessalonicam,
2582 1702 2818 1756 Atticam
2847 1743 2862 1766 ,
2898 1696 3183 1761 Achaiam.
3217 1717 3313 1757 seu
3350 1702 3533 1770 potius
3569 1708 3652 1752 tot

1996 1827 2043 1887 Β
2071 1796 2319 1863 regiones
2344 1792 2505 1846 hodie
2526 1793 2773 1846 continet
2792 1802 2922 1861 quot
2955 1801 3211 1861 peragrat
3230 1808 3324 1860 per
3350 1801 3651 1861 unguenta,

2075 1902 2169 1955 per
2194 1886 2475 1949 miraCuIa,
2501 1900 2597 1953 per
2626 1885 2875 1938 eximiam
2914 1884 3102 1952 gratia:
3128 1882 3477 1936 ell‘usionem.
3512 1883 3648 1935 Erat

2072 1979 2215 2033 enim
2231 1977 2524 2045 aliquando
2546 1975 2851 2029 Demetrius
2878 1984 3035 2028 terra:
3056 1974 3360 2043 prodigium
3384 1973 3433 2025 in
3455 1971 3656 2025 divinis

2072 2065 2442 2129 sermonibus,
2477 2065 2655 2118 bonus
2688 2065 2824 2118 odor
2850 2063 3074 2126 Christi,
3105 2063 3244 2117 sicut
3270 2063 3343 2116 ait
3366 2061 3650 2123 Paulus“,

2076 2166 2190 2210 tum
2228 2154 2506 2212 salvandis
2540 2164 2655 2209 tum
2698 2154 3076 2224 pereuntibus,
3111 2153 3229 2207 istis
3265 2153 3403 2206 odor
3459 2151 3653 2205 mortis

2073 2250 2125 2302 in
2156 2259 2409 2312 mortem,
2445 2248 2528 2303 his
2556 2249 2691 2302 odor
2713 2247 2833 2301 vitae
2856 2247 2909 2301 in
2941 2248 3128 2300 vitam.
3163 2246 3334 2315 llujus
3360 2246 3486 2299 boni
3514 2245 3653 2299 odo-

2073 2343 2149 2396 ris
2200 2341 2555 2396 sufficientem
2596 2356 2704 2395 non
2734 2339 2911 2394 dicam
2950 2338 3258 2393 mercedem
3299 2353 3327 2391 a
3378 2338 3484 2392 Deo
3514 2354 3652 2407 prae-

2073 2436 2198 2490 stita
2226 2443 2500 2504 unguenta
2528 2448 2580 2489 et
2605 2434 2867 2488 miracula
2898 2434 2952 2486 in
2985 2432 3242 2502 sepulcro
3268 2431 3448 2500 magni
3479 2431 3652 2485 nostri

2075 2529 2328 2597 martyris
2362 2529 2431 2581 ita
2468 2537 2523 2580 nt
2548 2566 2563 2588 ,
2612 2528 2758 2582 sicut
2808 2526 3013 2579 Paulus
3049 2525 3094 2558 "
3130 2524 3303 2589 dicit,
3335 2539 3444 2592 prae
3480 2524 3648 2577 nimia

2075 2620 2245 2689 gloria
2281 2636 2367 2673 res
2401 2620 2688 2688 glorianda
2739 2620 2791 2673 in
2838 2626 3217 2686 contemptum
3249 2617 3485 2670 caderet.
3522 2614 3656 2668 Nam

2073 2712 2202 2780 quid
2236 2712 2549 2779 praesentia,
2581 2710 2683 2765 etsi
2714 2725 2906 2778 magna
2940 2717 2991 2762 et
3019 2708 3310 2771 mirabilia,
3343 2722 3453 2775 pra:
3494 2702 3601 2759 illis
3626 2719 3656 2757 a

2076 2804 2183 2867 Deo
2207 2803 2259 2856 in
2289 2802 2443 2858 cretis
2475 2802 2575 2872 ipsi
2610 2802 2751 2855 datis
2778 2811 2832 2855 et
2862 2800 3223 2855 condonatis‘l
3254 2796 3428 2851 Vultis
3464 2808 3518 2851 ut
3551 2813 3646 2851 v0-

2075 2899 2158 2951 his
2208 2898 2492 2950 ostendam
2530 2898 2691 2951 modo
2733 2897 2991 2949 omnibus
3046 2894 3468 2949 evidentissima
3516 2907 3656 2961 quo-

2077 2986 2238 3041 modo
2272 2987 2360 3041 ille
2390 2987 2567 3041 adhuc
2599 2989 2764 3041 vitam
2799 3003 3065 3057 peragens
3096 2988 3273 3041 bonus
3297 2987 3433 3041 odor
3450 2983 3655 3040 Christi

2080 3078 2290 3131 exstitit
2332 3088 2385 3132 et
2419 3078 2554 3132 odor
2586 3078 2706 3132 vita:
2751 3078 2997 3131 dociliter
3048 3077 3469 3133 obedientihns?
3503 3075 3658 3130 Nunc

408 3160 571 3237 κᾶνῇ
608 3166 819 3233 μεγαλα
848 3166 941 3218 καὶ
990 3154 1300 3235 θαυμαστὰ,
1340 3168 1475 3236 πρὸς
1507 3169 1576 3221 τὰ
1621 3171 1679 3221 ὲν
1724 3171 1971 3236 οὐρανοῖς
2000 3164 2042 3222 C
2076 3171 2159 3238 qui

1903 3172 1971 3231 οἷς
2000 3164 2042 3222 C
2076 3169 2293 3238 quidem
2331 3171 2609 3224 hominum
2643 3169 2852 3222 animas
2881 3169 3173 3236 excolens,
3214 3170 3297 3223 vel
3329 3184 3421 3223 eos
3453 3169 3654 3237 piscari

408 3253 561 3321 παρά
587 3251 722 3304 Θεοῦ
750 3253 842 3304 καὶ
868 3253 1127 3323 δεδομένα
1155 3256 1328 3326 τούτῳ
1360 3256 1451 3309 καὶ
1475 3258 1812 3325 ἀποκείμενα
1835 3274 1850 3323 ;
1886 3259 1977 3311 καὶ

408 3348 479 3417 τῇ
512 3345 785 3416 ὑπερϐολῇ
841 3346 937 3413 τῆς
991 3346 1169 3415 δόξης,
1222 3349 1364 3401 κατά
1413 3349 1621 3401 Παῦλον
1674 3352 1871 3414 εἰπεῖν,
1916 3350 1975 3403 οὐ

408 3437 725 3501 δεδοξάσθαι
763 3438 823 3488 τὸ
866 3437 1287 3507 δεδοξασμένον
1323 3440 1522 3508 δεῖγμα
1548 3440 1602 3492 δὲ
1639 3442 1810 3493 ταῦτα
1842 3442 1978 3494 πᾶν·

410 3546 516 3592 τως
549 3531 657 3591 τοῖς
690 3530 826 3580 πᾶσι
859 3528 1345 3597 περιφανέστατον,
1376 3531 1521 3593 ὅπως
1553 3533 1759 3594 ἐκεῖνος
1793 3533 1871 3585 ἔτι
1901 3533 1979 3603 τῷ

415 3620 516 3690 βίῳ
544 3618 750 3689 περιὼν
779 3618 992 3689 ὑπῆρχε
1025 3618 1261 3688 Χριστοῦ
1294 3619 1510 3682 εὐωδία,
1545 3622 1636 3673 καὶ
1665 3620 1807 3691 ὀσμὴ
1836 3621 1981 3690 ζωῆς

413 3715 527 3774 τοῖς
564 3711 865 3765 ὑπακούειν
916 3713 1391 3781 προαιρουμένοις.
1442 3713 1556 3766 Νῦν
1587 3714 1684 3780 μὲν
1714 3710 1806 3767 οῦν
1838 3714 1982 3767 οὕτω

416 3804 679 3873 γεωργῶν
703 3804 880 3872 ψυχὰς
913 3805 1238 3874 ἀνθρώπων,
1271 3805 1301 3874 ἢ
1337 3805 1566 3873 ζωγρῶν
1594 3806 1815 3867 τούτους
1842 3807 1983 3859 κατὰ

416 3899 517 3967 τὴν
542 3899 636 3951 τοῦ
669 3898 1069 3967 Χριστοῦ,πρὶρς
1099 3898 1300 3968 Πέτρον
1327 3898 1680 3966 ἐπαγγελίαν,
1704 3899 1794 3951 τὸν
1825 3897 1984 3967 λόγον

419 3992 651 4060 ὄργανον
705 3986 817 4059 εῗχε
869 3990 1002 4058 πρὸς
1053 3989 1405 4059 καλλιεργίαν
1458 3993 1551 4044 καὶ
1602 3992 1774 4062 θήραν
1810 3994 1985 4063 σωτή-

422 4098 568 4153 ριον·
601 4081 696 4135 νῦν
726 4081 783 4134 δὲ
809 4082 1111 4149 οἰκοδομῶν
1142 4081 1217 4150 τῷ
1252 4081 1373 4150 Θεῷ
1404 4085 1528 4134 ναῖιν
1559 4082 1623 4134 ἐκ
1657 4082 1820 4135 λίθων
1848 4082 1984 4146 ζών-

420 4192 527 4227 των
555 4174 647 4226 καὶ
680 4175 850 4235 ὄντως
880 4174 1103 4238 τιμίων,
1150 4174 1223 4238 ὡς
1256 4173 1537 4242 ἐργαλεῖον
1565 4170 1679 4243 εἶχε
1712 4175 1804 4227 τὸν
1830 4175 1986 4242 λόγον

423 4267 778 4336 κατάλληλον.
809 4266 935 4318 Ὅτε
978 4266 1032 4318 δὲ
1078 4270 1213 4334 πρίις
1260 4267 1385 4328 τοὺς
1442 4267 1858 4336 ἀντικειμένους
1911 4265 1986 4335 τῷ

424 4358 649 4426 Χριστῷ
690 4358 1003 4426 συνεκρότει
1034 4358 1123 4409 τὸν
1157 4358 1417 4426 πόλεμον,
1460 4360 1555 4411 καὶ¹
1590 4359 1823 4427 μάλιστα
1860 4360 1987 4421 τοὺς

2081 3262 2389 3325 intendens,
2422 3263 2723 3316 secundum
2755 3263 3073 3328 evangelica
3111 3262 3174 3314 ad
3209 3260 3426 3315 Petrum
3462 3262 3651 3324 verba,

2082 3351 2501 3405 instrumentum
2562 3353 2746 3405 habuit
2780 3364 3092 3404 sermonem
3125 3350 3192 3404 ad
3240 3351 3387 3420 illam
3414 3350 3655 3404 sanctis-

2080 3445 2274 3497 simam
2302 3452 2357 3497 et
2393 3444 2689 3497 salutarem
2719 3443 3114 3512 piscationem;
3150 3455 3295 3494 nunc
3325 3455 3452 3494 vero
3487 3440 3657 3494 aedili-

2082 3550 2215 3590 cans
2256 3536 2363 3588 Deo
2397 3536 2655 3602 templum
2688 3550 2750 3587 ex
2786 3533 3057 3601 lapidibus
3091 3533 3226 3586 vivis
3272 3547 3502 3601 vereque
3557 3532 3656 3585 hn-

2084 3642 2215 3681 nore
2242 3625 2421 3694 dignis
2454 3641 2549 3693 pro
2579 3625 2947 3679 instrumento
2972 3638 3282 3679 sermonem
3312 3624 3503 3676 habuit
3529 3638 3658 3677 con-

2086 3726 2430 3772 sentaneum.
2466 3717 2695 3782 Quando
2730 3727 2917 3771 autem
2955 3717 3155 3771 Christi
3189 3717 3518 3770 adversariis
3540 3716 3660 3769 bel-

2086 3812 2194 3865 lum
2228 3812 2605 3875 denuntiabat,
2633 3810 2932 3879 przcsertim
2958 3810 3264 3863 visibilibus
3296 3808 3386 3862 Dei
3422 3808 3660 3860 inimicis

2086 3919 2181 3969 per
2213 3904 2514 3958 invisibiles
2551 3904 2823 3972 impulsis,
2854 3903 3036 3956 omnia
3071 3912 3187 3956 erat
3236 3902 3314 3955 illi
3358 3916 3545 3955 sermo
3580 3899 3662 3952 di-

2087 4000 2213 4051 vino
2249 3996 2457 4065 Spiritu
2492 3998 2789 4065 inspiratus
2823 4005 2876 4050 ct
2909 3997 3227 4050 enuntiatus
3258 4006 3313 4049 et
3356 3996 3662 4048 instructus

2088 4100 2139 4142 et
2178 4096 2301 4157 apte
2332 4104 2428 4157 pro
2453 4089 2846 4143 commoditate
2880 4088 3198 4157 dispositus,
3252 4087 3323 4139 ita
3370 4095 3470 4147 ut,
3520 4082 3662 4137 sicut

2088 4180 2350 4247 scriptum
2388 4186 2489 4240 est,
2532 4178 2597 4231 de
2630 4178 2804 4245 primo
2839 4179 2979 4230 inter
3018 4187 3283 4246 martyres
3310 4184 3610 4244 pugnatore
3641 4215 3656 4237 ,

2090 4272 2273 4325 nullus
2305 4282 2417 4324 erat
2441 4271 2534 4339 qui
2568 4271 2843 4323 resisteret
2875 4268 3130 4322 Demetrii
3157 4268 3438 4335 sapientia:
3466 4275 3518 4320 et
3546 4264 3663 4333 Spi-

2090 4362 2217 4414 ritui
2246 4362 2333 4430 qui
2361 4376 2455 4429 per
2478 4376 2602 4413 eum
2630 4362 2975 4428 loquebatur.
3012 4361 3119 4428 Ego
3144 4360 3358 4427 quidem
3390 4372 3485 4427 per
3512 4357 3659 4409 illaut

422 4450 509 4503 διὰ
552 4449 659 4501 τῶν
706 4449 958 4517 ἀοράτων
1004 4450 1434 4518 ἐνεργουμένους
1474 4451 1701 4520 ὁρατοὺς
1746 4452 1826 4520 τῷ
1870 4450 1987 4521 Θεῴ
2018 4489 2069 4547 D
2096 4456 2165 4507 mi

1908 4450 1987 4521 ’εῴ
2018 4489 2069 4547 D
2096 4455 2388 4508 militari-tn
2430 4454 2692 4518 tunicam,
2727 4469 2822 4522 per
2872 4454 3021 4505 illnnt
3062 4454 3111 4503 in
3149 4467 3308 4503 manu
3356 4448 3617 4504 annulum
3646 4488 3659 4509 ,

424 4542 739 4610 πολεμίους,
774 4543 951 4595 πάντα
992 4537 1060 4611 ἦν
1090 4545 1116 4595 ὀ
1150 4543 1507 4611 λόγοςσαύτῷ,
1539 4543 1669 4611 θείῳ
1718 4545 1990 4609 πνεύματι

424 4634 518 4688 καὶ
544 4635 973 4702 χορηγούμενος,
1012 4636 1105 4688 καὶ
1134 4635 1477 4705 κινούμενος.
1510 4636 1606 4689 καὶ
1644 4637 1987 4705 τονούμενος,

428 4726 825 4794 ρυθμιζόμενός
876 4744 935 4778 τε
997 4727 1090 4778 καὶ
1147 4728 1687 4797 μετασκευαζόμενςς
1744 4730 1879 4797 πρὸς
1932 4730 1991 4780 τὸ

425 4817 723 4888 χοήσιμον.
750 4819 861 4871 Kal.
890 4818 1033 4872 οῦτω
1060 4820 1201 4872 κατά
1228 4820 1287 4872 τὸ
1310 4820 1699 4889 γεγραμμένον
1741 4821 1872 4890 περὶ
1901 4821 1988 4872 τοῦ

424 4907 889 4977 πρωταγωνιστοῦ
934 4908 1043 4960 τῶν
1085 4909 1399 4979 μαρτύρων.
1441 4911 1617 4972 οὐδεὶς
1649 4906 1794 4979 εἶχεν
1841 4914 1991 4963 αντι-

2100 4562 2196 4615 per
2229 4546 2374 4599 illam
2405 4545 2753 4600 consularem
2812 4553 2986 4612 togam
3032 4558 3193 4611 quam
3229 4550 3435 4611 martyr
3473 4556 3502 4592 a
3539 4554 3663 4608 rege

2099 4630 2416 4707 acceperat,
2466 4637 2707 4707 symbola
2757 4636 3061 4704 explevisse
3115 4648 3312 4689 censeo
3365 4633 3663 4686 doctoralis

2102 4732 2277 4784 laudis
2309 4740 2361 4783 et
2394 4730 2763 4798 pra:mgativ:e
2798 4743 2826 4780 a
2855 4744 2980 4782 vero
3010 4727 3155 4795 [lege
3183 4726 3409 4796 martyri
3440 4724 3667 4793 mystice

2100 4820 2407 4887 impertitw.
2442 4818 2563 4886 ldeq
2593 4819 2774 4869 divina
2809 4818 2899 4870 Dei
2934 4816 3105 4884 gratia
3137 4832 3242 4869 non
3274 4830 3438 4884 parra
3474 4829 3569 4883 per
3603 4828 3665 4867 ea

2101 4911 2277 4961 serius
2315 4908 2544 4977 patravit
2576 4908 2858 4962 miracula.

426 5007 619 5075 στῆναι
648 5008 711 5073 τῇ
749 5004 842 5056 τοῦ
877 5005 1189 5075 Δημητρίου
1225 5005 1407 5074 σοφίᾳ,
1450 5008 1544 5059 καὶ
1577 5006 1653 5074 τῷ
1692 5006 1984 5075 πνέᾶματι,
2017 4997 2058 5072 ᾧ
2088 5005 2287 5057 ἐλάλει.
2332 5004 2474 5072 Ἐγὼ
2508 5004 2601 5055 καὶ
2651 5003 2751 5070 τὴν
2789 5001 3187 5070 στρατιωτικὴν
3266 5001 3458 5068 στολήν
3483 5038 3495 5061 ,
3575 4996 3669 5048 καὶ

424 5096 519 5151 τὸν
540 5099 597 5148 ἐν
630 5099 695 5164 τῇ
747 5098 892 5164 χειρὶ
928 5095 1235 5161 δακτύλιον,
1292 5098 1512 5150 καὶτὸν
1548 5100 1813 5152 ὑπατικὸν
1885 5099 2197 5169 ὼρατίωνα,
2268 5103 2325 5153 ὃν
2380 5104 2406 5152 ὁ
2453 5099 2663 5167 μάρτυς
2725 5098 2983 5158 ἀνεδεῖτο,
3019 5097 3171 5166 παρὰ
3214 5094 3307 5147 τοῦ
3374 5092 3672 5162 τηνικαῦτα

428 5191 693 5259 βασιλέως
724 5191 782 5241 τὸ
807 5191 993 5259 σχῆμα
1023 5190 1225 5257 λαϐὼν,
1263 5192 1507 5259 σύμϐολα
1534 5194 1750 5245 τελέσαι
1794 5194 2080 5261 λογίζομαι
2125 5196 2223 5263 τῆς
2257 5195 2403 5262 παρὰ
2440 5194 2531 5245 τοῦ
2598 5194 2765 5255 ὅντως
2842 5192 3105 5261 βασιλέως
3177 5190 3458 5259 μυστικῶς
3524 5189 3671 5240 δεδο-

432 5285 599 5353 μένης
649 5284 1033 5351 διδασκαλικῆς
1079 5284 1233 5347 ἀξίας
1268 5286 1361 5336 καὶ
1408 5286 1701 5353 προεδρίας
1735 5287 1808 5356 cf;
1860 5289 2119 5356 μάρτυρι.
2174 5287 2265 5339 Διὸ
2305 5288 2395 5339 καὶ
2450 5284 2611 5355 ἠτοῦ
2654 5284 2787 5336 Θεοῦ
2824 5283 2943 5335 θεία
3010 5282 3171 5352 χάρις
3231 5283 3331 5332 οὐκ
3401 5280 3555 5347 ὀλίγα
3604 5268 3669 5332 δι’

426 5377 606 5432 αὐτῶν
639 5378 801 5429 τεθαυ
812 5379 983 5445 ματού
995 5395 1200 5448 ργηκεν
1232 5378 1358 5431 ’ύστε
1370 5396 1483 5447 ρον.

502 5470 654 5522 Ἔδει
703 5469 759 5521 δὲ
794 5470 1014 5533 πάντως
1049 5471 1139 5523 τὸν
1185 5471 1421 5540 ὲξαρχῆς
1470 5472 1771 5525 ἀπατεῶνα
1819 5472 2001 5540 σοφῶς

430 5560 786 5629 ἠπατῆσθαι,
851 5562 937 5612 ἴνα
1024 5562 1099 5630 μὴ
1172 5562 1280 5627 πρὸ
1347 5562 1542 5633 καιροῦ
1612 5563 1703 5615 τὶν
1775 5563 2002 5616 θάνατον

432 5652 745 5722 συσκευάσας]
765 5651 842 5721 τῷ
871 5652 1136 5722 μάρτυρι,
1169 5654 1261 5706 καὶ
1284 5655 1310 5706 ὁ
1341 5655 1438 5723 τῆς
1468 5656 1688 5707 αίωνίου
1716 5656 2002 5725 amem;

430 5744 665 5814 καρπὸς,
720 5745 886 5814 μήπω
921 5746 1150 5812 πεφθεὶς
1204 5748 1283 5812 εἰς
1318 5748 1499 5811 τέλος,
1539 5748 1873 5818 ὲκτρυγηθῇ,
1908 5747 2003 5800 καὶ

604 5926 773 5982 lCer.
806 5942 875 5992 lt,
928 5928 1003 5981 l‘j.
1089 5929 1129 5959 ³³
1161 5927 1389 5998 Pirl'pp
1434 5945 1513 5995 ιιι,
1550 5930 1600 5981 ³3.

2183 5470 2286 5525 Sed
2317 5466 2605 5535 oportebat
2632 5464 2854 5520 omnino
2882 5464 3291 5519 fraudulentum
3317 5480 3346 5518 a
3401 5464 3673 5532 principio

2108 5565 2383 5633 sapienter
2415 5560 2597 5615 deludi
2631 5575 2699 5612 ne
2727 5558 2851 5612 data
2895 5561 3207 5624 ot'casione,
3244 5566 3470 5612 mortem
3529 5571 3677 5610 uiar-

2112 5657 2215 5727 tyri
2244 5655 2653 5708 tnachinaretnr
2683 5669 2695 5718 ;
2728 5662 2781 5707 et
2812 5651 3051 5706 thesauri
3082 5655 3267 5703 :t-terui
3300 5650 3506 5702 lrnctns
3536 5662 3677 5699 nm:-

2113 5750 2237 5800 dum
2289 5743 2528 5813 perfecte
2566 5756 2813 5798 tna'urns
2857 5742 3283 5795 vintlctniaretttr
3333 5748 3387 5791 rt.
3429 5737 3677 5807 corporis
