  <div class='ocr_page' id='page_1' title='image "/cluster/home/n/w/nwhite01/storage/ocr_20150623/151/nnc1.0022106707/282.png"; bbox 0 0 4434 6460; ppageno 0'>
   <div class='ocr_carea' id='block_1_1' title="bbox 368 400 474 467">
    <p class='ocr_par' dir='ltr' id='par_1_1' title="bbox 368 400 474 467">
     <span class='ocr_line' id='line_1_1' title="bbox 368 400 474 467; baseline -0.009 -1"><span class='ocrx_word' id='word_1_1' title='bbox 368 400 474 467; x_wconf 68' lang='grc'><strong>545</strong></span> 
     </span>
    </p>
   </div>
   <div class='ocr_carea' id='block_1_2' title="bbox 1711 386 2290 449">
    <p class='ocr_par' dir='ltr' id='par_1_2' title="bbox 1711 386 2290 449">
     <span class='ocr_line' id='line_1_2' title="bbox 1711 386 2290 449; baseline -0.007 0"><span class='ocrx_word' id='word_1_2' title='bbox 1711 387 2038 449; x_wconf 69' lang='lat' dir='ltr'><strong>IlOMlLIA</strong></span> <span class='ocrx_word' id='word_1_3' title='bbox 2073 386 2290 447; x_wconf 86' lang='lat' dir='ltr'><strong>XLIII.</strong></span> 
     </span>
    </p>
   </div>
   <div class='ocr_carea' id='block_1_3' title="bbox 3511 389 3615 459">
    <p class='ocr_par' dir='ltr' id='par_1_3' title="bbox 3511 389 3615 459">
     <span class='ocr_line' id='line_1_3' title="bbox 3511 389 3615 459; baseline -0.01 -1"><span class='ocrx_word' id='word_1_4' title='bbox 3511 389 3615 459; x_wconf 67' lang='lat'><em>566</em></span> 
     </span>
    </p>
   </div>
   <div class='ocr_carea' id='block_1_4' title="bbox 444 498 2195 584">
    <p class='ocr_par' dir='ltr' id='par_1_4' title="bbox 444 502 2191 584">
     <span class='ocr_line' id='line_1_4' title="bbox 444 502 2191 584; baseline -0.011 -9"><span class='ocrx_word' id='word_1_5' title='bbox 444 519 553 575; x_wconf 74' lang='grc' dir='ltr'>Καὶ</span> <span class='ocrx_word' id='word_1_6' title='bbox 591 516 644 571; x_wconf 87' lang='grc' dir='ltr'><strong>τί</strong></span> <span class='ocrx_word' id='word_1_7' title='bbox 669 516 748 570; x_wconf 76' lang='grc' dir='ltr'><strong>δεῖ</strong></span> <span class='ocrx_word' id='word_1_8' title='bbox 776 515 978 584; x_wconf 79' lang='grc' dir='ltr'>λέγειν,</span> <span class='ocrx_word' id='word_1_9' title='bbox 1014 510 1109 565; x_wconf 85' lang='grc' dir='ltr'><strong>τοῦ</strong></span> <span class='ocrx_word' id='word_1_10' title='bbox 1150 508 1348 580; x_wconf 82' lang='grc' dir='ltr'>καιροῦ</span> <span class='ocrx_word' id='word_1_11' title='bbox 1399 508 1584 580; x_wconf 75' lang='grc' dir='ltr'>μακρὰ</span> <span class='ocrx_word' id='word_1_12' title='bbox 1632 507 1813 576; x_wconf 79' lang='grc' dir='ltr'>λέγειν</span> <span class='ocrx_word' id='word_1_13' title='bbox 1863 506 1939 577; x_wconf 81' lang='grc' dir='ltr'><strong>μή</strong></span> <span class='ocrx_word' id='word_1_14' title='bbox 1970 514 2013 566; x_wconf 73' lang='grc' dir='ltr'><strong>Α</strong></span> <span class='ocrx_word' id='word_1_15' title='bbox 2110 502 2191 569; x_wconf 88' lang='lat' dir='ltr'><strong>Qu</strong></span> 
     </span>
    </p>
   </div>
   <div class='ocr_carea' id='block_1_5' title="bbox 1863 498 3614 584">
    <p class='ocr_par' dir='ltr' id='par_1_5' title="bbox 1863 498 3614 577">
     <span class='ocr_line' id='line_1_5' title="bbox 1863 498 3614 577; baseline 0.001 -22"><span class='ocrx_word' id='word_1_16' title='bbox 1863 506 1939 577; x_wconf 79' lang='grc' dir='ltr'>μὴ</span> <span class='ocrx_word' id='word_1_17' title='bbox 1970 514 2013 566; x_wconf 72' lang='grc' dir='ltr'><strong>Α</strong></span> <span class='ocrx_word' id='word_1_18' title='bbox 2110 502 2252 569; x_wconf 87' lang='lat' dir='ltr'><strong>Quid</strong></span> <span class='ocrx_word' id='word_1_19' title='bbox 2309 501 2375 555; x_wconf 80' lang='lat' dir='ltr'><strong>ad</strong></span> <span class='ocrx_word' id='word_1_20' title='bbox 2440 500 2553 555; x_wconf 79' lang='lat' dir='ltr'><strong>lucc</strong></span> <span class='ocrx_word' id='word_1_21' title='bbox 2595 498 2891 571; x_wconf 79' lang='lat' dir='ltr'><strong>adjiciam?</strong></span> <span class='ocrx_word' id='word_1_22' title='bbox 2932 512 3057 553; x_wconf 86' lang='lat' dir='ltr'><strong>eum</strong></span> <span class='ocrx_word' id='word_1_23' title='bbox 3118 506 3332 570; x_wconf 88' lang='lat' dir='ltr'><strong>tempus</strong></span> <span class='ocrx_word' id='word_1_24' title='bbox 3379 502 3614 559; x_wconf 88' lang='lat' dir='ltr'><strong>orationi</strong></span> 
     </span>
    </p>
   </div>
   <div class='ocr_carea' id='block_1_6' title="bbox 375 599 1939 682">
    <p class='ocr_par' dir='ltr' id='par_1_6' title="bbox 375 599 1939 682">
     <span class='ocr_line' id='line_1_6' title="bbox 375 599 1939 682; baseline -0.01 -16"><span class='ocrx_word' id='word_1_25' title='bbox 375 610 828 682; x_wconf 79' lang='grc' dir='ltr'>συγχωροῦντοςς</span> <span class='ocrx_word' id='word_1_26' title='bbox 866 607 1010 661; x_wconf 79' lang='grc' dir='ltr'>Ἰστε</span> <span class='ocrx_word' id='word_1_27' title='bbox 1058 605 1155 674; x_wconf 78' lang='grc' dir='ltr'>τὴν</span> <span class='ocrx_word' id='word_1_28' title='bbox 1204 601 1470 673; x_wconf 73' lang='grc' dir='ltr'>ἀναϐολὴν</span> <span class='ocrx_word' id='word_1_29' title='bbox 1519 599 1613 653; x_wconf 86' lang='grc' dir='ltr'><strong>τοῦ</strong></span> <span class='ocrx_word' id='word_1_30' title='bbox 1652 599 1939 669; x_wconf 85' lang='grc' dir='ltr'>τυράννου,</span> 
     </span>
    </p>
   </div>
   <div class='ocr_carea' id='block_1_7' title="bbox 375 690 1942 775">
    <p class='ocr_par' dir='ltr' id='par_1_7' title="bbox 375 690 1942 775">
     <span class='ocr_line' id='line_1_7' title="bbox 375 690 1942 775; baseline -0.01 -16"><span class='ocrx_word' id='word_1_31' title='bbox 375 706 471 760; x_wconf 75' lang='grc' dir='ltr'><strong>καὶ</strong></span> <span class='ocrx_word' id='word_1_32' title='bbox 492 706 590 775; x_wconf 77' lang='grc' dir='ltr'>τὴν</span> <span class='ocrx_word' id='word_1_33' title='bbox 624 701 904 772; x_wconf 83' lang='grc' dir='ltr'>κάθειρξιν</span> <span class='ocrx_word' id='word_1_34' title='bbox 936 698 1273 769; x_wconf 78' lang='grc' dir='ltr'><strong>Δημητρίου,</strong></span> <span class='ocrx_word' id='word_1_35' title='bbox 1306 697 1401 748; x_wconf 79' lang='grc' dir='ltr'>καὶ</span> <span class='ocrx_word' id='word_1_36' title='bbox 1436 694 1527 748; x_wconf 77' lang='grc' dir='ltr'><strong>τὸν</strong></span> <span class='ocrx_word' id='word_1_37' title='bbox 1570 690 1819 762; x_wconf 81' lang='grc' dir='ltr'>Νέστορα</span> <span class='ocrx_word' id='word_1_38' title='bbox 1851 691 1942 743; x_wconf 73' lang='grc' dir='ltr'>ἐπὶ</span> 
     </span>
    </p>
   </div>
   <div class='ocr_carea' id='block_1_8' title="bbox 376 782 1944 859">
    <p class='ocr_par' dir='ltr' id='par_1_8' title="bbox 376 782 1944 859">
     <span class='ocr_line' id='line_1_8' title="bbox 376 782 1944 859; baseline -0.011 -10"><span class='ocrx_word' id='word_1_39' title='bbox 376 795 609 859; x_wconf 78' lang='grc' dir='ltr'><strong>τούτοις,</strong></span> <span class='ocrx_word' id='word_1_40' title='bbox 658 793 751 846; x_wconf 76' lang='grc' dir='ltr'><strong>καὶ</strong></span> <span class='ocrx_word' id='word_1_41' title='bbox 794 792 895 859; x_wconf 78' lang='grc' dir='ltr'><strong>τήν</strong></span> <span class='ocrx_word' id='word_1_42' title='bbox 929 791 1066 859; x_wconf 77' lang='grc' dir='ltr'>πρὸς</span> <span class='ocrx_word' id='word_1_43' title='bbox 1098 787 1260 842; x_wconf 80' lang='grc' dir='ltr'>αὐτὸν</span> <span class='ocrx_word' id='word_1_44' title='bbox 1308 784 1405 838; x_wconf 85' lang='grc' dir='ltr'><strong>τοῦ</strong></span> <span class='ocrx_word' id='word_1_45' title='bbox 1450 782 1944 853; x_wconf 85' lang='grc' dir='ltr'>μεγαλομάρτυρος</span> 
     </span>
    </p>
   </div>
   <div class='ocr_carea' id='block_1_9' title="bbox 379 873 1945 956">
    <p class='ocr_par' dir='ltr' id='par_1_9' title="bbox 379 873 1945 956">
     <span class='ocr_line' id='line_1_9' title="bbox 379 873 1945 956; baseline -0.009 -18"><span class='ocrx_word' id='word_1_46' title='bbox 379 885 739 956; x_wconf 66' lang='grc' dir='ltr'>προφητείαν,</span> <span class='ocrx_word' id='word_1_47' title='bbox 768 882 856 936; x_wconf 82' lang='grc' dir='ltr'>καὶ</span> <span class='ocrx_word' id='word_1_48' title='bbox 880 896 978 951; x_wconf 79' lang='grc' dir='ltr'><strong>την</strong></span> <span class='ocrx_word' id='word_1_49' title='bbox 999 883 1119 934; x_wconf 82' lang='grc' dir='ltr'>κατ’</span> <span class='ocrx_word' id='word_1_50' title='bbox 1145 877 1313 947; x_wconf 78' lang='grc' dir='ltr'>αὐτὴν</span> <span class='ocrx_word' id='word_1_51' title='bbox 1340 877 1550 930; x_wconf 85' lang='grc' dir='ltr'>ἐκείνου</span> <span class='ocrx_word' id='word_1_52' title='bbox 1578 874 1718 928; x_wconf 84' lang='grc' dir='ltr'><strong>κατά</strong></span> <span class='ocrx_word' id='word_1_53' title='bbox 1747 873 1945 927; x_wconf 67' lang='grc' dir='ltr'>Λυκίου</span> 
     </span>
    </p>
   </div>
   <div class='ocr_carea' id='block_1_10' title="bbox 380 962 1948 1047">
    <p class='ocr_par' dir='ltr' id='par_1_10' title="bbox 380 962 1948 1047">
     <span class='ocr_line' id='line_1_10' title="bbox 380 962 1948 1047; baseline -0.008 -16"><span class='ocrx_word' id='word_1_54' title='bbox 380 980 560 1047; x_wconf 84' lang='grc' dir='ltr'>νίκην,</span> <span class='ocrx_word' id='word_1_55' title='bbox 595 977 689 1028; x_wconf 77' lang='grc' dir='ltr'>καὶ</span> <span class='ocrx_word' id='word_1_56' title='bbox 715 975 777 1027; x_wconf 77' lang='grc' dir='ltr'><strong>τδ</strong></span> <span class='ocrx_word' id='word_1_57' title='bbox 815 974 1138 1044; x_wconf 88' lang='grc' dir='ltr'>μαρτύριον.</span> <span class='ocrx_word' id='word_1_58' title='bbox 1193 968 1334 1021; x_wconf 79' lang='grc' dir='ltr'>’Δλλ’</span> <span class='ocrx_word' id='word_1_59' title='bbox 1371 970 1445 1031; x_wconf 83' lang='grc' dir='ltr'>ὡς</span> <span class='ocrx_word' id='word_1_60' title='bbox 1477 962 1615 1021; x_wconf 73' lang='grc' dir='ltr'>εἶδεν</span> <span class='ocrx_word' id='word_1_61' title='bbox 1641 967 1669 1018; x_wconf 99' lang='lat'><strong>6</strong></span> <span class='ocrx_word' id='word_1_62' title='bbox 1709 968 1948 1037; x_wconf 77' lang='grc' dir='ltr'>ἀρχέκα·</span> 
     </span>
    </p>
   </div>
   <div class='ocr_carea' id='block_1_11' title="bbox 382 1053 1950 1133">
    <p class='ocr_par' dir='ltr' id='par_1_11' title="bbox 382 1053 1950 1133">
     <span class='ocr_line' id='line_1_11' title="bbox 382 1053 1950 1133; baseline -0.013 -13"><span class='ocrx_word' id='word_1_63' title='bbox 382 1084 474 1129; x_wconf 92' lang='grc' dir='ltr'><strong>κος</strong></span> <span class='ocrx_word' id='word_1_64' title='bbox 522 1066 647 1133; x_wconf 74' lang='grc' dir='ltr'>δφις</span> <span class='ocrx_word' id='word_1_65' title='bbox 678 1063 1151 1133; x_wconf 82' lang='grc' dir='ltr'><strong>παρατεινομένην</strong></span> <span class='ocrx_word' id='word_1_66' title='bbox 1194 1058 1293 1128; x_wconf 79' lang='grc' dir='ltr'>τὴν</span> <span class='ocrx_word' id='word_1_67' title='bbox 1338 1055 1605 1125; x_wconf 79' lang='grc' dir='ltr'>ἀναϐολὴν</span> <span class='ocrx_word' id='word_1_68' title='bbox 1630 1053 1721 1106; x_wconf 89' lang='grc' dir='ltr'><strong>τοῦ</strong></span> <span class='ocrx_word' id='word_1_69' title='bbox 1752 1054 1950 1122; x_wconf 84' lang='grc' dir='ltr'>τυράν-</span> 
     </span>
    </p>
   </div>
   <div class='ocr_carea' id='block_1_12' title="bbox 383 1144 1950 1222">
    <p class='ocr_par' dir='ltr' id='par_1_12' title="bbox 383 1144 1950 1222">
     <span class='ocr_line' id='line_1_12' title="bbox 383 1144 1950 1222; baseline -0.008 -9"><span class='ocrx_word' id='word_1_70' title='bbox 383 1178 498 1222; x_wconf 58' lang='grc' dir='ltr'>νου,</span> <span class='ocrx_word' id='word_1_71' title='bbox 555 1158 715 1220; x_wconf 75' lang='grc' dir='ltr'>αὐτὸς</span> <span class='ocrx_word' id='word_1_72' title='bbox 767 1156 823 1208; x_wconf 79' lang='grc' dir='ltr'><strong>δέ</strong></span> <span class='ocrx_word' id='word_1_73' title='bbox 856 1155 959 1207; x_wconf 86' lang='grc' dir='ltr'><strong>ούκ</strong></span> <span class='ocrx_word' id='word_1_74' title='bbox 1008 1154 1205 1222; x_wconf 77' lang='grc' dir='ltr'>ἔφερεν</span> <span class='ocrx_word' id='word_1_75' title='bbox 1251 1151 1330 1203; x_wconf 72' lang='grc' dir='ltr'>ἔτι</span> <span class='ocrx_word' id='word_1_76' title='bbox 1366 1149 1545 1213; x_wconf 82' lang='grc' dir='ltr'>ζῶντα</span> <span class='ocrx_word' id='word_1_77' title='bbox 1577 1148 1799 1218; x_wconf 83' lang='grc' dir='ltr'><strong>βλέπειν</strong></span> <span class='ocrx_word' id='word_1_78' title='bbox 1856 1144 1950 1200; x_wconf 84' lang='grc' dir='ltr'>ἐπὶ</span> 
     </span>
    </p>
   </div>
   <div class='ocr_carea' id='block_1_13' title="bbox 384 1240 1950 1321">
    <p class='ocr_par' dir='ltr' id='par_1_13' title="bbox 384 1240 1950 1321">
     <span class='ocr_line' id='line_1_13' title="bbox 384 1240 1950 1321; baseline -0.008 -16"><span class='ocrx_word' id='word_1_79' title='bbox 384 1252 508 1321; x_wconf 77' lang='grc' dir='ltr'>γῆς,</span> <span class='ocrx_word' id='word_1_80' title='bbox 540 1251 631 1304; x_wconf 70' lang='grc' dir='ltr'><strong>τὸν</strong></span> <span class='ocrx_word' id='word_1_81' title='bbox 681 1248 777 1302; x_wconf 74' lang='grc' dir='ltr'>καὶ</span> <span class='ocrx_word' id='word_1_82' title='bbox 830 1248 938 1316; x_wconf 74' lang='grc' dir='ltr'><strong>πρὸ</strong></span> <span class='ocrx_word' id='word_1_83' title='bbox 970 1249 1068 1314; x_wconf 81' lang='grc' dir='ltr'>τῆς</span> <span class='ocrx_word' id='word_1_84' title='bbox 1121 1243 1456 1306; x_wconf 70' lang='grc' dir='ltr'><strong>τελειώσεως</strong></span> <span class='ocrx_word' id='word_1_85' title='bbox 1502 1241 1596 1296; x_wconf 83' lang='grc' dir='ltr'><strong>τοῦ</strong></span> <span class='ocrx_word' id='word_1_86' title='bbox 1646 1240 1950 1311; x_wconf 81' lang='grc' dir='ltr'>μαρτυρίου</span> 
     </span>
    </p>
   </div>
   <div class='ocr_carea' id='block_1_14' title="bbox 389 1330 1953 1415">
    <p class='ocr_par' dir='ltr' id='par_1_14' title="bbox 389 1330 1953 1415">
     <span class='ocr_line' id='line_1_14' title="bbox 389 1330 1953 1415; baseline -0.01 -17"><span class='ocrx_word' id='word_1_87' title='bbox 389 1348 563 1415; x_wconf 82' lang='grc' dir='ltr'>μέγαν</span> <span class='ocrx_word' id='word_1_88' title='bbox 594 1344 928 1413; x_wconf 82' lang='grc' dir='ltr'>Δημήτριον,</span> <span class='ocrx_word' id='word_1_89' title='bbox 967 1337 1227 1408; x_wconf 77' lang='grc' dir='ltr'>σκορπίον</span> <span class='ocrx_word' id='word_1_90' title='bbox 1253 1334 1475 1398; x_wconf 78' lang='grc' dir='ltr'>ὑποδὺς,</span> <span class='ocrx_word' id='word_1_91' title='bbox 1512 1331 1840 1399; x_wconf 85' lang='grc' dir='ltr'>προσϐάλλει</span> <span class='ocrx_word' id='word_1_92' title='bbox 1876 1330 1953 1402; x_wconf 79' lang='grc' dir='ltr'><strong>τῷ</strong></span> 
     </span>
    </p>
   </div>
   <div class='ocr_carea' id='block_1_15' title="bbox 393 1424 1953 1507">
    <p class='ocr_par' dir='ltr' id='par_1_15' title="bbox 393 1424 1953 1507">
     <span class='ocr_line' id='line_1_15' title="bbox 393 1424 1953 1507; baseline -0.008 -19"><span class='ocrx_word' id='word_1_93' title='bbox 393 1438 657 1507; x_wconf 78' lang='grc' dir='ltr'>μάρτυρι,</span> <span class='ocrx_word' id='word_1_94' title='bbox 709 1433 809 1502; x_wconf 78' lang='grc' dir='ltr'>οὐχ</span> <span class='ocrx_word' id='word_1_95' title='bbox 865 1430 940 1493; x_wconf 84' lang='grc' dir='ltr'>ὡς</span> <span class='ocrx_word' id='word_1_96' title='bbox 991 1428 1361 1499; x_wconf 81' lang='grc' dir='ltr'>ἀπατήσωνῆ</span> <span class='ocrx_word' id='word_1_97' title='bbox 1417 1426 1643 1493; x_wconf 84' lang='grc' dir='ltr'>θέλξων,</span> <span class='ocrx_word' id='word_1_98' title='bbox 1698 1424 1953 1496; x_wconf 89' lang='grc' dir='ltr'>καθάπερ</span> 
     </span>
    </p>
   </div>
   <div class='ocr_carea' id='block_1_16' title="bbox 390 1519 1956 1594">
    <p class='ocr_par' dir='ltr' id='par_1_16' title="bbox 390 1519 1956 1594">
     <span class='ocr_line' id='line_1_16' title="bbox 390 1519 1956 1594; baseline -0.008 -11"><span class='ocrx_word' id='word_1_99' title='bbox 390 1528 639 1583; x_wconf 74' lang='grc' dir='ltr'>ποτέδιὰ</span> <span class='ocrx_word' id='word_1_100' title='bbox 669 1525 764 1580; x_wconf 87' lang='grc' dir='ltr'><strong>τοῦ</strong></span> <span class='ocrx_word' id='word_1_101' title='bbox 816 1524 992 1594; x_wconf 73' lang='grc' dir='ltr'>ὄφεως</span> <span class='ocrx_word' id='word_1_102' title='bbox 1024 1522 1123 1593; x_wconf 81' lang='grc' dir='ltr'><strong>τῆς</strong></span> <span class='ocrx_word' id='word_1_103' title='bbox 1160 1520 1381 1593; x_wconf 83' lang='grc' dir='ltr'>πρώτης</span> <span class='ocrx_word' id='word_1_104' title='bbox 1422 1520 1639 1588; x_wconf 82' lang='grc' dir='ltr'>ἐκείνης</span> <span class='ocrx_word' id='word_1_105' title='bbox 1670 1519 1956 1589; x_wconf 73' lang='grc' dir='ltr'>ξυνωρίδος</span> 
     </span>
    </p>
   </div>
   <div class='ocr_carea' id='block_1_17' title="bbox 392 1609 1955 1690">
    <p class='ocr_par' dir='ltr' id='par_1_17' title="bbox 392 1609 1955 1690">
     <span class='ocr_line' id='line_1_17' title="bbox 392 1609 1955 1690; baseline -0.008 -16"><span class='ocrx_word' id='word_1_106' title='bbox 392 1622 502 1674; x_wconf 86' lang='grc' dir='ltr'><strong>τῶν</strong></span> <span class='ocrx_word' id='word_1_107' title='bbox 538 1620 903 1690; x_wconf 77' lang='grc' dir='ltr'>προπατόρων</span> <span class='ocrx_word' id='word_1_108' title='bbox 952 1619 1053 1685; x_wconf 80' lang='grc' dir='ltr'>τὴν</span> <span class='ocrx_word' id='word_1_109' title='bbox 1106 1615 1205 1686; x_wconf 79' lang='grc' dir='ltr'><strong>μὲν</strong></span> <span class='ocrx_word' id='word_1_110' title='bbox 1261 1613 1594 1684; x_wconf 74' lang='grc' dir='ltr'>ἐξηπάτησε,</span> <span class='ocrx_word' id='word_1_111' title='bbox 1647 1611 1736 1664; x_wconf 88' lang='grc' dir='ltr'><strong>τὸν</strong></span> <span class='ocrx_word' id='word_1_112' title='bbox 1783 1610 1840 1665; x_wconf 83' lang='grc' dir='ltr'><strong>δέ</strong></span> <span class='ocrx_word' id='word_1_113' title='bbox 1888 1609 1955 1663; x_wconf 81' lang='grc' dir='ltr'>δι’</span> 
     </span>
    </p>
   </div>
   <div class='ocr_carea' id='block_1_18' title="bbox 395 1704 1959 1783">
    <p class='ocr_par' dir='ltr' id='par_1_18' title="bbox 395 1704 1959 1783">
     <span class='ocr_line' id='line_1_18' title="bbox 395 1704 1959 1783; baseline -0.008 -17"><span class='ocrx_word' id='word_1_114' title='bbox 395 1714 605 1783; x_wconf 78' lang='grc' dir='ltr'>ἐκείνης</span> <span class='ocrx_word' id='word_1_115' title='bbox 637 1711 875 1777; x_wconf 80' lang='grc' dir='ltr'>ἔθελξεν.</span> <span class='ocrx_word' id='word_1_116' title='bbox 917 1710 1074 1780; x_wconf 80' lang='grc' dir='ltr'>’ῌδει</span> <span class='ocrx_word' id='word_1_117' title='bbox 1122 1707 1231 1778; x_wconf 84' lang='grc' dir='ltr'><strong>γάρ</strong></span> <span class='ocrx_word' id='word_1_118' title='bbox 1268 1707 1356 1760; x_wconf 88' lang='grc' dir='ltr'><strong>διά</strong></span> <span class='ocrx_word' id='word_1_119' title='bbox 1391 1706 1585 1776; x_wconf 88' lang='grc' dir='ltr'>πείρας</span> <span class='ocrx_word' id='word_1_120' title='bbox 1617 1704 1959 1772; x_wconf 81' lang='grc' dir='ltr'>ἀνεξαπάτη-</span> 
     </span>
    </p>
   </div>
   <div class='ocr_carea' id='block_1_19' title="bbox 393 1794 1958 1873">
    <p class='ocr_par' dir='ltr' id='par_1_19' title="bbox 393 1794 1958 1873">
     <span class='ocr_line' id='line_1_19' title="bbox 393 1794 1958 1873; baseline -0.008 -15"><span class='ocrx_word' id='word_1_121' title='bbox 393 1822 485 1859; x_wconf 88' lang='grc' dir='ltr'><strong>τον</strong></span> <span class='ocrx_word' id='word_1_122' title='bbox 546 1805 673 1857; x_wconf 79' lang='grc' dir='ltr'>ὄντα</span> <span class='ocrx_word' id='word_1_123' title='bbox 729 1805 1066 1873; x_wconf 86' lang='grc' dir='ltr'>Δημήτριον,</span> <span class='ocrx_word' id='word_1_124' title='bbox 1124 1800 1217 1853; x_wconf 73' lang='grc' dir='ltr'>καὶ</span> <span class='ocrx_word' id='word_1_125' title='bbox 1262 1801 1510 1867; x_wconf 78' lang='grc' dir='ltr'>γενναῖον</span> <span class='ocrx_word' id='word_1_126' title='bbox 1554 1796 1834 1858; x_wconf 84' lang='grc' dir='ltr'>ἐπιεικῶς,</span> <span class='ocrx_word' id='word_1_127' title='bbox 1863 1794 1958 1846; x_wconf 69' lang='grc' dir='ltr'><strong>κα)⁸</strong></span> 
     </span>
    </p>
   </div>
   <div class='ocr_carea' id='block_1_20' title="bbox 2046 591 3617 665">
    <p class='ocr_par' dir='ltr' id='par_1_20' title="bbox 2046 591 3617 665">
     <span class='ocr_line' id='line_1_20' title="bbox 2046 591 3617 665; baseline 0.003 -17"><span class='ocrx_word' id='word_1_128' title='bbox 2046 595 2430 665; x_wconf 71' lang='lat' dir='ltr'><strong>prolongandte</strong></span> <span class='ocrx_word' id='word_1_129' title='bbox 2481 609 2587 646; x_wconf 90' lang='lat' dir='ltr'><strong>non</strong></span> <span class='ocrx_word' id='word_1_130' title='bbox 2622 600 2893 662; x_wconf 87' lang='lat' dir='ltr'><strong>suppetat.</strong></span> <span class='ocrx_word' id='word_1_131' title='bbox 2913 591 3107 648; x_wconf 86' lang='lat' dir='ltr'><strong>Nostis</strong></span> <span class='ocrx_word' id='word_1_132' title='bbox 3143 595 3356 664; x_wconf 85' lang='lat' dir='ltr'><strong>tyranni</strong></span> <span class='ocrx_word' id='word_1_133' title='bbox 3392 597 3617 653; x_wconf 84' lang='lat' dir='ltr'><strong>dilatio-</strong></span> 
     </span>
    </p>
   </div>
   <div class='ocr_carea' id='block_1_21' title="bbox 2046 684 3617 755">
    <p class='ocr_par' dir='ltr' id='par_1_21' title="bbox 2046 684 3617 755">
     <span class='ocr_line' id='line_1_21' title="bbox 2046 684 3617 755; baseline 0.001 -14"><span class='ocrx_word' id='word_1_134' title='bbox 2046 702 2169 741; x_wconf 91' lang='lat' dir='ltr'><strong>nem</strong></span> <span class='ocrx_word' id='word_1_135' title='bbox 2216 698 2270 741; x_wconf 91' lang='lat' dir='ltr'><strong>et</strong></span> <span class='ocrx_word' id='word_1_136' title='bbox 2314 685 2571 740; x_wconf 85' lang='lat' dir='ltr'><strong>Demetrii</strong></span> <span class='ocrx_word' id='word_1_137' title='bbox 2626 684 2680 739; x_wconf 91' lang='lat' dir='ltr'><strong>in</strong></span> <span class='ocrx_word' id='word_1_138' title='bbox 2744 684 3048 739; x_wconf 82' lang='lat' dir='ltr'><strong>custodiam</strong></span> <span class='ocrx_word' id='word_1_139' title='bbox 3100 686 3521 755; x_wconf 71' lang='lat' dir='ltr'><strong>coniectionem,</strong></span> <span class='ocrx_word' id='word_1_140' title='bbox 3561 696 3617 745; x_wconf 87' lang='lat' dir='ltr'><strong>et</strong></span> 
     </span>
    </p>
   </div>
   <div class='ocr_carea' id='block_1_22' title="bbox 2046 777 3613 849">
    <p class='ocr_par' dir='ltr' id='par_1_22' title="bbox 2046 777 3613 849">
     <span class='ocr_line' id='line_1_22' title="bbox 2046 777 3613 849; baseline 0 -16"><span class='ocrx_word' id='word_1_141' title='bbox 2046 780 2132 833; x_wconf 85' lang='lat' dir='ltr'><strong>his</strong></span> <span class='ocrx_word' id='word_1_142' title='bbox 2160 779 2434 849; x_wconf 84' lang='lat' dir='ltr'><strong>adjuuetis</strong></span> <span class='ocrx_word' id='word_1_143' title='bbox 2456 778 2759 843; x_wconf 77' lang='lat' dir='ltr'><strong>Nestorem,</strong></span> <span class='ocrx_word' id='word_1_144' title='bbox 2778 785 2831 830; x_wconf 90' lang='lat' dir='ltr'><strong>et</strong></span> <span class='ocrx_word' id='word_1_145' title='bbox 2858 778 3114 846; x_wconf 86' lang='lat' dir='ltr'><strong>martyris</strong></span> <span class='ocrx_word' id='word_1_146' title='bbox 3136 777 3309 832; x_wconf 84' lang='lat' dir='ltr'><strong>nostri</strong></span> <span class='ocrx_word' id='word_1_147' title='bbox 3339 780 3405 833; x_wconf 88' lang='lat' dir='ltr'><strong>ad</strong></span> <span class='ocrx_word' id='word_1_148' title='bbox 3436 778 3613 849; x_wconf 85' lang='lat' dir='ltr'><strong>ipsum</strong></span> 
     </span>
    </p>
   </div>
   <div class='ocr_carea' id='block_1_23' title="bbox 2047 866 3619 941">
    <p class='ocr_par' dir='ltr' id='par_1_23' title="bbox 2047 866 3619 941">
     <span class='ocr_line' id='line_1_23' title="bbox 2047 866 3619 941; baseline 0.001 -17"><span class='ocrx_word' id='word_1_149' title='bbox 2047 871 2416 941; x_wconf 82' lang='lat' dir='ltr'><strong>prOphctiam,</strong></span> <span class='ocrx_word' id='word_1_150' title='bbox 2444 879 2496 923; x_wconf 90' lang='lat' dir='ltr'><strong>et</strong></span> <span class='ocrx_word' id='word_1_151' title='bbox 2520 884 2643 937; x_wconf 70' lang='lat' dir='ltr'><strong>ejus</strong></span> <span class='ocrx_word' id='word_1_152' title='bbox 2673 869 2960 923; x_wconf 84' lang='lat' dir='ltr'><strong>victoriam</strong></span> <span class='ocrx_word' id='word_1_153' title='bbox 3014 868 3068 922; x_wconf 93' lang='lat' dir='ltr'><strong>in</strong></span> <span class='ocrx_word' id='word_1_154' title='bbox 3102 866 3340 939; x_wconf 80' lang='lat' dir='ltr'><strong>Lyaeum,</strong></span> <span class='ocrx_word' id='word_1_155' title='bbox 3372 879 3427 924; x_wconf 91' lang='lat' dir='ltr'><strong>et</strong></span> <span class='ocrx_word' id='word_1_156' title='bbox 3474 886 3619 925; x_wconf 81' lang='lat' dir='ltr'><strong>inar-</strong></span> 
     </span>
    </p>
   </div>
   <div class='ocr_carea' id='block_1_24' title="bbox 2052 966 3617 1040">
    <p class='ocr_par' dir='ltr' id='par_1_24' title="bbox 2052 966 3617 1040">
     <span class='ocr_line' id='line_1_24' title="bbox 2052 966 3617 1040; baseline -0.001 -18"><span class='ocrx_word' id='word_1_157' title='bbox 2052 971 2274 1040; x_wconf 88' lang='lat' dir='ltr'><strong>tyrium.</strong></span> <span class='ocrx_word' id='word_1_158' title='bbox 2313 968 2417 1022; x_wconf 88' lang='lat' dir='ltr'><strong>Sed</strong></span> <span class='ocrx_word' id='word_1_159' title='bbox 2450 966 2900 1037; x_wconf 90' lang='lat' dir='ltr'><strong>perversissimus</strong></span> <span class='ocrx_word' id='word_1_160' title='bbox 2944 981 3171 1035; x_wconf 86' lang='lat' dir='ltr'><strong>serpens</strong></span> <span class='ocrx_word' id='word_1_161' title='bbox 3208 977 3495 1035; x_wconf 84' lang='lat' dir='ltr'><strong>conspecta</strong></span> <span class='ocrx_word' id='word_1_162' title='bbox 3534 979 3617 1039; x_wconf 78' lang='lat' dir='ltr'><strong>ty-</strong></span> 
     </span>
    </p>
   </div>
   <div class='ocr_carea' id='block_1_25' title="bbox 2049 1059 3614 1119">
    <p class='ocr_par' dir='ltr' id='par_1_25' title="bbox 2049 1059 3614 1119">
     <span class='ocr_line' id='line_1_25' title="bbox 2049 1059 3614 1119; baseline 0 -4"><span class='ocrx_word' id='word_1_163' title='bbox 2049 1062 2206 1115; x_wconf 87' lang='lat' dir='ltr'><strong>ranni</strong></span> <span class='ocrx_word' id='word_1_164' title='bbox 2240 1074 2390 1119; x_wconf 85' lang='lat' dir='ltr'><strong>mora</strong></span> <span class='ocrx_word' id='word_1_165' title='bbox 2435 1076 2540 1114; x_wconf 87' lang='lat' dir='ltr'><strong>nou</strong></span> <span class='ocrx_word' id='word_1_166' title='bbox 2591 1060 2799 1113; x_wconf 79' lang='lat' dir='ltr'><strong>ferebat</strong></span> <span class='ocrx_word' id='word_1_167' title='bbox 2833 1059 3014 1113; x_wconf 87' lang='lat' dir='ltr'><strong>adhuc</strong></span> <span class='ocrx_word' id='word_1_168' title='bbox 3046 1060 3315 1113; x_wconf 83' lang='lat' dir='ltr'><strong>viventem</strong></span> <span class='ocrx_word' id='word_1_169' title='bbox 3371 1061 3425 1113; x_wconf 92' lang='lat' dir='ltr'><strong>in</strong></span> <span class='ocrx_word' id='word_1_170' title='bbox 3470 1070 3614 1115; x_wconf 88' lang='lat' dir='ltr'><strong>terra</strong></span> 
     </span>
    </p>
   </div>
   <div class='ocr_carea' id='block_1_26' title="bbox 2053 1152 3612 1222">
    <p class='ocr_par' dir='ltr' id='par_1_26' title="bbox 2053 1152 3612 1222">
     <span class='ocr_line' id='line_1_26' title="bbox 2053 1152 3612 1222; baseline -0.002 -14"><span class='ocrx_word' id='word_1_171' title='bbox 2053 1154 2385 1209; x_wconf 83' lang='lat' dir='ltr'><strong>Demetrium</strong></span> <span class='ocrx_word' id='word_1_172' title='bbox 2442 1154 2662 1216; x_wconf 89' lang='lat' dir='ltr'><strong>videre,</strong></span> <span class='ocrx_word' id='word_1_173' title='bbox 2721 1153 2872 1207; x_wconf 77' lang='lat' dir='ltr'><strong>illum</strong></span> <span class='ocrx_word' id='word_1_174' title='bbox 2934 1152 3099 1207; x_wconf 86' lang='lat' dir='ltr'><strong>etiam</strong></span> <span class='ocrx_word' id='word_1_175' title='bbox 3154 1162 3282 1208; x_wconf 86' lang='lat' dir='ltr'><strong>ante</strong></span> <span class='ocrx_word' id='word_1_176' title='bbox 3336 1154 3612 1222; x_wconf 73' lang='lat' dir='ltr'><strong>expletum</strong></span> 
     </span>
    </p>
   </div>
   <div class='ocr_carea' id='block_1_27' title="bbox 2051 1246 3620 1319">
    <p class='ocr_par' dir='ltr' id='par_1_27' title="bbox 2051 1246 3620 1319">
     <span class='ocr_line' id='line_1_27' title="bbox 2051 1246 3620 1319; baseline -0.001 -16"><span class='ocrx_word' id='word_1_177' title='bbox 2051 1248 2371 1319; x_wconf 83' lang='lat' dir='ltr'><strong>martyrium</strong></span> <span class='ocrx_word' id='word_1_178' title='bbox 2406 1246 2781 1311; x_wconf 85' lang='lat' dir='ltr'><strong>excellentem,</strong></span> <span class='ocrx_word' id='word_1_179' title='bbox 2838 1247 2930 1301; x_wconf 89' lang='lat' dir='ltr'><strong>sed</strong></span> <span class='ocrx_word' id='word_1_180' title='bbox 2980 1247 3325 1317; x_wconf 84' lang='lat' dir='ltr'><strong>scorpionem</strong></span> <span class='ocrx_word' id='word_1_181' title='bbox 3374 1248 3620 1317; x_wconf 87' lang='lat' dir='ltr'><strong>irrepens</strong></span> 
     </span>
    </p>
   </div>
   <div class='ocr_carea' id='block_1_28' title="bbox 2052 1338 3616 1408">
    <p class='ocr_par' dir='ltr' id='par_1_28' title="bbox 2052 1338 3616 1408">
     <span class='ocr_line' id='line_1_28' title="bbox 2052 1338 3616 1408; baseline -0.001 -14"><span class='ocrx_word' id='word_1_182' title='bbox 2052 1355 2175 1395; x_wconf 89' lang='lat' dir='ltr'><strong>eum</strong></span> <span class='ocrx_word' id='word_1_183' title='bbox 2218 1339 2287 1393; x_wconf 86' lang='lat' dir='ltr'><strong>ad</strong></span> <span class='ocrx_word' id='word_1_184' title='bbox 2320 1348 2610 1408; x_wconf 91' lang='lat' dir='ltr'><strong>martyrem</strong></span> <span class='ocrx_word' id='word_1_185' title='bbox 2640 1338 2915 1401; x_wconf 84' lang='lat' dir='ltr'><strong>admovet,</strong></span> <span class='ocrx_word' id='word_1_186' title='bbox 2955 1352 3062 1392; x_wconf 90' lang='lat' dir='ltr'><strong>non</strong></span> <span class='ocrx_word' id='word_1_187' title='bbox 3109 1338 3330 1406; x_wconf 87' lang='lat' dir='ltr'><strong>quidem</strong></span> <span class='ocrx_word' id='word_1_188' title='bbox 3382 1348 3440 1391; x_wconf 91' lang='lat' dir='ltr'><strong>ut</strong></span> <span class='ocrx_word' id='word_1_189' title='bbox 3489 1354 3616 1393; x_wconf 92' lang='lat' dir='ltr'><strong>eum</strong></span> 
     </span>
    </p>
   </div>
   <div class='ocr_carea' id='block_1_29' title="bbox 2055 1433 3615 1504">
    <p class='ocr_par' dir='ltr' id='par_1_29' title="bbox 2055 1433 3615 1504">
     <span class='ocr_line' id='line_1_29' title="bbox 2055 1433 3615 1504; baseline -0.003 -13"><span class='ocrx_word' id='word_1_190' title='bbox 2055 1435 2262 1491; x_wconf 72' lang='lat' dir='ltr'><strong>falleret</strong></span> <span class='ocrx_word' id='word_1_191' title='bbox 2299 1434 2383 1487; x_wconf 87' lang='lat' dir='ltr'><strong>vel</strong></span> <span class='ocrx_word' id='word_1_192' title='bbox 2433 1433 2734 1487; x_wconf 90' lang='lat' dir='ltr'><strong>incantaret</strong></span> <span class='ocrx_word' id='word_1_193' title='bbox 2781 1433 3007 1503; x_wconf 88' lang='lat' dir='ltr'><strong>perinde</strong></span> <span class='ocrx_word' id='word_1_194' title='bbox 3062 1448 3125 1488; x_wconf 89' lang='lat' dir='ltr'><strong>ac</strong></span> <span class='ocrx_word' id='word_1_195' title='bbox 3181 1434 3309 1487; x_wconf 92' lang='lat' dir='ltr'><strong>olim</strong></span> <span class='ocrx_word' id='word_1_196' title='bbox 3358 1448 3453 1504; x_wconf 90' lang='lat' dir='ltr'><strong>per</strong></span> <span class='ocrx_word' id='word_1_197' title='bbox 3498 1448 3615 1488; x_wconf 88' lang='lat' dir='ltr'><strong>scr-</strong></span> 
     </span>
    </p>
   </div>
   <div class='ocr_carea' id='block_1_30' title="bbox 2056 1526 3621 1599">
    <p class='ocr_par' dir='ltr' id='par_1_30' title="bbox 2056 1526 3621 1599">
     <span class='ocr_line' id='line_1_30' title="bbox 2056 1526 3621 1599; baseline 0 -18"><span class='ocrx_word' id='word_1_198' title='bbox 2056 1538 2268 1599; x_wconf 89' lang='lat' dir='ltr'><strong>pentem</strong></span> <span class='ocrx_word' id='word_1_199' title='bbox 2305 1540 2370 1579; x_wconf 82' lang='lat' dir='ltr'><strong>ex</strong></span> <span class='ocrx_word' id='word_1_200' title='bbox 2409 1526 2681 1595; x_wconf 63' lang='lat' dir='ltr'><strong>primasvis</strong></span> <span class='ocrx_word' id='word_1_201' title='bbox 2722 1526 3040 1594; x_wconf 84' lang='lat' dir='ltr'><strong>parentibus</strong></span> <span class='ocrx_word' id='word_1_202' title='bbox 3075 1526 3234 1580; x_wconf 88' lang='lat' dir='ltr'><strong>aliam</strong></span> <span class='ocrx_word' id='word_1_203' title='bbox 3272 1528 3489 1597; x_wconf 86' lang='lat' dir='ltr'><strong>quidem</strong></span> <span class='ocrx_word' id='word_1_204' title='bbox 3542 1526 3621 1580; x_wconf 77' lang='lat' dir='ltr'><strong>fe-</strong></span> 
     </span>
    </p>
   </div>
   <div class='ocr_carea' id='block_1_31' title="bbox 2061 1616 3618 1686">
    <p class='ocr_par' dir='ltr' id='par_1_31' title="bbox 2061 1616 3618 1686">
     <span class='ocr_line' id='line_1_31' title="bbox 2061 1616 3618 1686; baseline 0.001 -13"><span class='ocrx_word' id='word_1_205' title='bbox 2061 1618 2216 1680; x_wconf 83' lang='lat' dir='ltr'><strong>fellit,</strong></span> <span class='ocrx_word' id='word_1_206' title='bbox 2260 1616 2426 1671; x_wconf 85' lang='lat' dir='ltr'><strong>alium</strong></span> <span class='ocrx_word' id='word_1_207' title='bbox 2472 1632 2600 1672; x_wconf 86' lang='lat' dir='ltr'><strong>vero</strong></span> <span class='ocrx_word' id='word_1_208' title='bbox 2650 1631 2745 1686; x_wconf 88' lang='lat' dir='ltr'><strong>per</strong></span> <span class='ocrx_word' id='word_1_209' title='bbox 2788 1632 2907 1671; x_wconf 88' lang='lat' dir='ltr'><strong>eam</strong></span> <span class='ocrx_word' id='word_1_210' title='bbox 2942 1618 3181 1672; x_wconf 79' lang='lat' dir='ltr'><strong>seduxit.</strong></span> <span class='ocrx_word' id='word_1_211' title='bbox 3227 1619 3446 1673; x_wconf 77' lang='lat' dir='ltr'><strong>Sciebat</strong></span> <span class='ocrx_word' id='word_1_212' title='bbox 3474 1620 3618 1674; x_wconf 89' lang='lat' dir='ltr'><strong>enim</strong></span> 
     </span>
    </p>
   </div>
   <div class='ocr_carea' id='block_1_32' title="bbox 2063 1707 3619 1765">
    <p class='ocr_par' dir='ltr' id='par_1_32' title="bbox 2063 1707 3619 1765">
     <span class='ocr_line' id='line_1_32' title="bbox 2063 1707 3619 1765; baseline 0.002 -4"><span class='ocrx_word' id='word_1_213' title='bbox 2063 1707 2394 1763; x_wconf 91' lang='lat' dir='ltr'><strong>Demetrium</strong></span> <span class='ocrx_word' id='word_1_214' title='bbox 2458 1708 2755 1762; x_wconf 86' lang='lat' dir='ltr'><strong>tentatione</strong></span> <span class='ocrx_word' id='word_1_215' title='bbox 2812 1724 2921 1763; x_wconf 88' lang='lat' dir='ltr'><strong>non</strong></span> <span class='ocrx_word' id='word_1_216' title='bbox 2974 1709 3339 1765; x_wconf 90' lang='lat' dir='ltr'><strong>deludeudum</strong></span> <span class='ocrx_word' id='word_1_217' title='bbox 3381 1719 3435 1763; x_wconf 90' lang='lat' dir='ltr'><strong>et</strong></span> <span class='ocrx_word' id='word_1_218' title='bbox 3481 1710 3619 1764; x_wconf 90' lang='lat' dir='ltr'><strong>mira</strong></span> 
     </span>
    </p>
   </div>
   <div class='ocr_carea' id='block_1_33' title="bbox 2063 1800 3624 1874">
    <p class='ocr_par' dir='ltr' id='par_1_33' title="bbox 2063 1800 3624 1874">
     <span class='ocr_line' id='line_1_33' title="bbox 2063 1800 3624 1874; baseline 0.003 -20"><span class='ocrx_word' id='word_1_219' title='bbox 2063 1802 2427 1870; x_wconf 81' lang='lat' dir='ltr'><strong>generositate</strong></span> <span class='ocrx_word' id='word_1_220' title='bbox 2479 1800 2763 1868; x_wconf 71' lang='lat' dir='ltr'><strong>prmditum</strong></span> <span class='ocrx_word' id='word_1_221' title='bbox 2812 1812 2864 1858; x_wconf 93' lang='lat' dir='ltr'><strong>et</strong></span> <span class='ocrx_word' id='word_1_222' title='bbox 2894 1803 2961 1856; x_wconf 85' lang='lat' dir='ltr'><strong>ad</strong></span> <span class='ocrx_word' id='word_1_223' title='bbox 2994 1803 3300 1873; x_wconf 84' lang='lat' dir='ltr'><strong>eligendum</strong></span> <span class='ocrx_word' id='word_1_224' title='bbox 3334 1805 3478 1874; x_wconf 91' lang='lat' dir='ltr'><strong>quod</strong></span> <span class='ocrx_word' id='word_1_225' title='bbox 3512 1819 3624 1858; x_wconf 87' lang='lat' dir='ltr'><strong>me-</strong></span> 
     </span>
    </p>
   </div>
   <div class='ocr_carea' id='block_1_34' title="bbox 395 1870 2146 1968">
    <p class='ocr_par' dir='ltr' id='par_1_34' title="bbox 395 1870 2146 1968">
     <span class='ocr_line' id='line_1_34' title="bbox 395 1870 2146 1968; baseline -0.006 -18"><span class='ocrx_word' id='word_1_226' title='bbox 395 1870 845 1968; x_wconf 79' lang='grc' dir='ltr'>γεγυμνασμένον</span> <span class='ocrx_word' id='word_1_227' title='bbox 875 1870 1028 1963; x_wconf 72' lang='grc' dir='ltr'>πρὸς</span> <span class='ocrx_word' id='word_1_228' title='bbox 1065 1894 1328 1964; x_wconf 83' lang='grc' dir='ltr'>διαίρεσιν</span> <span class='ocrx_word' id='word_1_229' title='bbox 1381 1890 1475 1944; x_wconf 88' lang='grc' dir='ltr'><strong>τοῦ</strong></span> <span class='ocrx_word' id='word_1_230' title='bbox 1519 1891 1807 1960; x_wconf 78' lang='grc' dir='ltr'>βελτίονος.</span> <span class='ocrx_word' id='word_1_231' title='bbox 1845 1889 1955 1956; x_wconf 66' lang='grc' dir='ltr'><strong>Οὐχ</strong></span> <span class='ocrx_word' id='word_1_232' title='bbox 1990 1870 2032 1930; x_wconf 75' lang='grc' dir='ltr'><strong>Β</strong></span> <span class='ocrx_word' id='word_1_233' title='bbox 2061 1893 2146 1947; x_wconf 68' lang='grc' dir='ltr'><strong>Ιὶυε</strong></span> 
     </span>
    </p>
   </div>
   <div class='ocr_carea' id='block_1_35' title="bbox 1869 1870 3620 1968">
    <p class='ocr_par' dir='ltr' id='par_1_35' title="bbox 1869 1870 3620 1965">
     <span class='ocr_line' id='line_1_35' title="bbox 1869 1870 3620 1965; baseline 0.003 -19"><span class='ocrx_word' id='word_1_234' title='bbox 1869 1889 1955 1956; x_wconf 65' lang='lat' dir='ltr'><strong>Dx</strong></span> <span class='ocrx_word' id='word_1_235' title='bbox 1990 1870 2032 1930; x_wconf 73' lang='grc' dir='ltr'><strong>Β</strong></span> <span class='ocrx_word' id='word_1_236' title='bbox 2061 1893 2167 1947; x_wconf 91' lang='lat' dir='ltr'><strong>lius</strong></span> <span class='ocrx_word' id='word_1_237' title='bbox 2196 1900 2278 1947; x_wconf 90' lang='lat' dir='ltr'><strong>est</strong></span> <span class='ocrx_word' id='word_1_238' title='bbox 2310 1894 2465 1947; x_wconf 86' lang='lat' dir='ltr'><strong>valde</strong></span> <span class='ocrx_word' id='word_1_239' title='bbox 2489 1894 2812 1947; x_wconf 82' lang='lat' dir='ltr'><strong>exercitum.</strong></span> <span class='ocrx_word' id='word_1_240' title='bbox 2846 1894 2964 1948; x_wconf 81' lang='lat' dir='ltr'><strong>Non</strong></span> <span class='ocrx_word' id='word_1_241' title='bbox 3001 1870 3131 1965; x_wconf 74' lang='lat' dir='ltr'><strong>ergo</strong></span> <span class='ocrx_word' id='word_1_242' title='bbox 3156 1895 3222 1947; x_wconf 91' lang='lat' dir='ltr'><strong>ad</strong></span> <span class='ocrx_word' id='word_1_243' title='bbox 3255 1870 3620 1951; x_wconf 82' lang='lat' dir='ltr'><strong>deludeudum</strong></span> 
     </span>
    </p>
   </div>
   <div class='ocr_carea' id='block_1_36' title="bbox 393 1978 1958 2055">
    <p class='ocr_par' dir='ltr' id='par_1_36' title="bbox 393 1978 1958 2055">
     <span class='ocr_line' id='line_1_36' title="bbox 393 1978 1958 2055; baseline -0.004 -17"><span class='ocrx_word' id='word_1_244' title='bbox 393 1986 469 2048; x_wconf 88' lang='grc' dir='ltr'><strong>ώς</strong></span> <span class='ocrx_word' id='word_1_245' title='bbox 504 1986 804 2055; x_wconf 78' lang='grc' dir='ltr'>ἀπατήσων</span> <span class='ocrx_word' id='word_1_246' title='bbox 833 1980 927 2038; x_wconf 79' lang='grc' dir='ltr'>οὖν</span> <span class='ocrx_word' id='word_1_247' title='bbox 962 1984 1048 2037; x_wconf 82' lang='grc' dir='ltr'>διὰ</span> <span class='ocrx_word' id='word_1_248' title='bbox 1076 1983 1337 2054; x_wconf 84' lang='grc' dir='ltr'>σκορπίου</span> <span class='ocrx_word' id='word_1_249' title='bbox 1370 1980 1721 2053; x_wconf 88' lang='grc' dir='ltr'>προσϐάλλει,</span> <span class='ocrx_word' id='word_1_250' title='bbox 1747 1979 1861 2032; x_wconf 82' lang='grc' dir='ltr'>ἀλλ’</span> <span class='ocrx_word' id='word_1_251' title='bbox 1883 1978 1958 2042; x_wconf 85' lang='grc' dir='ltr'>ὡς</span> 
     </span>
    </p>
   </div>
   <div class='ocr_carea' id='block_1_37' title="bbox 397 2076 1958 2146">
    <p class='ocr_par' dir='ltr' id='par_1_37' title="bbox 397 2076 1958 2146">
     <span class='ocr_line' id='line_1_37' title="bbox 397 2076 1958 2146; baseline -0.001 -18"><span class='ocrx_word' id='word_1_252' title='bbox 397 2076 616 2146; x_wconf 78' lang='grc' dir='ltr'>πλήξων</span> <span class='ocrx_word' id='word_1_253' title='bbox 650 2077 903 2146; x_wconf 81' lang='grc' dir='ltr'>καιρίως,</span> <span class='ocrx_word' id='word_1_254' title='bbox 942 2079 1035 2131; x_wconf 76' lang='grc' dir='ltr'><strong>καὶ</strong></span> <span class='ocrx_word' id='word_1_255' title='bbox 1085 2076 1410 2134; x_wconf 80' lang='grc' dir='ltr'>θανατώσων</span> <span class='ocrx_word' id='word_1_256' title='bbox 1454 2076 1529 2140; x_wconf 88' lang='grc' dir='ltr'><strong>ώς</strong></span> <span class='ocrx_word' id='word_1_257' title='bbox 1574 2076 1819 2146; x_wconf 86' lang='grc' dir='ltr'>τάχιστα,</span> <span class='ocrx_word' id='word_1_258' title='bbox 1866 2078 1958 2128; x_wconf 73' lang='grc' dir='ltr'><strong>καὶ</strong></span> 
     </span>
    </p>
   </div>
   <div class='ocr_carea' id='block_1_38' title="bbox 401 2166 1958 2238">
    <p class='ocr_par' dir='ltr' id='par_1_38' title="bbox 401 2166 1958 2238">
     <span class='ocr_line' id='line_1_38' title="bbox 401 2166 1958 2238; baseline -0.001 -18"><span class='ocrx_word' id='word_1_259' title='bbox 401 2167 729 2232; x_wconf 76' lang='grc' dir='ltr'>ἀπαλλάξων</span> <span class='ocrx_word' id='word_1_260' title='bbox 768 2169 962 2221; x_wconf 72' lang='grc' dir='ltr'>ἐαυτὸν</span> <span class='ocrx_word' id='word_1_261' title='bbox 1010 2169 1307 2222; x_wconf 81' lang='grc' dir='ltr'>ἀντιπάλου</span> <span class='ocrx_word' id='word_1_262' title='bbox 1335 2168 1592 2221; x_wconf 83' lang='grc' dir='ltr'>τοσούτου</span> <span class='ocrx_word' id='word_1_263' title='bbox 1622 2168 1719 2238; x_wconf 81' lang='grc' dir='ltr'>τὴν</span> <span class='ocrx_word' id='word_1_264' title='bbox 1757 2166 1958 2238; x_wconf 84' lang='grc' dir='ltr'>ἀρετὴν</span> 
     </span>
    </p>
   </div>
   <div class='ocr_carea' id='block_1_39' title="bbox 401 2259 1957 2331">
    <p class='ocr_par' dir='ltr' id='par_1_39' title="bbox 401 2259 1957 2331">
     <span class='ocr_line' id='line_1_39' title="bbox 401 2259 1957 2331; baseline -0.003 -15"><span class='ocrx_word' id='word_1_265' title='bbox 401 2264 496 2316; x_wconf 78' lang='grc' dir='ltr'><strong>καὶ</strong></span> <span class='ocrx_word' id='word_1_266' title='bbox 535 2262 631 2331; x_wconf 84' lang='grc' dir='ltr'><strong>τὴν</strong></span> <span class='ocrx_word' id='word_1_267' title='bbox 675 2261 926 2331; x_wconf 88' lang='grc' dir='ltr'>δύναμιν.</span> <span class='ocrx_word' id='word_1_268' title='bbox 971 2260 1132 2315; x_wconf 84' lang='grc' dir='ltr'>Ἀλλά</span> <span class='ocrx_word' id='word_1_269' title='bbox 1185 2260 1377 2329; x_wconf 79' lang='grc' dir='ltr'>φθάνει</span> <span class='ocrx_word' id='word_1_270' title='bbox 1427 2259 1488 2313; x_wconf 79' lang='grc' dir='ltr'><strong>τὸ</strong></span> <span class='ocrx_word' id='word_1_271' title='bbox 1535 2260 1695 2329; x_wconf 90' lang='grc' dir='ltr'>τάχος</span> <span class='ocrx_word' id='word_1_272' title='bbox 1747 2260 1957 2312; x_wconf 86' lang='grc' dir='ltr'>ἐκείνου</span> 
     </span>
    </p>
   </div>
   <div class='ocr_carea' id='block_1_40' title="bbox 401 2351 1957 2426">
    <p class='ocr_par' dir='ltr' id='par_1_40' title="bbox 401 2351 1957 2426">
     <span class='ocr_line' id='line_1_40' title="bbox 401 2351 1957 2426; baseline -0.003 -18"><span class='ocrx_word' id='word_1_273' title='bbox 401 2356 496 2409; x_wconf 81' lang='grc' dir='ltr'>καὶ</span> <span class='ocrx_word' id='word_1_274' title='bbox 533 2356 631 2425; x_wconf 77' lang='grc' dir='ltr'>τὴν</span> <span class='ocrx_word' id='word_1_275' title='bbox 672 2355 910 2423; x_wconf 81' lang='grc' dir='ltr'>σπουδὴν</span> <span class='ocrx_word' id='word_1_276' title='bbox 957 2356 989 2426; x_wconf 87' lang='grc' dir='ltr'><strong>ή</strong></span> <span class='ocrx_word' id='word_1_277' title='bbox 1022 2353 1305 2408; x_wconf 79' lang='grc' dir='ltr'>ἐνοικοῦσα</span> <span class='ocrx_word' id='word_1_278' title='bbox 1349 2354 1426 2424; x_wconf 82' lang='grc' dir='ltr'><strong>τῷ</strong></span> <span class='ocrx_word' id='word_1_279' title='bbox 1474 2351 1769 2423; x_wconf 76' lang='grc' dir='ltr'>Δημητρίῳ</span> <span class='ocrx_word' id='word_1_280' title='bbox 1799 2352 1957 2421; x_wconf 83' lang='grc' dir='ltr'>χάρις</span> 
     </span>
    </p>
   </div>
   <div class='ocr_carea' id='block_1_41' title="bbox 403 2443 1956 2517">
    <p class='ocr_par' dir='ltr' id='par_1_41' title="bbox 403 2443 1956 2517">
     <span class='ocr_line' id='line_1_41' title="bbox 403 2443 1956 2517; baseline -0.003 -16"><span class='ocrx_word' id='word_1_281' title='bbox 403 2446 542 2517; x_wconf 83' lang='grc' dir='ltr'>αῦτη</span> <span class='ocrx_word' id='word_1_282' title='bbox 593 2447 688 2499; x_wconf 70' lang='grc' dir='ltr'><strong>καὶ</strong></span> <span class='ocrx_word' id='word_1_283' title='bbox 744 2447 993 2517; x_wconf 83' lang='grc' dir='ltr'>δύναμις.</span> <span class='ocrx_word' id='word_1_284' title='bbox 1049 2446 1368 2517; x_wconf 82' lang='grc' dir='ltr'>Ἐπικλήσει</span> <span class='ocrx_word' id='word_1_285' title='bbox 1399 2444 1508 2515; x_wconf 73' lang='grc' dir='ltr'>γὰρ</span> <span class='ocrx_word' id='word_1_286' title='bbox 1558 2444 1655 2497; x_wconf 72' lang='grc' dir='ltr'>καὶ</span> <span class='ocrx_word' id='word_1_287' title='bbox 1701 2443 1956 2514; x_wconf 86' lang='grc' dir='ltr'>σφραγῖδι</span> 
     </span>
    </p>
   </div>
   <div class='ocr_carea' id='block_1_42' title="bbox 400 2539 1951 2612">
    <p class='ocr_par' dir='ltr' id='par_1_42' title="bbox 400 2539 1951 2612">
     <span class='ocr_line' id='line_1_42' title="bbox 400 2539 1951 2612; baseline -0.003 -17"><span class='ocrx_word' id='word_1_288' title='bbox 400 2542 520 2612; x_wconf 69' lang='grc' dir='ltr'>θεία</span> <span class='ocrx_word' id='word_1_289' title='bbox 550 2541 640 2595; x_wconf 71' lang='grc' dir='ltr'>διὰ.</span> <span class='ocrx_word' id='word_1_290' title='bbox 688 2544 785 2611; x_wconf 77' lang='grc' dir='ltr'>τῆς</span> <span class='ocrx_word' id='word_1_291' title='bbox 817 2542 1023 2601; x_wconf 78' lang='grc' dir='ltr'>οἰκείας</span> <span class='ocrx_word' id='word_1_292' title='bbox 1057 2541 1236 2610; x_wconf 73' lang='grc' dir='ltr'>χειρὸς</span> <span class='ocrx_word' id='word_1_293' title='bbox 1269 2541 1298 2592; x_wconf 93' lang='lat'><strong>6</strong></span> <span class='ocrx_word' id='word_1_294' title='bbox 1328 2543 1540 2610; x_wconf 87' lang='grc' dir='ltr'>μάρτυς</span> <span class='ocrx_word' id='word_1_295' title='bbox 1590 2539 1951 2608; x_wconf 81' lang='grc' dir='ltr'>χρησάμενος,</span> 
     </span>
    </p>
   </div>
   <div class='ocr_carea' id='block_1_43' title="bbox 400 2628 1956 2704">
    <p class='ocr_par' dir='ltr' id='par_1_43' title="bbox 400 2628 1956 2704">
     <span class='ocr_line' id='line_1_43' title="bbox 400 2628 1956 2704; baseline -0.004 -18"><span class='ocrx_word' id='word_1_296' title='bbox 400 2636 586 2704; x_wconf 58' lang='grc' dir='ltr'>νεκροί</span> <span class='ocrx_word' id='word_1_297' title='bbox 614 2633 673 2686; x_wconf 78' lang='grc' dir='ltr'><strong>τὸ</strong></span> <span class='ocrx_word' id='word_1_298' title='bbox 706 2634 804 2701; x_wconf 83' lang='grc' dir='ltr'><strong>τῆς</strong></span> <span class='ocrx_word' id='word_1_299' title='bbox 834 2632 1152 2702; x_wconf 75' lang='grc' dir='ltr'>νεκρώσεως</span> <span class='ocrx_word' id='word_1_300' title='bbox 1190 2632 1444 2700; x_wconf 72' lang='grc' dir='ltr'>ὄργανον,</span> <span class='ocrx_word' id='word_1_301' title='bbox 1484 2631 1581 2683; x_wconf 70' lang='grc' dir='ltr'><strong>καλ⁵</strong></span> <span class='ocrx_word' id='word_1_302' title='bbox 1607 2628 1956 2699; x_wconf 86' lang='grc' dir='ltr'>καταισχύνει</span> 
     </span>
    </p>
   </div>
   <div class='ocr_carea' id='block_1_44' title="bbox 401 2718 1958 2794">
    <p class='ocr_par' dir='ltr' id='par_1_44' title="bbox 401 2718 1958 2794">
     <span class='ocr_line' id='line_1_44' title="bbox 401 2718 1958 2794; baseline -0.004 -17"><span class='ocrx_word' id='word_1_303' title='bbox 401 2727 495 2778; x_wconf 68' lang='grc' dir='ltr'>τὸν</span> <span class='ocrx_word' id='word_1_304' title='bbox 528 2724 817 2787; x_wconf 79' lang='grc' dir='ltr'>ὑποδύντα,</span> <span class='ocrx_word' id='word_1_305' title='bbox 848 2725 1201 2794; x_wconf 83' lang='grc' dir='ltr'>καταργήσας</span> <span class='ocrx_word' id='word_1_306' title='bbox 1221 2722 1384 2775; x_wconf 82' lang='grc' dir='ltr'>αὑτοῦ</span> <span class='ocrx_word' id='word_1_307' title='bbox 1416 2722 1514 2791; x_wconf 83' lang='grc' dir='ltr'><strong>τὴν</strong></span> <span class='ocrx_word' id='word_1_308' title='bbox 1542 2722 1841 2790; x_wconf 84' lang='grc' dir='ltr'>ἐνέργειαν,</span> <span class='ocrx_word' id='word_1_309' title='bbox 1864 2718 1958 2771; x_wconf 80' lang='grc' dir='ltr'><strong>καὶ</strong></span> 
     </span>
    </p>
   </div>
   <div class='ocr_carea' id='block_1_45' title="bbox 402 2808 1957 2885">
    <p class='ocr_par' dir='ltr' id='par_1_45' title="bbox 402 2808 1957 2885">
     <span class='ocr_line' id='line_1_45' title="bbox 402 2808 1957 2885; baseline -0.006 -16"><span class='ocrx_word' id='word_1_310' title='bbox 402 2814 673 2869; x_wconf 85' lang='grc' dir='ltr'>δείκνυσιν</span> <span class='ocrx_word' id='word_1_311' title='bbox 704 2815 973 2877; x_wconf 71' lang='grc' dir='ltr'>ἐντεῦθεν,</span> <span class='ocrx_word' id='word_1_312' title='bbox 1003 2814 1098 2879; x_wconf 87' lang='grc' dir='ltr'>ὠς,</span> <span class='ocrx_word' id='word_1_313' title='bbox 1124 2815 1172 2866; x_wconf 83' lang='grc' dir='ltr'><strong>εί</strong></span> <span class='ocrx_word' id='word_1_314' title='bbox 1200 2812 1273 2885; x_wconf 76' lang='grc' dir='ltr'>μὴ</span> <span class='ocrx_word' id='word_1_315' title='bbox 1305 2812 1464 2873; x_wconf 78' lang='grc' dir='ltr'>αὐτὸς</span> <span class='ocrx_word' id='word_1_316' title='bbox 1493 2809 1632 2863; x_wconf 81' lang='grc' dir='ltr'>ἑκὼν</span> <span class='ocrx_word' id='word_1_317' title='bbox 1662 2808 1868 2878; x_wconf 84' lang='grc' dir='ltr'>ὑπῆλθε</span> <span class='ocrx_word' id='word_1_318' title='bbox 1896 2809 1957 2861; x_wconf 82' lang='grc' dir='ltr'><strong>τὸ</strong></span> 
     </span>
    </p>
   </div>
   <div class='ocr_carea' id='block_1_46' title="bbox 403 2899 1954 2973">
    <p class='ocr_par' dir='ltr' id='par_1_46' title="bbox 403 2899 1954 2973">
     <span class='ocr_line' id='line_1_46' title="bbox 403 2899 1954 2973; baseline -0.006 -11"><span class='ocrx_word' id='word_1_319' title='bbox 403 2908 596 2972; x_wconf 79' lang='grc' dir='ltr'>πάθος,</span> <span class='ocrx_word' id='word_1_320' title='bbox 633 2906 745 2961; x_wconf 83' lang='grc' dir='ltr'>οὐδ’</span> <span class='ocrx_word' id='word_1_321' title='bbox 776 2908 841 2961; x_wconf 84' lang='grc' dir='ltr'>ἂν</span> <span class='ocrx_word' id='word_1_322' title='bbox 877 2908 1013 2970; x_wconf 83' lang='grc' dir='ltr'>ὅλως</span> <span class='ocrx_word' id='word_1_323' title='bbox 1049 2905 1240 2970; x_wconf 80' lang='grc' dir='ltr'>ἔπαθε,</span> <span class='ocrx_word' id='word_1_324' title='bbox 1276 2903 1423 2973; x_wconf 87' lang='grc' dir='ltr'><strong>παρά</strong></span> <span class='ocrx_word' id='word_1_325' title='bbox 1456 2902 1556 2971; x_wconf 79' lang='grc' dir='ltr'>τῆς</span> <span class='ocrx_word' id='word_1_326' title='bbox 1587 2899 1681 2953; x_wconf 92' lang='grc' dir='ltr'><strong>τοῦ</strong></span> <span class='ocrx_word' id='word_1_327' title='bbox 1719 2899 1954 2969; x_wconf 81' lang='grc' dir='ltr'>Χριστοῦ</span> 
     </span>
    </p>
   </div>
   <div class='ocr_carea' id='block_1_47' title="bbox 404 2992 1957 3074">
    <p class='ocr_par' dir='ltr' id='par_1_47' title="bbox 404 2992 1957 3074">
     <span class='ocr_line' id='line_1_47' title="bbox 404 2992 1957 3074; baseline -0.005 -21"><span class='ocrx_word' id='word_1_328' title='bbox 404 3002 626 3074; x_wconf 81' lang='grc' dir='ltr'>χάριτος</span> <span class='ocrx_word' id='word_1_329' title='bbox 674 3001 768 3053; x_wconf 71' lang='grc' dir='ltr'>καὶ</span> <span class='ocrx_word' id='word_1_330' title='bbox 803 2999 1087 3067; x_wconf 79' lang='grc' dir='ltr'>δυνάμεως</span> <span class='ocrx_word' id='word_1_331' title='bbox 1130 2996 1531 3067; x_wconf 79' lang='grc' dir='ltr'>φρουρούμενος</span> <span class='ocrx_word' id='word_1_332' title='bbox 1574 3012 1632 3047; x_wconf 82' lang='grc' dir='ltr'><strong>τε</strong></span> <span class='ocrx_word' id='word_1_333' title='bbox 1680 2994 1773 3046; x_wconf 76' lang='grc' dir='ltr'>καὶ</span> <span class='ocrx_word' id='word_1_334' title='bbox 1802 2992 1957 3045; x_wconf 83' lang='grc' dir='ltr'>δυνα-</span> 
     </span>
    </p>
   </div>
   <div class='ocr_carea' id='block_1_48' title="bbox 407 3085 1953 3168">
    <p class='ocr_par' dir='ltr' id='par_1_48' title="bbox 407 3085 1953 3168">
     <span class='ocr_line' id='line_1_48' title="bbox 407 3085 1953 3168; baseline -0.004 -24"><span class='ocrx_word' id='word_1_335' title='bbox 407 3093 699 3161; x_wconf 86' lang='grc' dir='ltr'>μούμενος,</span> <span class='ocrx_word' id='word_1_336' title='bbox 736 3090 907 3142; x_wconf 88' lang='grc' dir='ltr'>Θέλων</span> <span class='ocrx_word' id='word_1_337' title='bbox 936 3090 990 3143; x_wconf 76' lang='grc' dir='ltr'><strong>δέ</strong></span> <span class='ocrx_word' id='word_1_338' title='bbox 1026 3089 1401 3159; x_wconf 82' lang='grc' dir='ltr'>παραδίδοται,</span> <span class='ocrx_word' id='word_1_339' title='bbox 1438 3088 1531 3139; x_wconf 78' lang='grc' dir='ltr'>καὶ</span> <span class='ocrx_word' id='word_1_340' title='bbox 1564 3085 1953 3168; x_wconf 71' lang='grc' dir='ltr'>περικλείεται,</span> 
     </span>
    </p>
   </div>
   <div class='ocr_carea' id='block_1_49' title="bbox 2061 1986 3623 2057">
    <p class='ocr_par' dir='ltr' id='par_1_49' title="bbox 2061 1986 3623 2057">
     <span class='ocr_line' id='line_1_49' title="bbox 2061 1986 3623 2057; baseline 0.001 -16"><span class='ocrx_word' id='word_1_341' title='bbox 2061 1988 2410 2057; x_wconf 87' lang='lat' dir='ltr'><strong>scorpionem</strong></span> <span class='ocrx_word' id='word_1_342' title='bbox 2460 1988 2739 2055; x_wconf 85' lang='lat' dir='ltr'><strong>ingressus</strong></span> <span class='ocrx_word' id='word_1_343' title='bbox 2783 1986 3015 2052; x_wconf 91' lang='lat' dir='ltr'><strong>accedit,</strong></span> <span class='ocrx_word' id='word_1_344' title='bbox 3057 1988 3150 2042; x_wconf 83' lang='lat' dir='ltr'><strong>sed</strong></span> <span class='ocrx_word' id='word_1_345' title='bbox 3194 1999 3249 2042; x_wconf 94' lang='lat' dir='ltr'><strong>ut</strong></span> <span class='ocrx_word' id='word_1_346' title='bbox 3287 1989 3470 2043; x_wconf 87' lang='lat' dir='ltr'><strong>lethali</strong></span> <span class='ocrx_word' id='word_1_347' title='bbox 3506 1989 3623 2043; x_wconf 88' lang='lat' dir='ltr'><strong>vul-</strong></span> 
     </span>
    </p>
   </div>
   <div class='ocr_carea' id='block_1_50' title="bbox 2062 2078 3624 2147">
    <p class='ocr_par' dir='ltr' id='par_1_50' title="bbox 2062 2078 3624 2147">
     <span class='ocr_line' id='line_1_50' title="bbox 2062 2078 3624 2147; baseline 0.003 -16"><span class='ocrx_word' id='word_1_348' title='bbox 2062 2094 2194 2134; x_wconf 87' lang='lat' dir='ltr'><strong>nere</strong></span> <span class='ocrx_word' id='word_1_349' title='bbox 2228 2080 2535 2133; x_wconf 80' lang='lat' dir='ltr'><strong>sauciatum</strong></span> <span class='ocrx_word' id='word_1_350' title='bbox 2563 2094 2725 2147; x_wconf 90' lang='lat' dir='ltr'><strong>quam</strong></span> <span class='ocrx_word' id='word_1_351' title='bbox 2758 2078 3022 2133; x_wconf 87' lang='lat' dir='ltr'><strong>citissime</strong></span> <span class='ocrx_word' id='word_1_352' title='bbox 3050 2080 3323 2135; x_wconf 90' lang='lat' dir='ltr'><strong>occideret</strong></span> <span class='ocrx_word' id='word_1_353' title='bbox 3347 2091 3400 2135; x_wconf 92' lang='lat' dir='ltr'><strong>et</strong></span> <span class='ocrx_word' id='word_1_354' title='bbox 3429 2092 3624 2136; x_wconf 86' lang='lat' dir='ltr'><strong>semet-</strong></span> 
     </span>
    </p>
   </div>
   <div class='ocr_carea' id='block_1_51' title="bbox 2062 2166 3620 2241">
    <p class='ocr_par' dir='ltr' id='par_1_51' title="bbox 2062 2166 3620 2241">
     <span class='ocr_line' id='line_1_51' title="bbox 2062 2166 3620 2241; baseline 0.002 -16"><span class='ocrx_word' id='word_1_355' title='bbox 2062 2171 2237 2241; x_wconf 89' lang='lat' dir='ltr'><strong>ipsum</strong></span> <span class='ocrx_word' id='word_1_356' title='bbox 2283 2182 2430 2227; x_wconf 88' lang='lat' dir='ltr'><strong>tanto</strong></span> <span class='ocrx_word' id='word_1_357' title='bbox 2479 2184 2532 2226; x_wconf 92' lang='lat' dir='ltr'><strong>et</strong></span> <span class='ocrx_word' id='word_1_358' title='bbox 2584 2173 2783 2226; x_wconf 88' lang='lat' dir='ltr'><strong>virtute</strong></span> <span class='ocrx_word' id='word_1_359' title='bbox 2834 2183 2888 2228; x_wconf 92' lang='lat' dir='ltr'><strong>ct</strong></span> <span class='ocrx_word' id='word_1_360' title='bbox 2929 2166 3251 2227; x_wconf 79' lang='lat' dir='ltr'><strong>fortitudine</strong></span> <span class='ocrx_word' id='word_1_361' title='bbox 3302 2173 3620 2228; x_wconf 78' lang='lat' dir='ltr'><strong>adversario</strong></span> 
     </span>
    </p>
   </div>
   <div class='ocr_carea' id='block_1_52' title="bbox 2060 2264 3623 2335">
    <p class='ocr_par' dir='ltr' id='par_1_52' title="bbox 2060 2264 3623 2335">
     <span class='ocr_line' id='line_1_52' title="bbox 2060 2264 3623 2335; baseline 0 -17"><span class='ocrx_word' id='word_1_362' title='bbox 2060 2264 2377 2331; x_wconf 80' lang='lat' dir='ltr'><strong>expediret;</strong></span> <span class='ocrx_word' id='word_1_363' title='bbox 2430 2265 2521 2318; x_wconf 88' lang='lat' dir='ltr'><strong>sed</strong></span> <span class='ocrx_word' id='word_1_364' title='bbox 2558 2265 2674 2333; x_wconf 84' lang='lat' dir='ltr'><strong>ejus</strong></span> <span class='ocrx_word' id='word_1_365' title='bbox 2715 2265 3203 2334; x_wconf 87' lang='lat' dir='ltr'><strong>promptitudinem</strong></span> <span class='ocrx_word' id='word_1_366' title='bbox 3252 2265 3623 2335; x_wconf 53' lang='lat' dir='ltr'><strong>diligentiam:</strong></span> 
     </span>
    </p>
   </div>
   <div class='ocr_carea' id='block_1_53' title="bbox 2058 2357 3621 2427">
    <p class='ocr_par' dir='ltr' id='par_1_53' title="bbox 2058 2357 3621 2427">
     <span class='ocr_line' id='line_1_53' title="bbox 2058 2357 3621 2427; baseline 0.001 -16"><span class='ocrx_word' id='word_1_367' title='bbox 2058 2373 2165 2425; x_wconf 92' lang='lat' dir='ltr'><strong>que</strong></span> <span class='ocrx_word' id='word_1_368' title='bbox 2218 2357 2477 2425; x_wconf 69' lang='lat' dir='ltr'><strong>praevenit</strong></span> <span class='ocrx_word' id='word_1_369' title='bbox 2532 2357 2619 2410; x_wconf 88' lang='lat' dir='ltr'><strong>illa</strong></span> <span class='ocrx_word' id='word_1_370' title='bbox 2680 2358 2857 2427; x_wconf 82' lang='lat' dir='ltr'><strong>gratia</strong></span> <span class='ocrx_word' id='word_1_371' title='bbox 2913 2368 2966 2412; x_wconf 92' lang='lat' dir='ltr'><strong>ct</strong></span> <span class='ocrx_word' id='word_1_372' title='bbox 3022 2358 3288 2413; x_wconf 76' lang='lat' dir='ltr'><strong>fortitudo</strong></span> <span class='ocrx_word' id='word_1_373' title='bbox 3347 2358 3621 2414; x_wconf 75' lang='lat' dir='ltr'><strong>inluerens</strong></span> 
     </span>
    </p>
   </div>
   <div class='ocr_carea' id='block_1_54' title="bbox 2063 2445 3623 2518">
    <p class='ocr_par' dir='ltr' id='par_1_54' title="bbox 2063 2445 3623 2518">
     <span class='ocr_line' id='line_1_54' title="bbox 2063 2445 3623 2518; baseline 0.003 -21"><span class='ocrx_word' id='word_1_374' title='bbox 2063 2445 2353 2501; x_wconf 88' lang='lat' dir='ltr'><strong>Demetrio.</strong></span> <span class='ocrx_word' id='word_1_375' title='bbox 2411 2446 2622 2499; x_wconf 80' lang='lat' dir='ltr'><strong>Etenim</strong></span> <span class='ocrx_word' id='word_1_376' title='bbox 2668 2447 2855 2500; x_wconf 86' lang='lat' dir='ltr'><strong>divino</strong></span> <span class='ocrx_word' id='word_1_377' title='bbox 2904 2448 3228 2517; x_wconf 85' lang='lat' dir='ltr'><strong>precationis</strong></span> <span class='ocrx_word' id='word_1_378' title='bbox 3279 2449 3458 2518; x_wconf 87' lang='lat' dir='ltr'><strong>gladio</strong></span> <span class='ocrx_word' id='word_1_379' title='bbox 3496 2462 3623 2518; x_wconf 90' lang='lat' dir='ltr'><strong>pro-</strong></span> 
     </span>
    </p>
   </div>
   <div class='ocr_carea' id='block_1_55' title="bbox 2060 2535 3622 2607">
    <p class='ocr_par' dir='ltr' id='par_1_55' title="bbox 2060 2535 3622 2607">
     <span class='ocr_line' id='line_1_55' title="bbox 2060 2535 3622 2607; baseline 0.004 -20"><span class='ocrx_word' id='word_1_380' title='bbox 2060 2535 2176 2603; x_wconf 91' lang='lat' dir='ltr'><strong>pria</strong></span> <span class='ocrx_word' id='word_1_381' title='bbox 2230 2549 2393 2587; x_wconf 91' lang='lat' dir='ltr'><strong>manu</strong></span> <span class='ocrx_word' id='word_1_382' title='bbox 2453 2544 2610 2590; x_wconf 90' lang='lat' dir='ltr'><strong>utens</strong></span> <span class='ocrx_word' id='word_1_383' title='bbox 2664 2545 2867 2607; x_wconf 85' lang='lat' dir='ltr'><strong>martyr</strong></span> <span class='ocrx_word' id='word_1_384' title='bbox 2918 2538 3118 2592; x_wconf 87' lang='lat' dir='ltr'><strong>occidit</strong></span> <span class='ocrx_word' id='word_1_385' title='bbox 3166 2540 3357 2593; x_wconf 88' lang='lat' dir='ltr'><strong>mortis</strong></span> <span class='ocrx_word' id='word_1_386' title='bbox 3416 2541 3622 2595; x_wconf 82' lang='lat' dir='ltr'><strong>instru-</strong></span> 
     </span>
    </p>
   </div>
   <div class='ocr_carea' id='block_1_56' title="bbox 2059 2628 3621 2701">
    <p class='ocr_par' dir='ltr' id='par_1_56' title="bbox 2059 2628 3621 2701">
     <span class='ocr_line' id='line_1_56' title="bbox 2059 2628 3621 2701; baseline 0.005 -21"><span class='ocrx_word' id='word_1_387' title='bbox 2059 2635 2343 2691; x_wconf 89' lang='lat' dir='ltr'><strong>mentum,</strong></span> <span class='ocrx_word' id='word_1_388' title='bbox 2407 2636 2462 2681; x_wconf 92' lang='lat' dir='ltr'><strong>et</strong></span> <span class='ocrx_word' id='word_1_389' title='bbox 2512 2628 2811 2697; x_wconf 80' lang='lat' dir='ltr'><strong>ignominia</strong></span> <span class='ocrx_word' id='word_1_390' title='bbox 2878 2629 3143 2684; x_wconf 80' lang='lat' dir='ltr'><strong>suﬂundit</strong></span> <span class='ocrx_word' id='word_1_391' title='bbox 3189 2632 3479 2701; x_wconf 89' lang='lat' dir='ltr'><strong>illapsum,</strong></span> <span class='ocrx_word' id='word_1_392' title='bbox 3521 2633 3621 2688; x_wconf 91' lang='lat' dir='ltr'><strong>de-</strong></span> 
     </span>
    </p>
   </div>
   <div class='ocr_carea' id='block_1_57' title="bbox 2061 2718 3617 2794">
    <p class='ocr_par' dir='ltr' id='par_1_57' title="bbox 2061 2718 3617 2794">
     <span class='ocr_line' id='line_1_57' title="bbox 2061 2718 3617 2794; baseline 0.004 -23"><span class='ocrx_word' id='word_1_393' title='bbox 2061 2727 2267 2773; x_wconf 88' lang='lat' dir='ltr'><strong>structa</strong></span> <span class='ocrx_word' id='word_1_394' title='bbox 2304 2718 2425 2788; x_wconf 86' lang='lat' dir='ltr'><strong>ejus</strong></span> <span class='ocrx_word' id='word_1_395' title='bbox 2472 2722 2711 2789; x_wconf 86' lang='lat' dir='ltr'><strong>potentia</strong></span> <span class='ocrx_word' id='word_1_396' title='bbox 2762 2731 2815 2775; x_wconf 91' lang='lat' dir='ltr'><strong>et</strong></span> <span class='ocrx_word' id='word_1_397' title='bbox 2863 2722 2944 2777; x_wconf 90' lang='lat' dir='ltr'><strong>sic</strong></span> <span class='ocrx_word' id='word_1_398' title='bbox 2970 2722 3307 2778; x_wconf 85' lang='lat' dir='ltr'><strong>demonstrat</strong></span> <span class='ocrx_word' id='word_1_399' title='bbox 3336 2728 3617 2794; x_wconf 85' lang='lat' dir='ltr'><strong>quoniam,</strong></span> 
     </span>
    </p>
   </div>
   <div class='ocr_carea' id='block_1_58' title="bbox 2062 2806 3622 2884">
    <p class='ocr_par' dir='ltr' id='par_1_58' title="bbox 2062 2806 3622 2884">
     <span class='ocr_line' id='line_1_58' title="bbox 2062 2806 3622 2884; baseline 0.003 -18"><span class='ocrx_word' id='word_1_400' title='bbox 2062 2812 2169 2867; x_wconf 85' lang='lat' dir='ltr'><strong>nisi</strong></span> <span class='ocrx_word' id='word_1_401' title='bbox 2216 2813 2390 2867; x_wconf 86' lang='lat' dir='ltr'><strong>libens</strong></span> <span class='ocrx_word' id='word_1_402' title='bbox 2426 2829 2640 2882; x_wconf 72' lang='lat' dir='ltr'><strong>pteuam</strong></span> <span class='ocrx_word' id='word_1_403' title='bbox 2695 2815 2974 2877; x_wconf 88' lang='lat' dir='ltr'><strong>subiisset,</strong></span> <span class='ocrx_word' id='word_1_404' title='bbox 3007 2806 3155 2869; x_wconf 82' lang='lat' dir='ltr'><strong>nullo</strong></span> <span class='ocrx_word' id='word_1_405' title='bbox 3204 2818 3365 2868; x_wconf 85' lang='lat' dir='ltr'><strong>modo</strong></span> <span class='ocrx_word' id='word_1_406' title='bbox 3426 2831 3622 2884; x_wconf 85' lang='lat' dir='ltr'><strong>passus</strong></span> 
     </span>
    </p>
   </div>
   <div class='ocr_carea' id='block_1_59' title="bbox 2061 2903 3623 2975">
    <p class='ocr_par' dir='ltr' id='par_1_59' title="bbox 2061 2903 3623 2975">
     <span class='ocr_line' id='line_1_59' title="bbox 2061 2903 3623 2975; baseline 0.001 -16"><span class='ocrx_word' id='word_1_407' title='bbox 2061 2913 2208 2959; x_wconf 87' lang='lat' dir='ltr'><strong>esset</strong></span> <span class='ocrx_word' id='word_1_408' title='bbox 2237 2903 2441 2959; x_wconf 80' lang='lat' dir='ltr'><strong>Clu-isti</strong></span> <span class='ocrx_word' id='word_1_409' title='bbox 2476 2907 2651 2975; x_wconf 81' lang='lat' dir='ltr'><strong>gratia</strong></span> <span class='ocrx_word' id='word_1_410' title='bbox 2701 2917 2753 2960; x_wconf 93' lang='lat' dir='ltr'><strong>et</strong></span> <span class='ocrx_word' id='word_1_411' title='bbox 2798 2906 2994 2961; x_wconf 80' lang='lat' dir='ltr'><strong>virtute</strong></span> <span class='ocrx_word' id='word_1_412' title='bbox 3033 2907 3318 2962; x_wconf 85' lang='lat' dir='ltr'><strong>accinctus</strong></span> <span class='ocrx_word' id='word_1_413' title='bbox 3361 2917 3416 2962; x_wconf 92' lang='lat' dir='ltr'><strong>ct</strong></span> <span class='ocrx_word' id='word_1_414' title='bbox 3455 2907 3623 2963; x_wconf 86' lang='lat' dir='ltr'><strong>robo-</strong></span> 
     </span>
    </p>
   </div>
   <div class='ocr_carea' id='block_1_60' title="bbox 2064 2997 3623 3070">
    <p class='ocr_par' dir='ltr' id='par_1_60' title="bbox 2064 2997 3623 3070">
     <span class='ocr_line' id='line_1_60' title="bbox 2064 2997 3623 3070; baseline 0.004 -20"><span class='ocrx_word' id='word_1_415' title='bbox 2064 3007 2239 3059; x_wconf 87' lang='lat' dir='ltr'><strong>ratus,</strong></span> <span class='ocrx_word' id='word_1_416' title='bbox 2288 2997 2422 3050; x_wconf 88' lang='lat' dir='ltr'><strong>bene</strong></span> <span class='ocrx_word' id='word_1_417' title='bbox 2454 3012 2580 3050; x_wconf 90' lang='lat' dir='ltr'><strong>vero</strong></span> <span class='ocrx_word' id='word_1_418' title='bbox 2607 3009 2799 3065; x_wconf 85' lang='lat' dir='ltr'><strong>sponte</strong></span> <span class='ocrx_word' id='word_1_419' title='bbox 2842 3000 3100 3061; x_wconf 86' lang='lat' dir='ltr'><strong>traditur,</strong></span> <span class='ocrx_word' id='word_1_420' title='bbox 3129 2999 3344 3053; x_wconf 87' lang='lat' dir='ltr'><strong>ducitur</strong></span> <span class='ocrx_word' id='word_1_421' title='bbox 3372 3011 3426 3053; x_wconf 94' lang='lat' dir='ltr'><strong>et</strong></span> <span class='ocrx_word' id='word_1_422' title='bbox 3454 3000 3623 3070; x_wconf 88' lang='lat' dir='ltr'><strong>in-pe-</strong></span> 
     </span>
    </p>
   </div>
   <div class='ocr_carea' id='block_1_61' title="bbox 2065 3089 3622 3157">
    <p class='ocr_par' dir='ltr' id='par_1_61' title="bbox 2065 3089 3622 3157">
     <span class='ocr_line' id='line_1_61' title="bbox 2065 3089 3622 3157; baseline 0.005 -17"><span class='ocrx_word' id='word_1_423' title='bbox 2065 3089 2209 3142; x_wconf 88' lang='lat' dir='ltr'><strong>riose</strong></span> <span class='ocrx_word' id='word_1_424' title='bbox 2246 3096 2513 3142; x_wconf 87' lang='lat' dir='ltr'><strong>tractatur</strong></span> <span class='ocrx_word' id='word_1_425' title='bbox 2559 3089 2731 3157; x_wconf 82' lang='lat' dir='ltr'><strong>plebis</strong></span> <span class='ocrx_word' id='word_1_426' title='bbox 2794 3092 3045 3143; x_wconf 89' lang='lat' dir='ltr'><strong>manibus</strong></span> <span class='ocrx_word' id='word_1_427' title='bbox 3093 3100 3150 3144; x_wconf 90' lang='lat' dir='ltr'><strong>et</strong></span> <span class='ocrx_word' id='word_1_428' title='bbox 3201 3093 3269 3144; x_wconf 90' lang='lat' dir='ltr'><strong>ab</strong></span> <span class='ocrx_word' id='word_1_429' title='bbox 3324 3093 3622 3148; x_wconf 80' lang='lat' dir='ltr'><strong>artiticibus</strong></span> 
     </span>
    </p>
   </div>
   <div class='ocr_carea' id='block_1_62' title="bbox 406 3176 2157 3263">
    <p class='ocr_par' dir='ltr' id='par_1_62' title="bbox 406 3176 2155 3263">
     <span class='ocr_line' id='line_1_62' title="bbox 406 3176 2155 3263; baseline 0 -28"><span class='ocrx_word' id='word_1_430' title='bbox 406 3180 501 3235; x_wconf 80' lang='grc' dir='ltr'>καὶ</span> <span class='ocrx_word' id='word_1_431' title='bbox 534 3182 688 3251; x_wconf 77' lang='grc' dir='ltr'>χερσὶ</span> <span class='ocrx_word' id='word_1_432' title='bbox 732 3181 1020 3249; x_wconf 82' lang='grc' dir='ltr'>κρατεῖται</span> <span class='ocrx_word' id='word_1_433' title='bbox 1049 3179 1281 3250; x_wconf 82' lang='grc' dir='ltr'>δημίων,</span> <span class='ocrx_word' id='word_1_434' title='bbox 1322 3179 1417 3231; x_wconf 77' lang='grc' dir='ltr'>καὶ</span> <span class='ocrx_word' id='word_1_435' title='bbox 1451 3176 1552 3230; x_wconf 83' lang='grc' dir='ltr'>ὑπὸ</span> <span class='ocrx_word' id='word_1_436' title='bbox 1590 3178 1696 3231; x_wconf 87' lang='grc' dir='ltr'><strong>τῶν</strong></span> <span class='ocrx_word' id='word_1_437' title='bbox 1722 3176 1960 3247; x_wconf 86' lang='grc' dir='ltr'>κακούρ-</span> <span class='ocrx_word' id='word_1_438' title='bbox 1987 3201 2032 3263; x_wconf 76' lang='lat' dir='ltr'>C</span> <span class='ocrx_word' id='word_1_439' title='bbox 2068 3195 2155 3235; x_wconf 86' lang='lat' dir='ltr'><strong>ma</strong></span> 
     </span>
    </p>
   </div>
   <div class='ocr_carea' id='block_1_63' title="bbox 1872 3176 3623 3263">
    <p class='ocr_par' dir='ltr' id='par_1_63' title="bbox 1872 3176 3623 3263">
     <span class='ocr_line' id='line_1_63' title="bbox 1872 3176 3623 3263; baseline 0.005 -33"><span class='ocrx_word' id='word_1_440' title='bbox 1872 3176 1960 3247; x_wconf 80' lang='grc' dir='ltr'>ύρ-</span> <span class='ocrx_word' id='word_1_441' title='bbox 1987 3201 2032 3263; x_wconf 75' lang='lat' dir='ltr'>C</span> <span class='ocrx_word' id='word_1_442' title='bbox 2068 3180 2196 3235; x_wconf 91' lang='lat' dir='ltr'><strong>mali</strong></span> <span class='ocrx_word' id='word_1_443' title='bbox 2231 3195 2612 3250; x_wconf 83' lang='lat' dir='ltr'><strong>perversorum</strong></span> <span class='ocrx_word' id='word_1_444' title='bbox 2647 3182 2914 3251; x_wconf 81' lang='lat' dir='ltr'><strong>supplicia</strong></span> <span class='ocrx_word' id='word_1_445' title='bbox 2944 3184 3156 3252; x_wconf 86' lang='lat' dir='ltr'><strong>recipit,</strong></span> <span class='ocrx_word' id='word_1_446' title='bbox 3191 3198 3288 3252; x_wconf 85' lang='lat' dir='ltr'><strong>pro</strong></span> <span class='ocrx_word' id='word_1_447' title='bbox 3316 3185 3473 3238; x_wconf 92' lang='lat' dir='ltr'><strong>nobis</strong></span> <span class='ocrx_word' id='word_1_448' title='bbox 3501 3201 3623 3253; x_wconf 89' lang='lat' dir='ltr'><strong>pas-</strong></span> 
     </span>
    </p>
   </div>
   <div class='ocr_carea' id='block_1_64' title="bbox 404 3271 1959 3345">
    <p class='ocr_par' dir='ltr' id='par_1_64' title="bbox 404 3271 1959 3345">
     <span class='ocr_line' id='line_1_64' title="bbox 404 3271 1959 3345; baseline -0.003 -18"><span class='ocrx_word' id='word_1_449' title='bbox 404 3288 518 3343; x_wconf 89' lang='grc' dir='ltr'><strong>γων</strong></span> <span class='ocrx_word' id='word_1_450' title='bbox 566 3274 762 3343; x_wconf 75' lang='grc' dir='ltr'>πάσχει</span> <span class='ocrx_word' id='word_1_451' title='bbox 821 3274 889 3326; x_wconf 83' lang='grc' dir='ltr'>τὰ</span> <span class='ocrx_word' id='word_1_452' title='bbox 942 3273 1051 3326; x_wconf 87' lang='grc' dir='ltr'><strong>τῶν</strong></span> <span class='ocrx_word' id='word_1_453' title='bbox 1105 3272 1446 3345; x_wconf 81' lang='grc' dir='ltr'>κακούργων,</span> <span class='ocrx_word' id='word_1_454' title='bbox 1495 3271 1585 3324; x_wconf 84' lang='grc' dir='ltr'><strong>τὸν</strong></span> <span class='ocrx_word' id='word_1_455' title='bbox 1628 3271 1767 3344; x_wconf 81' lang='grc' dir='ltr'>ὑπὲρ</span> <span class='ocrx_word' id='word_1_456' title='bbox 1802 3272 1959 3341; x_wconf 80' lang='grc' dir='ltr'>ήμῶν</span> 
     </span>
    </p>
   </div>
   <div class='ocr_carea' id='block_1_65' title="bbox 408 3362 1979 3435">
    <p class='ocr_par' dir='ltr' id='par_1_65' title="bbox 408 3362 1979 3435">
     <span class='ocr_line' id='line_1_65' title="bbox 408 3362 1979 3435; baseline -0.003 -16"><span class='ocrx_word' id='word_1_457' title='bbox 408 3366 647 3419; x_wconf 77' lang='grc' dir='ltr'>παθόντα</span> <span class='ocrx_word' id='word_1_458' title='bbox 684 3365 1036 3435; x_wconf 88' lang='grc' dir='ltr'>μιμούμενος.</span> <span class='ocrx_word' id='word_1_459' title='bbox 1069 3364 1166 3417; x_wconf 88' lang='grc' dir='ltr'>Διά</span> <span class='ocrx_word' id='word_1_460' title='bbox 1195 3363 1350 3417; x_wconf 89' lang='grc' dir='ltr'>τοῦτο</span> <span class='ocrx_word' id='word_1_461' title='bbox 1398 3365 1489 3417; x_wconf 71' lang='grc' dir='ltr'><strong>καὶ</strong></span> <span class='ocrx_word' id='word_1_462' title='bbox 1535 3364 1648 3427; x_wconf 83' lang='grc' dir='ltr'>τοῖς</span> <span class='ocrx_word' id='word_1_463' title='bbox 1697 3362 1979 3432; x_wconf 67' lang='grc' dir='ltr'>λογχοφόι</span> 
     </span>
    </p>
   </div>
   <div class='ocr_carea' id='block_1_66' title="bbox 408 3455 1957 3528">
    <p class='ocr_par' dir='ltr' id='par_1_66' title="bbox 408 3455 1957 3528">
     <span class='ocr_line' id='line_1_66' title="bbox 408 3455 1957 3528; baseline -0.001 -18"><span class='ocrx_word' id='word_1_464' title='bbox 408 3474 520 3528; x_wconf 87' lang='grc' dir='ltr'>ροις</span> <span class='ocrx_word' id='word_1_465' title='bbox 550 3460 801 3511; x_wconf 79' lang='grc' dir='ltr'>ἐπιστᾶσι</span> <span class='ocrx_word' id='word_1_466' title='bbox 828 3457 1083 3525; x_wconf 79' lang='grc' dir='ltr'>φονῶσιν,</span> <span class='ocrx_word' id='word_1_467' title='bbox 1122 3455 1225 3508; x_wconf 78' lang='grc' dir='ltr'>ὑπὸ</span> <span class='ocrx_word' id='word_1_468' title='bbox 1258 3458 1351 3509; x_wconf 90' lang='grc' dir='ltr'><strong>τοῦ</strong></span> <span class='ocrx_word' id='word_1_469' title='bbox 1389 3455 1655 3524; x_wconf 88' lang='grc' dir='ltr'>τυράννου</span> <span class='ocrx_word' id='word_1_470' title='bbox 1692 3455 1957 3523; x_wconf 80' lang='grc' dir='ltr'>πεμφθεΞ-</span> 
     </span>
    </p>
   </div>
   <div class='ocr_carea' id='block_1_67' title="bbox 409 3545 1962 3616">
    <p class='ocr_par' dir='ltr' id='par_1_67' title="bbox 409 3545 1962 3616">
     <span class='ocr_line' id='line_1_67' title="bbox 409 3545 1962 3616; baseline -0.003 -16"><span class='ocrx_word' id='word_1_471' title='bbox 409 3564 515 3613; x_wconf 81' lang='grc' dir='ltr'>σιν,</span> <span class='ocrx_word' id='word_1_472' title='bbox 568 3547 1054 3615; x_wconf 68' lang='grc' dir='ltr'>ἀναπεπταμέναις</span> <span class='ocrx_word' id='word_1_473' title='bbox 1103 3546 1385 3612; x_wconf 79' lang='grc' dir='ltr'>ἀγκάλαις,</span> <span class='ocrx_word' id='word_1_474' title='bbox 1435 3545 1510 3608; x_wconf 87' lang='grc' dir='ltr'><strong>ώς</strong></span> <span class='ocrx_word' id='word_1_475' title='bbox 1544 3546 1772 3614; x_wconf 83' lang='grc' dir='ltr'>καιρίως</span> <span class='ocrx_word' id='word_1_476' title='bbox 1823 3546 1962 3616; x_wconf 81' lang='grc' dir='ltr'>πλη-</span> 
     </span>
    </p>
   </div>
   <div class='ocr_carea' id='block_1_68' title="bbox 407 3638 1963 3710">
    <p class='ocr_par' dir='ltr' id='par_1_68' title="bbox 407 3638 1963 3710">
     <span class='ocr_line' id='line_1_68' title="bbox 407 3638 1963 3710; baseline -0.001 -19"><span class='ocrx_word' id='word_1_477' title='bbox 407 3639 794 3708; x_wconf 76' lang='grc' dir='ltr'>χθησομέναις,</span> <span class='ocrx_word' id='word_1_478' title='bbox 822 3640 1035 3709; x_wconf 80' lang='grc' dir='ltr'>δέχεται</span> <span class='ocrx_word' id='word_1_479' title='bbox 1066 3638 1163 3708; x_wconf 75' lang='grc' dir='ltr'>τὴν</span> <span class='ocrx_word' id='word_1_480' title='bbox 1202 3638 1518 3693; x_wconf 78' lang='grc' dir='ltr'>τελευταίαν</span> <span class='ocrx_word' id='word_1_481' title='bbox 1544 3638 1791 3710; x_wconf 81' lang='grc' dir='ltr'>πληγὴν,</span> <span class='ocrx_word' id='word_1_482' title='bbox 1830 3638 1963 3708; x_wconf 83' lang='grc' dir='ltr'><strong>μᾶλ-</strong></span> 
     </span>
    </p>
   </div>
   <div class='ocr_carea' id='block_1_69' title="bbox 404 3728 1960 3800">
    <p class='ocr_par' dir='ltr' id='par_1_69' title="bbox 404 3728 1960 3800">
     <span class='ocr_line' id='line_1_69' title="bbox 404 3728 1960 3800; baseline -0.001 -17"><span class='ocrx_word' id='word_1_483' title='bbox 404 3728 498 3783; x_wconf 86' lang='grc' dir='ltr'><strong>λον</strong></span> <span class='ocrx_word' id='word_1_484' title='bbox 535 3730 591 3783; x_wconf 78' lang='grc' dir='ltr'>δὲ</span> <span class='ocrx_word' id='word_1_485' title='bbox 647 3730 743 3792; x_wconf 87' lang='grc' dir='ltr'>τὰς</span> <span class='ocrx_word' id='word_1_486' title='bbox 800 3730 1036 3800; x_wconf 79' lang='grc' dir='ltr'>πληγάς,</span> <span class='ocrx_word' id='word_1_487' title='bbox 1091 3729 1178 3782; x_wconf 87' lang='grc' dir='ltr'><strong>διὰ</strong></span> <span class='ocrx_word' id='word_1_488' title='bbox 1228 3728 1442 3783; x_wconf 84' lang='grc' dir='ltr'>πάντων</span> <span class='ocrx_word' id='word_1_489' title='bbox 1498 3730 1705 3793; x_wconf 70' lang='grc' dir='ltr'>ἰούσας,</span> <span class='ocrx_word' id='word_1_490' title='bbox 1757 3729 1865 3782; x_wconf 90' lang='grc' dir='ltr'><strong>τῶν</strong></span> <span class='ocrx_word' id='word_1_491' title='bbox 1901 3746 1960 3781; x_wconf 91' lang='grc' dir='ltr'><strong>τε</strong></span> 
     </span>
    </p>
   </div>
   <div class='ocr_carea' id='block_1_70' title="bbox 408 3822 1961 3893">
    <p class='ocr_par' dir='ltr' id='par_1_70' title="bbox 408 3822 1961 3893">
     <span class='ocr_line' id='line_1_70' title="bbox 408 3822 1961 3893; baseline -0.003 -15"><span class='ocrx_word' id='word_1_492' title='bbox 408 3822 753 3892; x_wconf 81' lang='grc' dir='ltr'>σπλάγχνων,</span> <span class='ocrx_word' id='word_1_493' title='bbox 795 3823 890 3875; x_wconf 75' lang='grc' dir='ltr'>καὶ</span> <span class='ocrx_word' id='word_1_494' title='bbox 938 3822 1129 3885; x_wconf 84' lang='grc' dir='ltr'>ὀστῶν,</span> <span class='ocrx_word' id='word_1_495' title='bbox 1158 3822 1251 3874; x_wconf 77' lang='grc' dir='ltr'><strong>καὶ</strong></span> <span class='ocrx_word' id='word_1_496' title='bbox 1285 3822 1523 3893; x_wconf 84' lang='grc' dir='ltr'>σαρκῶν,</span> <span class='ocrx_word' id='word_1_497' title='bbox 1574 3822 1650 3886; x_wconf 87' lang='grc' dir='ltr'><strong>ώς</strong></span> <span class='ocrx_word' id='word_1_498' title='bbox 1695 3823 1961 3891; x_wconf 77' lang='grc' dir='ltr'>ἑκατέραν</span> 
     </span>
    </p>
   </div>
   <div class='ocr_carea' id='block_1_71' title="bbox 406 3914 1960 3985">
    <p class='ocr_par' dir='ltr' id='par_1_71' title="bbox 406 3914 1960 3985">
     <span class='ocr_line' id='line_1_71' title="bbox 406 3914 1960 3985; baseline 0.001 -18"><span class='ocrx_word' id='word_1_499' title='bbox 406 3914 515 3967; x_wconf 85' lang='grc' dir='ltr'><strong>τῶν</strong></span> <span class='ocrx_word' id='word_1_500' title='bbox 546 3915 814 3985; x_wconf 85' lang='grc' dir='ltr'>πλευρῶν,</span> <span class='ocrx_word' id='word_1_501' title='bbox 837 3916 934 3984; x_wconf 83' lang='grc' dir='ltr'><strong>τὴν</strong></span> <span class='ocrx_word' id='word_1_502' title='bbox 969 3914 1069 3985; x_wconf 86' lang='grc' dir='ltr'><strong>μέν</strong></span> <span class='ocrx_word' id='word_1_503' title='bbox 1097 3914 1300 3979; x_wconf 75' lang='grc' dir='ltr'>ἔξωθεν</span> <span class='ocrx_word' id='word_1_504' title='bbox 1340 3914 1596 3978; x_wconf 85' lang='grc' dir='ltr'>δέξασθαι</span> <span class='ocrx_word' id='word_1_505' title='bbox 1630 3917 1726 3979; x_wconf 74' lang='grc' dir='ltr'><strong>τὰς</strong></span> <span class='ocrx_word' id='word_1_506' title='bbox 1760 3918 1960 3969; x_wconf 83' lang='grc' dir='ltr'>ἐκ·τῶν</span> 
     </span>
    </p>
   </div>
   <div class='ocr_carea' id='block_1_72' title="bbox 409 4005 1961 4075">
    <p class='ocr_par' dir='ltr' id='par_1_72' title="bbox 409 4005 1961 4075">
     <span class='ocr_line' id='line_1_72' title="bbox 409 4005 1961 4075; baseline 0 -16"><span class='ocrx_word' id='word_1_507' title='bbox 409 4005 623 4074; x_wconf 86' lang='grc' dir='ltr'>αίχμῶν</span> <span class='ocrx_word' id='word_1_508' title='bbox 645 4008 976 4075; x_wconf 81' lang='grc' dir='ltr'>διατρήσεις,</span> <span class='ocrx_word' id='word_1_509' title='bbox 1012 4006 1110 4075; x_wconf 80' lang='grc' dir='ltr'>τὴν</span> <span class='ocrx_word' id='word_1_510' title='bbox 1134 4006 1210 4070; x_wconf 75' lang='grc' dir='ltr'>δὲ,</span> <span class='ocrx_word' id='word_1_511' title='bbox 1241 4005 1470 4072; x_wconf 69' lang='grc' dir='ltr'>ἔνδοθεν,</span> <span class='ocrx_word' id='word_1_512' title='bbox 1494 4007 1587 4058; x_wconf 76' lang='grc' dir='ltr'>καὶ</span> <span class='ocrx_word' id='word_1_513' title='bbox 1612 4007 1753 4059; x_wconf 73' lang='grc' dir='ltr'>οὕτω</span> <span class='ocrx_word' id='word_1_514' title='bbox 1772 4006 1961 4059; x_wconf 85' lang='grc' dir='ltr'>διπλα-</span> 
     </span>
    </p>
   </div>
   <div class='ocr_carea' id='block_1_73' title="bbox 407 4096 1958 4169">
    <p class='ocr_par' dir='ltr' id='par_1_73' title="bbox 407 4096 1958 4169">
     <span class='ocr_line' id='line_1_73' title="bbox 407 4096 1958 4169; baseline 0 -18"><span class='ocrx_word' id='word_1_515' title='bbox 407 4099 606 4162; x_wconf 75' lang='grc' dir='ltr'>σιάζει,</span> <span class='ocrx_word' id='word_1_516' title='bbox 645 4097 845 4165; x_wconf 81' lang='grc' dir='ltr'>μᾶλλον</span> <span class='ocrx_word' id='word_1_517' title='bbox 876 4096 931 4149; x_wconf 86' lang='grc' dir='ltr'><strong>δέ</strong></span> <span class='ocrx_word' id='word_1_518' title='bbox 977 4096 1426 4163; x_wconf 78' lang='grc' dir='ltr'>πολυπλασιάζει,</span> <span class='ocrx_word' id='word_1_519' title='bbox 1473 4098 1533 4150; x_wconf 87' lang='grc' dir='ltr'><strong>τὸ</strong></span> <span class='ocrx_word' id='word_1_520' title='bbox 1562 4099 1662 4167; x_wconf 87' lang='grc' dir='ltr'>τῆς</span> <span class='ocrx_word' id='word_1_521' title='bbox 1693 4099 1958 4169; x_wconf 80' lang='grc' dir='ltr'>σωτηρίου</span> 
     </span>
    </p>
   </div>
   <div class='ocr_carea' id='block_1_74' title="bbox 407 4190 1961 4262">
    <p class='ocr_par' dir='ltr' id='par_1_74' title="bbox 407 4190 1961 4262">
     <span class='ocr_line' id='line_1_74' title="bbox 407 4190 1961 4262; baseline 0.001 -21"><span class='ocrx_word' id='word_1_522' title='bbox 407 4191 576 4254; x_wconf 85' lang='grc' dir='ltr'>πάθος</span> <span class='ocrx_word' id='word_1_523' title='bbox 605 4190 864 4262; x_wconf 79' lang='grc' dir='ltr'>πλευρᾶς,</span> <span class='ocrx_word' id='word_1_524' title='bbox 915 4192 982 4244; x_wconf 88' lang='grc' dir='ltr'><strong>τά</strong></span> <span class='ocrx_word' id='word_1_525' title='bbox 1016 4192 1368 4261; x_wconf 81' lang='grc' dir='ltr'>ὑστερήματα</span> <span class='ocrx_word' id='word_1_526' title='bbox 1410 4191 1549 4244; x_wconf 73' lang='grc' dir='ltr'><strong>κατά</strong></span> <span class='ocrx_word' id='word_1_527' title='bbox 1596 4190 1805 4244; x_wconf 85' lang='grc' dir='ltr'>Παῦλον</span> <span class='ocrx_word' id='word_1_528' title='bbox 1833 4192 1961 4244; x_wconf 84' lang='grc' dir='ltr'>ἁνα-</span> 
     </span>
    </p>
   </div>
   <div class='ocr_carea' id='block_1_75' title="bbox 404 4282 1959 4355">
    <p class='ocr_par' dir='ltr' id='par_1_75' title="bbox 404 4282 1959 4355">
     <span class='ocr_line' id='line_1_75' title="bbox 404 4282 1959 4355; baseline 0.008 -23"><span class='ocrx_word' id='word_1_529' title='bbox 404 4282 626 4353; x_wconf 85' lang='grc' dir='ltr'>πληρῶν</span> <span class='ocrx_word' id='word_1_530' title='bbox 656 4282 751 4336; x_wconf 88' lang='grc' dir='ltr'><strong>τοῦ</strong></span> <span class='ocrx_word' id='word_1_531' title='bbox 782 4282 1043 4354; x_wconf 86' lang='grc' dir='ltr'>Χριστοῦ,</span> <span class='ocrx_word' id='word_1_532' title='bbox 1080 4286 1172 4337; x_wconf 75' lang='grc' dir='ltr'><strong>καὶ</strong></span> <span class='ocrx_word' id='word_1_533' title='bbox 1220 4283 1392 4345; x_wconf 79' lang='grc' dir='ltr'>οὕτως</span> <span class='ocrx_word' id='word_1_534' title='bbox 1436 4284 1536 4355; x_wconf 78' lang='grc' dir='ltr'>ἐρᾷ</span> <span class='ocrx_word' id='word_1_535' title='bbox 1581 4284 1680 4352; x_wconf 76' lang='grc' dir='ltr'>τῆς</span> <span class='ocrx_word' id='word_1_536' title='bbox 1721 4282 1959 4352; x_wconf 77' lang='grc' dir='ltr'>σφαγῆς.</span> 
     </span>
    </p>
   </div>
   <div class='ocr_carea' id='block_1_76' title="bbox 407 4372 1964 4448">
    <p class='ocr_par' dir='ltr' id='par_1_76' title="bbox 407 4372 1964 4448">
     <span class='ocr_line' id='line_1_76' title="bbox 407 4372 1964 4448; baseline 0.001 -19"><span class='ocrx_word' id='word_1_537' title='bbox 407 4379 500 4431; x_wconf 78' lang='grc' dir='ltr'><strong>καὶ</strong></span> <span class='ocrx_word' id='word_1_538' title='bbox 548 4375 721 4442; x_wconf 86' lang='grc' dir='ltr'>οῦτως</span> <span class='ocrx_word' id='word_1_539' title='bbox 767 4379 866 4448; x_wconf 77' lang='grc' dir='ltr'>ἐρᾷ</span> <span class='ocrx_word' id='word_1_540' title='bbox 909 4381 1002 4430; x_wconf 91' lang='grc' dir='ltr'><strong>τοῦ</strong></span> <span class='ocrx_word' id='word_1_541' title='bbox 1050 4380 1111 4431; x_wconf 78' lang='grc' dir='ltr'><strong>τὸ</strong></span> <span class='ocrx_word' id='word_1_542' title='bbox 1159 4377 1290 4432; x_wconf 85' lang='grc' dir='ltr'>ίδιον</span> <span class='ocrx_word' id='word_1_543' title='bbox 1347 4372 1486 4447; x_wconf 75' lang='grc' dir='ltr'>αἷμα</span> <span class='ocrx_word' id='word_1_544' title='bbox 1523 4380 1639 4447; x_wconf 81' lang='grc' dir='ltr'>χεὶν</span> <span class='ocrx_word' id='word_1_545' title='bbox 1672 4378 1812 4447; x_wconf 81' lang='grc' dir='ltr'>ὑπὲρ</span> <span class='ocrx_word' id='word_1_546' title='bbox 1862 4376 1964 4448; x_wconf 83' lang='grc' dir='ltr'>τῆς</span> 
     </span>
    </p>
   </div>
   <div class='ocr_carea' id='block_1_77' title="bbox 404 4468 1959 4541">
    <p class='ocr_par' dir='ltr' id='par_1_77' title="bbox 404 4468 1959 4541">
     <span class='ocr_line' id='line_1_77' title="bbox 404 4468 1959 4541; baseline -0.001 -18"><span class='ocrx_word' id='word_1_547' title='bbox 404 4468 559 4539; x_wconf 76' lang='grc' dir='ltr'>δόξης</span> <span class='ocrx_word' id='word_1_548' title='bbox 591 4470 686 4523; x_wconf 91' lang='grc' dir='ltr'><strong>τοῦ</strong></span> <span class='ocrx_word' id='word_1_549' title='bbox 737 4470 997 4540; x_wconf 87' lang='grc' dir='ltr'>Χριστοῦ,</span> <span class='ocrx_word' id='word_1_550' title='bbox 1033 4472 1173 4525; x_wconf 83' lang='grc' dir='ltr'>πάνυ</span> <span class='ocrx_word' id='word_1_551' title='bbox 1223 4471 1479 4534; x_wconf 80' lang='grc' dir='ltr'>πολλάκις</span> <span class='ocrx_word' id='word_1_552' title='bbox 1530 4473 1623 4524; x_wconf 80' lang='grc' dir='ltr'>καὶ</span> <span class='ocrx_word' id='word_1_553' title='bbox 1674 4472 1959 4541; x_wconf 77' lang='grc' dir='ltr'>διηνεκῶς,</span> 
     </span>
    </p>
   </div>
   <div class='ocr_carea' id='block_1_78' title="bbox 406 4546 2040 4636">
    <p class='ocr_par' dir='ltr' id='par_1_78' title="bbox 406 4546 2040 4636">
     <span class='ocr_line' id='line_1_78' title="bbox 406 4546 2040 4636; baseline -0.001 -20"><span class='ocrx_word' id='word_1_554' title='bbox 406 4564 565 4633; x_wconf 83' lang='grc' dir='ltr'>εἴπερ</span> <span class='ocrx_word' id='word_1_555' title='bbox 602 4559 668 4636; x_wconf 74' lang='grc' dir='ltr'>ἦν</span> <span class='ocrx_word' id='word_1_556' title='bbox 689 4604 703 4625; x_wconf 86' lang='grc'><strong>,</strong></span> <span class='ocrx_word' id='word_1_557' title='bbox 738 4562 810 4626; x_wconf 82' lang='grc' dir='ltr'>ὡς</span> <span class='ocrx_word' id='word_1_558' title='bbox 846 4566 940 4615; x_wconf 73' lang='grc' dir='ltr'>καὶ</span> <span class='ocrx_word' id='word_1_559' title='bbox 970 4564 1124 4635; x_wconf 87' lang='grc' dir='ltr'><strong>παρά</strong></span> <span class='ocrx_word' id='word_1_560' title='bbox 1168 4563 1261 4616; x_wconf 86' lang='grc' dir='ltr'><strong>τοῦ</strong></span> <span class='ocrx_word' id='word_1_561' title='bbox 1294 4565 1654 4631; x_wconf 80' lang='grc' dir='ltr'>γινώσκοντος</span> <span class='ocrx_word' id='word_1_562' title='bbox 1686 4565 1745 4618; x_wconf 74' lang='grc' dir='ltr'><strong>τὸ</strong></span> <span class='ocrx_word' id='word_1_563' title='bbox 1776 4563 1962 4632; x_wconf 81' lang='grc' dir='ltr'>περιὸν</span> <span class='ocrx_word' id='word_1_564' title='bbox 1998 4546 2040 4601; x_wconf 75' lang='grc' dir='ltr'><strong>θ</strong></span> 
     </span>
    </p>
   </div>
   <div class='ocr_carea' id='block_1_79' title="bbox 409 4657 1966 4729">
    <p class='ocr_par' dir='ltr' id='par_1_79' title="bbox 409 4657 1966 4729">
     <span class='ocr_line' id='line_1_79' title="bbox 409 4657 1966 4729; baseline 0.002 -20"><span class='ocrx_word' id='word_1_565' title='bbox 409 4658 561 4724; x_wconf 79' lang='grc' dir='ltr'>αὐτῷ</span> <span class='ocrx_word' id='word_1_566' title='bbox 593 4658 685 4711; x_wconf 76' lang='grc' dir='ltr'>καὶ</span> <span class='ocrx_word' id='word_1_567' title='bbox 734 4658 1073 4729; x_wconf 71' lang='grc' dir='ltr'>ὑπερϐάλλον</span> <span class='ocrx_word' id='word_1_568' title='bbox 1100 4657 1194 4711; x_wconf 85' lang='grc' dir='ltr'><strong>τοῦ</strong></span> <span class='ocrx_word' id='word_1_569' title='bbox 1239 4658 1440 4728; x_wconf 74' lang='grc' dir='ltr'>ἔρωτος</span> <span class='ocrx_word' id='word_1_570' title='bbox 1483 4658 1665 4729; x_wconf 76' lang='grc' dir='ltr'>πηγὴν</span> <span class='ocrx_word' id='word_1_571' title='bbox 1693 4658 1876 4711; x_wconf 78' lang='grc' dir='ltr'>λαϐεῖν</span> <span class='ocrx_word' id='word_1_572' title='bbox 1909 4660 1966 4712; x_wconf 87' lang='grc' dir='ltr'><strong>ἐν</strong></span> 
     </span>
    </p>
   </div>
   <div class='ocr_carea' id='block_1_80' title="bbox 405 4750 1963 4823">
    <p class='ocr_par' dir='ltr' id='par_1_80' title="bbox 405 4750 1963 4823">
     <span class='ocr_line' id='line_1_80' title="bbox 405 4750 1963 4823; baseline 0.001 -21"><span class='ocrx_word' id='word_1_573' title='bbox 405 4753 483 4820; x_wconf 82' lang='grc' dir='ltr'><strong>τῷ</strong></span> <span class='ocrx_word' id='word_1_574' title='bbox 519 4750 732 4820; x_wconf 85' lang='grc' dir='ltr'>σώματι</span> <span class='ocrx_word' id='word_1_575' title='bbox 763 4755 972 4823; x_wconf 86' lang='grc' dir='ltr'>μύρων,</span> <span class='ocrx_word' id='word_1_576' title='bbox 1032 4754 1120 4806; x_wconf 82' lang='grc' dir='ltr'><strong>ἵνα</strong></span> <span class='ocrx_word' id='word_1_577' title='bbox 1174 4753 1266 4807; x_wconf 74' lang='grc' dir='ltr'><strong>τοῦ</strong></span> <span class='ocrx_word' id='word_1_578' title='bbox 1320 4753 1547 4823; x_wconf 81' lang='grc' dir='ltr'>αἵματος</span> <span class='ocrx_word' id='word_1_579' title='bbox 1600 4752 1963 4817; x_wconf 80' lang='grc' dir='ltr'>ἐπιλιπόντος,</span> 
     </span>
    </p>
   </div>
   <div class='ocr_carea' id='block_1_81' title="bbox 407 4844 1966 4916">
    <p class='ocr_par' dir='ltr' id='par_1_81' title="bbox 407 4844 1966 4916">
     <span class='ocr_line' id='line_1_81' title="bbox 407 4844 1966 4916; baseline -0.001 -18"><span class='ocrx_word' id='word_1_580' title='bbox 407 4844 544 4913; x_wconf 83' lang='grc' dir='ltr'>αὓτη</span> <span class='ocrx_word' id='word_1_581' title='bbox 585 4850 678 4899; x_wconf 73' lang='grc' dir='ltr'><strong>καὶ</strong></span> <span class='ocrx_word' id='word_1_582' title='bbox 704 4849 783 4908; x_wconf 83' lang='grc' dir='ltr'><strong>είς</strong></span> <span class='ocrx_word' id='word_1_583' title='bbox 828 4847 919 4899; x_wconf 79' lang='grc' dir='ltr'>τὸν</span> <span class='ocrx_word' id='word_1_584' title='bbox 951 4846 1096 4915; x_wconf 38' lang='grc' dir='ltr'>,ἑξῆς</span> <span class='ocrx_word' id='word_1_585' title='bbox 1148 4848 1321 4901; x_wconf 88' lang='grc' dir='ltr'>πάντα</span> <span class='ocrx_word' id='word_1_586' title='bbox 1357 4848 1550 4916; x_wconf 79' lang='grc' dir='ltr'>χρόνον</span> <span class='ocrx_word' id='word_1_587' title='bbox 1587 4846 1703 4898; x_wconf 72' lang='grc' dir='ltr'>ἀντὶ</span> <span class='ocrx_word' id='word_1_588' title='bbox 1735 4847 1966 4914; x_wconf 77' lang='grc' dir='ltr'>αἵματος</span> 
     </span>
    </p>
   </div>
   <div class='ocr_carea' id='block_1_82' title="bbox 407 4930 1967 5020">
    <p class='ocr_par' dir='ltr' id='par_1_82' title="bbox 407 4930 1967 5020">
     <span class='ocr_line' id='line_1_82' title="bbox 407 4930 1967 5020; baseline 0 -31"><span class='ocrx_word' id='word_1_589' title='bbox 407 4940 470 4989; x_wconf 82' lang='grc' dir='ltr'>ἑκ</span> <span class='ocrx_word' id='word_1_590' title='bbox 502 4937 595 4991; x_wconf 87' lang='grc' dir='ltr'><strong>τοῦ</strong></span> <span class='ocrx_word' id='word_1_591' title='bbox 622 4936 871 5005; x_wconf 83' lang='grc' dir='ltr'>σώματος</span> <span class='ocrx_word' id='word_1_592' title='bbox 901 4940 1091 5008; x_wconf 84' lang='grc' dir='ltr'>χέηται</span> <span class='ocrx_word' id='word_1_593' title='bbox 1120 4940 1197 5001; x_wconf 89' lang='grc' dir='ltr'>εἰς</span> <span class='ocrx_word' id='word_1_594' title='bbox 1230 4938 1387 5004; x_wconf 77' lang='grc' dir='ltr'>δόξαν</span> <span class='ocrx_word' id='word_1_595' title='bbox 1428 4936 1687 5007; x_wconf 85' lang='grc' dir='ltr'>Χριστοῦ,</span> <span class='ocrx_word' id='word_1_596' title='bbox 1723 4937 1791 5020; x_wconf 49' lang='grc' dir='ltr'><strong>ὃν.</strong></span> <span class='ocrx_word' id='word_1_597' title='bbox 1812 4930 1967 5001; x_wconf 75' lang='grc' dir='ltr'>οὗτος</span> 
     </span>
    </p>
   </div>
   <div class='ocr_carea' id='block_1_83' title="bbox 408 5031 1967 5101">
    <p class='ocr_par' dir='ltr' id='par_1_83' title="bbox 408 5031 1967 5101">
     <span class='ocr_line' id='line_1_83' title="bbox 408 5031 1967 5101; baseline -0.001 -17"><span class='ocrx_word' id='word_1_598' title='bbox 408 5033 503 5084; x_wconf 78' lang='grc' dir='ltr'>καὶ</span> <span class='ocrx_word' id='word_1_599' title='bbox 549 5032 634 5085; x_wconf 75' lang='grc' dir='ltr'><strong>διὰ</strong></span> <span class='ocrx_word' id='word_1_600' title='bbox 675 5031 819 5101; x_wconf 78' lang='grc' dir='ltr'>ζωῆς</span> <span class='ocrx_word' id='word_1_601' title='bbox 868 5033 963 5084; x_wconf 73' lang='grc' dir='ltr'><strong>καὶ</strong></span> <span class='ocrx_word' id='word_1_602' title='bbox 1000 5032 1086 5085; x_wconf 86' lang='grc' dir='ltr'>διὰ</span> <span class='ocrx_word' id='word_1_603' title='bbox 1137 5031 1391 5097; x_wconf 81' lang='grc' dir='ltr'>θανάτου,</span> <span class='ocrx_word' id='word_1_604' title='bbox 1425 5034 1518 5084; x_wconf 78' lang='grc' dir='ltr'>καὶ</span> <span class='ocrx_word' id='word_1_605' title='bbox 1564 5032 1702 5099; x_wconf 86' lang='grc' dir='ltr'><strong>μετά</strong></span> <span class='ocrx_word' id='word_1_606' title='bbox 1738 5031 1967 5085; x_wconf 83' lang='grc' dir='ltr'>θάνατον</span> 
     </span>
    </p>
   </div>
   <div class='ocr_carea' id='block_1_84' title="bbox 406 5124 1966 5197">
    <p class='ocr_par' dir='ltr' id='par_1_84' title="bbox 406 5124 1966 5197">
     <span class='ocr_line' id='line_1_84' title="bbox 406 5124 1966 5197; baseline -0.004 -17"><span class='ocrx_word' id='word_1_607' title='bbox 406 5126 508 5180; x_wconf 76' lang='grc' dir='ltr'><strong>οὐκ</strong></span> <span class='ocrx_word' id='word_1_608' title='bbox 530 5124 747 5190; x_wconf 79' lang='grc' dir='ltr'>ἐδόξασε</span> <span class='ocrx_word' id='word_1_609' title='bbox 784 5126 966 5195; x_wconf 84' lang='grc' dir='ltr'>μόνον,</span> <span class='ocrx_word' id='word_1_610' title='bbox 996 5126 1132 5179; x_wconf 84' lang='grc' dir='ltr'><strong>ἀλλά</strong></span> <span class='ocrx_word' id='word_1_611' title='bbox 1156 5129 1254 5180; x_wconf 77' lang='grc' dir='ltr'>καὶ</span> <span class='ocrx_word' id='word_1_612' title='bbox 1275 5125 1487 5190; x_wconf 77' lang='grc' dir='ltr'>δοξάζει</span> <span class='ocrx_word' id='word_1_613' title='bbox 1509 5124 1770 5196; x_wconf 86' lang='grc' dir='ltr'>διηνεκῶς</span> <span class='ocrx_word' id='word_1_614' title='bbox 1788 5140 1803 5156; x_wconf 82' lang='grc'><em>’</em></span> <span class='ocrx_word' id='word_1_615' title='bbox 1832 5125 1966 5197; x_wconf 79' lang='grc' dir='ltr'>παρ’</span> 
     </span>
    </p>
   </div>
   <div class='ocr_carea' id='block_1_85' title="bbox 405 5214 1970 5290">
    <p class='ocr_par' dir='ltr' id='par_1_85' title="bbox 405 5214 1970 5290">
     <span class='ocr_line' id='line_1_85' title="bbox 405 5214 1970 5290; baseline -0.001 -19"><span class='ocrx_word' id='word_1_616' title='bbox 405 5214 468 5273; x_wconf 79' lang='grc' dir='ltr'><strong>οῦ</strong></span> <span class='ocrx_word' id='word_1_617' title='bbox 505 5221 597 5272; x_wconf 75' lang='grc' dir='ltr'>καὶ</span> <span class='ocrx_word' id='word_1_618' title='bbox 626 5221 684 5272; x_wconf 88' lang='grc' dir='ltr'><strong>ἐν</strong></span> <span class='ocrx_word' id='word_1_619' title='bbox 720 5222 791 5289; x_wconf 79' lang='grc' dir='ltr'>γῇ</span> <span class='ocrx_word' id='word_1_620' title='bbox 836 5219 930 5272; x_wconf 75' lang='grc' dir='ltr'><strong>καὶ</strong></span> <span class='ocrx_word' id='word_1_621' title='bbox 986 5219 1045 5271; x_wconf 84' lang='grc' dir='ltr'><strong>ἐν</strong></span> <span class='ocrx_word' id='word_1_622' title='bbox 1077 5217 1292 5290; x_wconf 81' lang='grc' dir='ltr'>οὐρανῷ</span> <span class='ocrx_word' id='word_1_623' title='bbox 1324 5219 1420 5271; x_wconf 76' lang='grc' dir='ltr'><strong>καὶ</strong></span> <span class='ocrx_word' id='word_1_624' title='bbox 1457 5217 1841 5286; x_wconf 83' lang='grc' dir='ltr'>ἀντεδοξάσθη,</span> <span class='ocrx_word' id='word_1_625' title='bbox 1875 5218 1970 5270; x_wconf 77' lang='grc' dir='ltr'><strong>καὶ</strong></span> 
     </span>
    </p>
   </div>
   <div class='ocr_carea' id='block_1_86' title="bbox 405 5303 1472 5380">
    <p class='ocr_par' dir='ltr' id='par_1_86' title="bbox 405 5303 1472 5380">
     <span class='ocr_line' id='line_1_86' title="bbox 405 5303 1472 5380; baseline -0.002 -15"><span class='ocrx_word' id='word_1_626' title='bbox 405 5310 709 5378; x_wconf 76' lang='grc' dir='ltr'>δοξάζεται,</span> <span class='ocrx_word' id='word_1_627' title='bbox 744 5314 837 5365; x_wconf 76' lang='grc' dir='ltr'><strong>καὶ</strong></span> <span class='ocrx_word' id='word_1_628' title='bbox 873 5310 1265 5380; x_wconf 83' lang='grc' dir='ltr'>δοξασθήσεται</span> <span class='ocrx_word' id='word_1_629' title='bbox 1291 5303 1472 5373; x_wconf 75' lang='grc' dir='ltr'>θείως.</span> 
     </span>
    </p>
   </div>
   <div class='ocr_carea' id='block_1_87' title="bbox 488 5399 1968 5475">
    <p class='ocr_par' dir='ltr' id='par_1_87' title="bbox 488 5399 1968 5475">
     <span class='ocr_line' id='line_1_87' title="bbox 488 5399 1968 5475; baseline -0.003 -19"><span class='ocrx_word' id='word_1_630' title='bbox 488 5404 807 5475; x_wconf 82' lang='grc' dir='ltr'>Ἐπέρχεται</span> <span class='ocrx_word' id='word_1_631' title='bbox 834 5404 888 5457; x_wconf 81' lang='grc' dir='ltr'><em>δέ</em></span> <span class='ocrx_word' id='word_1_632' title='bbox 923 5421 1013 5474; x_wconf 78' lang='grc' dir='ltr'><strong>μοι</strong></span> <span class='ocrx_word' id='word_1_633' title='bbox 1046 5403 1142 5465; x_wconf 87' lang='grc' dir='ltr'><strong>νῦν</strong></span> <span class='ocrx_word' id='word_1_634' title='bbox 1170 5405 1348 5472; x_wconf 72' lang='grc' dir='ltr'>λέγειν</span> <span class='ocrx_word' id='word_1_635' title='bbox 1397 5403 1524 5475; x_wconf 81' lang='grc' dir='ltr'>περὶ</span> <span class='ocrx_word' id='word_1_636' title='bbox 1554 5400 1739 5468; x_wconf 78' lang='grc' dir='ltr'>αὑτοῦ,</span> <span class='ocrx_word' id='word_1_637' title='bbox 1770 5402 1905 5471; x_wconf 85' lang='grc' dir='ltr'>ὅπερ</span> <span class='ocrx_word' id='word_1_638' title='bbox 1939 5399 1968 5452; x_wconf 90' lang='lat'><strong>6</strong></span> 
     </span>
    </p>
   </div>
   <div class='ocr_carea' id='block_1_88' title="bbox 409 5476 1968 5569">
    <p class='ocr_par' dir='ltr' id='par_1_88' title="bbox 409 5476 1968 5569">
     <span class='ocr_line' id='line_1_88' title="bbox 409 5476 1968 5569; baseline -0.003 -18"><span class='ocrx_word' id='word_1_639' title='bbox 409 5497 550 5560; x_wconf 75' lang='grc' dir='ltr'>θεῖος</span> <span class='ocrx_word' id='word_1_640' title='bbox 584 5498 791 5561; x_wconf 70' lang='grc' dir='ltr'>ηαξ-λος</span> <span class='ocrx_word' id='word_1_641' title='bbox 820 5499 954 5567; x_wconf 74' lang='grc' dir='ltr'>φησὶ</span> <span class='ocrx_word' id='word_1_642' title='bbox 984 5500 1110 5569; x_wconf 71' lang='grc' dir='ltr'>περὶ</span> <span class='ocrx_word' id='word_1_643' title='bbox 1140 5497 1231 5550; x_wconf 89' lang='grc' dir='ltr'><strong>τοῦ</strong></span> <span class='ocrx_word' id='word_1_644' title='bbox 1252 5476 1508 5569; x_wconf 54' lang='grc' dir='ltr'>Χριστοῦ.</span> <span class='ocrx_word' id='word_1_645' title='bbox 1538 5496 1825 5564; x_wconf 82' lang='grc' dir='ltr'>Συνίστησι</span> <span class='ocrx_word' id='word_1_646' title='bbox 1856 5496 1968 5565; x_wconf 75' lang='grc' dir='ltr'><strong>γὰρ</strong></span> 
     </span>
    </p>
   </div>
   <div class='ocr_carea' id='block_1_89' title="bbox 406 5588 1970 5661">
    <p class='ocr_par' dir='ltr' id='par_1_89' title="bbox 406 5588 1970 5661">
     <span class='ocr_line' id='line_1_89' title="bbox 406 5588 1970 5661; baseline -0.001 -19"><span class='ocrx_word' id='word_1_647' title='bbox 406 5592 507 5660; x_wconf 73' lang='grc' dir='ltr'>τὴν</span> <span class='ocrx_word' id='word_1_648' title='bbox 537 5594 614 5649; x_wconf 81' lang='grc' dir='ltr'>εἰς</span> <span class='ocrx_word' id='word_1_649' title='bbox 644 5591 788 5660; x_wconf 75' lang='grc' dir='ltr'>ἡμᾶς</span> <span class='ocrx_word' id='word_1_650' title='bbox 821 5593 1036 5661; x_wconf 82' lang='grc' dir='ltr'>ἀγάπην</span> <span class='ocrx_word' id='word_1_651' title='bbox 1056 5594 1147 5645; x_wconf 79' lang='grc' dir='ltr'><strong>καὶ</strong></span> <span class='ocrx_word' id='word_1_652' title='bbox 1174 5595 1201 5645; x_wconf 90' lang='lat'><strong>6</strong></span> <span class='ocrx_word' id='word_1_653' title='bbox 1227 5592 1397 5660; x_wconf 76' lang='grc' dir='ltr'>μέγας</span> <span class='ocrx_word' id='word_1_654' title='bbox 1425 5592 1753 5661; x_wconf 76' lang='grc' dir='ltr'>Δημήτριος,</span> <span class='ocrx_word' id='word_1_655' title='bbox 1782 5590 1860 5641; x_wconf 86' lang='grc' dir='ltr'>ὅτι</span> <span class='ocrx_word' id='word_1_656' title='bbox 1892 5588 1970 5641; x_wconf 83' lang='grc' dir='ltr'><strong>ἐτι</strong></span> 
     </span>
    </p>
   </div>
   <div class='ocr_carea' id='block_1_90' title="bbox 405 5677 1967 5754">
    <p class='ocr_par' dir='ltr' id='par_1_90' title="bbox 405 5677 1967 5754">
     <span class='ocr_line' id='line_1_90' title="bbox 405 5677 1967 5754; baseline -0.003 -17"><span class='ocrx_word' id='word_1_657' title='bbox 405 5682 618 5737; x_wconf 77' lang='grc' dir='ltr'>ἀσεϐῶν</span> <span class='ocrx_word' id='word_1_658' title='bbox 651 5684 805 5754; x_wconf 85' lang='grc' dir='ltr'>ήμῶν</span> <span class='ocrx_word' id='word_1_659' title='bbox 838 5684 1027 5751; x_wconf 72' lang='grc' dir='ltr'>ὄντων,</span> <span class='ocrx_word' id='word_1_660' title='bbox 1058 5677 1215 5747; x_wconf 73' lang='grc' dir='ltr'>οὗτος</span> <span class='ocrx_word' id='word_1_661' title='bbox 1263 5684 1403 5738; x_wconf 89' lang='grc' dir='ltr'><strong>κατά</strong></span> <span class='ocrx_word' id='word_1_662' title='bbox 1432 5685 1623 5754; x_wconf 83' lang='grc' dir='ltr'>καιρὸν</span> <span class='ocrx_word' id='word_1_663' title='bbox 1648 5683 1789 5751; x_wconf 81' lang='grc' dir='ltr'>ὑπὲρ</span> <span class='ocrx_word' id='word_1_664' title='bbox 1838 5682 1967 5733; x_wconf 89' lang='grc' dir='ltr'>άσε-</span> 
     </span>
    </p>
   </div>
   <div class='ocr_carea' id='block_1_91' title="bbox 407 5775 1970 5850">
    <p class='ocr_par' dir='ltr' id='par_1_91' title="bbox 407 5775 1970 5850">
     <span class='ocr_line' id='line_1_91' title="bbox 407 5775 1970 5850; baseline 0.001 -23"><span class='ocrx_word' id='word_1_665' title='bbox 407 5775 518 5829; x_wconf 88' lang='grc' dir='ltr'><strong>ϐῶν</strong></span> <span class='ocrx_word' id='word_1_666' title='bbox 549 5777 787 5831; x_wconf 84' lang='grc' dir='ltr'>ἀπέθανε</span> <span class='ocrx_word' id='word_1_667' title='bbox 813 5794 826 5808; x_wconf 89' lang='grc'>·</span> <span class='ocrx_word' id='word_1_668' title='bbox 862 5779 998 5832; x_wconf 85' lang='grc' dir='ltr'>κατὰ</span> <span class='ocrx_word' id='word_1_669' title='bbox 1033 5779 1192 5850; x_wconf 80' lang='grc' dir='ltr'>χάριν</span> <span class='ocrx_word' id='word_1_670' title='bbox 1225 5779 1406 5850; x_wconf 84' lang='grc' dir='ltr'>μέντοι</span> <span class='ocrx_word' id='word_1_671' title='bbox 1439 5778 1531 5833; x_wconf 89' lang='grc' dir='ltr'><strong>τοῦ</strong></span> <span class='ocrx_word' id='word_1_672' title='bbox 1568 5778 1839 5831; x_wconf 83' lang='grc' dir='ltr'>Δεσπότου</span> <span class='ocrx_word' id='word_1_673' title='bbox 1874 5776 1970 5830; x_wconf 78' lang='grc' dir='ltr'><strong>καὶ</strong></span> 
     </span>
    </p>
   </div>
   <div class='ocr_carea' id='block_1_92' title="bbox 476 5960 998 6027">
    <p class='ocr_par' dir='ltr' id='par_1_92' title="bbox 476 5960 998 6027">
     <span class='ocr_line' id='line_1_92' title="bbox 476 5960 998 6027; baseline 0 -9"><span class='ocrx_word' id='word_1_674' title='bbox 476 5961 522 5993; x_wconf 72' lang='grc'><strong>⁸⁸</strong></span> <span class='ocrx_word' id='word_1_675' title='bbox 550 5960 763 6018; x_wconf 84' lang='lat' dir='ltr'><strong>Coloss.</strong></span> <span class='ocrx_word' id='word_1_676' title='bbox 804 5962 858 6027; x_wconf 89' lang='lat' dir='ltr'><strong>i,</strong></span> <span class='ocrx_word' id='word_1_677' title='bbox 907 5962 998 6018; x_wconf 67' lang='lat'><strong>‘24.</strong></span> 
     </span>
    </p>
   </div>
   <div class='ocr_carea' id='block_1_93' title="bbox 2064 3272 3624 3333">
    <p class='ocr_par' dir='ltr' id='par_1_93' title="bbox 2064 3272 3624 3333">
     <span class='ocr_line' id='line_1_93' title="bbox 2064 3272 3624 3333; baseline 0.004 -7"><span class='ocrx_word' id='word_1_678' title='bbox 2064 3288 2181 3327; x_wconf 88' lang='lat' dir='ltr'><strong>smn</strong></span> <span class='ocrx_word' id='word_1_679' title='bbox 2246 3274 2508 3327; x_wconf 89' lang='lat' dir='ltr'><strong>imitatus.</strong></span> <span class='ocrx_word' id='word_1_680' title='bbox 2568 3272 2695 3328; x_wconf 90' lang='lat' dir='ltr'><strong>ldeo</strong></span> <span class='ocrx_word' id='word_1_681' title='bbox 2755 3275 3043 3329; x_wconf 79' lang='lat' dir='ltr'><strong>lanceaziis</strong></span> <span class='ocrx_word' id='word_1_682' title='bbox 3106 3278 3546 3333; x_wconf 79' lang='lat' dir='ltr'><strong>interfectoribus</strong></span> <span class='ocrx_word' id='word_1_683' title='bbox 3593 3294 3624 3333; x_wconf 90' lang='lat' dir='ltr'><strong>a</strong></span> 
     </span>
    </p>
   </div>
   <div class='ocr_carea' id='block_1_94' title="bbox 2064 3367 3624 3435">
    <p class='ocr_par' dir='ltr' id='par_1_94' title="bbox 2064 3367 3624 3435">
     <span class='ocr_line' id='line_1_94' title="bbox 2064 3367 3624 3435; baseline 0.003 -15"><span class='ocrx_word' id='word_1_684' title='bbox 2064 3376 2291 3435; x_wconf 89' lang='lat' dir='ltr'><strong>tyranno</strong></span> <span class='ocrx_word' id='word_1_685' title='bbox 2341 3368 2525 3421; x_wconf 86' lang='lat' dir='ltr'><strong>missis</strong></span> <span class='ocrx_word' id='word_1_686' title='bbox 2581 3367 2821 3420; x_wconf 88' lang='lat' dir='ltr'><strong>occurrit</strong></span> <span class='ocrx_word' id='word_1_687' title='bbox 2868 3376 2922 3421; x_wconf 89' lang='lat' dir='ltr'><strong>et</strong></span> <span class='ocrx_word' id='word_1_688' title='bbox 2984 3368 3291 3423; x_wconf 89' lang='lat' dir='ltr'><strong>deeussatis</strong></span> <span class='ocrx_word' id='word_1_689' title='bbox 3350 3370 3624 3426; x_wconf 82' lang='lat' dir='ltr'><strong>bracchiis</strong></span> 
     </span>
    </p>
   </div>
   <div class='ocr_carea' id='block_1_95' title="bbox 2056 3458 3624 3529">
    <p class='ocr_par' dir='ltr' id='par_1_95' title="bbox 2056 3458 3624 3529">
     <span class='ocr_line' id='line_1_95' title="bbox 2056 3458 3624 3529; baseline 0.003 -17"><span class='ocrx_word' id='word_1_690' title='bbox 2056 3468 2339 3526; x_wconf 75' lang='lat' dir='ltr'><strong>tamquam</strong></span> <span class='ocrx_word' id='word_1_691' title='bbox 2403 3458 2587 3512; x_wconf 87' lang='lat' dir='ltr'><strong>Iethali</strong></span> <span class='ocrx_word' id='word_1_692' title='bbox 2649 3459 2878 3514; x_wconf 89' lang='lat' dir='ltr'><strong>vulnere</strong></span> <span class='ocrx_word' id='word_1_693' title='bbox 2933 3460 3323 3529; x_wconf 79' lang='lat' dir='ltr'><strong>percuiendis,</strong></span> <span class='ocrx_word' id='word_1_694' title='bbox 3372 3463 3624 3517; x_wconf 83' lang='lat' dir='ltr'><strong>ultimam</strong></span> 
     </span>
    </p>
   </div>
   <div class='ocr_carea' id='block_1_96' title="bbox 2062 3551 3628 3621">
    <p class='ocr_par' dir='ltr' id='par_1_96' title="bbox 2062 3551 3628 3621">
     <span class='ocr_line' id='line_1_96' title="bbox 2062 3551 3628 3621; baseline 0.004 -18"><span class='ocrx_word' id='word_1_695' title='bbox 2062 3552 2267 3620; x_wconf 88' lang='lat' dir='ltr'><strong>accipit</strong></span> <span class='ocrx_word' id='word_1_696' title='bbox 2298 3551 2508 3619; x_wconf 79' lang='lat' dir='ltr'><strong>plagam</strong></span> <span class='ocrx_word' id='word_1_697' title='bbox 2541 3566 2633 3606; x_wconf 83' lang='lat' dir='ltr'><strong>seu</strong></span> <span class='ocrx_word' id='word_1_698' title='bbox 2668 3552 2847 3621; x_wconf 89' lang='lat' dir='ltr'><strong>potius</strong></span> <span class='ocrx_word' id='word_1_699' title='bbox 2876 3552 3060 3621; x_wconf 77' lang='lat' dir='ltr'><strong>plagas</strong></span> <span class='ocrx_word' id='word_1_700' title='bbox 3084 3555 3282 3621; x_wconf 87' lang='lat' dir='ltr'><strong>quibus</strong></span> <span class='ocrx_word' id='word_1_701' title='bbox 3313 3570 3472 3610; x_wconf 89' lang='lat' dir='ltr'><strong>omne</strong></span> <span class='ocrx_word' id='word_1_702' title='bbox 3506 3571 3628 3611; x_wconf 90' lang='lat' dir='ltr'><strong>cor-</strong></span> 
     </span>
    </p>
   </div>
   <div class='ocr_carea' id='block_1_97' title="bbox 2062 3644 3623 3714">
    <p class='ocr_par' dir='ltr' id='par_1_97' title="bbox 2062 3644 3623 3714">
     <span class='ocr_line' id='line_1_97' title="bbox 2062 3644 3623 3714; baseline 0.003 -19"><span class='ocrx_word' id='word_1_703' title='bbox 2062 3660 2163 3711; x_wconf 90' lang='lat' dir='ltr'><strong>pus</strong></span> <span class='ocrx_word' id='word_1_704' title='bbox 2184 3652 2237 3698; x_wconf 91' lang='lat' dir='ltr'><strong>et</strong></span> <span class='ocrx_word' id='word_1_705' title='bbox 2269 3644 2475 3698; x_wconf 86' lang='lat' dir='ltr'><strong>viscera</strong></span> <span class='ocrx_word' id='word_1_706' title='bbox 2501 3653 2553 3697; x_wconf 92' lang='lat' dir='ltr'><strong>et</strong></span> <span class='ocrx_word' id='word_1_707' title='bbox 2581 3659 2701 3698; x_wconf 90' lang='lat' dir='ltr'><strong>ossa</strong></span> <span class='ocrx_word' id='word_1_708' title='bbox 2724 3654 2777 3698; x_wconf 91' lang='lat' dir='ltr'><strong>et</strong></span> <span class='ocrx_word' id='word_1_709' title='bbox 2802 3659 2991 3698; x_wconf 87' lang='lat' dir='ltr'><strong>carnes</strong></span> <span class='ocrx_word' id='word_1_710' title='bbox 3016 3648 3275 3701; x_wconf 81' lang='lat' dir='ltr'><strong>transﬁxa</strong></span> <span class='ocrx_word' id='word_1_711' title='bbox 3309 3647 3623 3714; x_wconf 87' lang='lat' dir='ltr'><strong>doluerunt,</strong></span> 
     </span>
    </p>
   </div>
   <div class='ocr_carea' id='block_1_98' title="bbox 2068 3738 3626 3808">
    <p class='ocr_par' dir='ltr' id='par_1_98' title="bbox 2068 3738 3626 3808">
     <span class='ocr_line' id='line_1_98' title="bbox 2068 3738 3626 3808; baseline 0.001 -15"><span class='ocrx_word' id='word_1_712' title='bbox 2068 3739 2139 3793; x_wconf 89' lang='lat' dir='ltr'><strong>ita</strong></span> <span class='ocrx_word' id='word_1_713' title='bbox 2174 3747 2226 3791; x_wconf 94' lang='lat' dir='ltr'><strong>ut</strong></span> <span class='ocrx_word' id='word_1_714' title='bbox 2267 3752 2333 3792; x_wconf 79' lang='lat' dir='ltr'><strong>ex</strong></span> <span class='ocrx_word' id='word_1_715' title='bbox 2362 3750 2590 3806; x_wconf 86' lang='lat' dir='ltr'><strong>utroque</strong></span> <span class='ocrx_word' id='word_1_716' title='bbox 2627 3739 2794 3791; x_wconf 85' lang='lat' dir='ltr'><strong>latere</strong></span> <span class='ocrx_word' id='word_1_717' title='bbox 2826 3738 2968 3792; x_wconf 86' lang='lat' dir='ltr'><strong>aliud</strong></span> <span class='ocrx_word' id='word_1_718' title='bbox 2999 3739 3217 3808; x_wconf 89' lang='lat' dir='ltr'><strong>quidem</strong></span> <span class='ocrx_word' id='word_1_719' title='bbox 3248 3742 3491 3795; x_wconf 76' lang='lat' dir='ltr'><strong>exterius</strong></span> <span class='ocrx_word' id='word_1_720' title='bbox 3524 3756 3626 3795; x_wconf 90' lang='lat' dir='ltr'><strong>en-</strong></span> 
     </span>
    </p>
   </div>
   <div class='ocr_carea' id='block_1_99' title="bbox 2062 3828 3627 3899">
    <p class='ocr_par' dir='ltr' id='par_1_99' title="bbox 2062 3828 3627 3899">
     <span class='ocr_line' id='line_1_99' title="bbox 2062 3828 3627 3899; baseline 0.003 -14"><span class='ocrx_word' id='word_1_721' title='bbox 2062 3831 2201 3885; x_wconf 91' lang='lat' dir='ltr'><strong>sium</strong></span> <span class='ocrx_word' id='word_1_722' title='bbox 2234 3828 2631 3898; x_wconf 83' lang='lat' dir='ltr'><strong>perforationes</strong></span> <span class='ocrx_word' id='word_1_723' title='bbox 2656 3832 2942 3899; x_wconf 84' lang='lat' dir='ltr'><strong>receperit,</strong></span> <span class='ocrx_word' id='word_1_724' title='bbox 2984 3832 3154 3885; x_wconf 82' lang='lat' dir='ltr'><strong>altero</strong></span> <span class='ocrx_word' id='word_1_725' title='bbox 3194 3832 3627 3889; x_wconf 85' lang='lat' dir='ltr'><strong>autemiuterius</strong></span> 
     </span>
    </p>
   </div>
   <div class='ocr_carea' id='block_1_100' title="bbox 2062 3922 3625 3993">
    <p class='ocr_par' dir='ltr' id='par_1_100' title="bbox 2062 3922 3625 3993">
     <span class='ocr_line' id='line_1_100' title="bbox 2062 3922 3625 3993; baseline 0.004 -18"><span class='ocrx_word' id='word_1_726' title='bbox 2062 3922 2369 3992; x_wconf 87' lang='lat' dir='ltr'><strong>duplicatus</strong></span> <span class='ocrx_word' id='word_1_727' title='bbox 2398 3924 2479 3977; x_wconf 91' lang='lat' dir='ltr'><strong>vel</strong></span> <span class='ocrx_word' id='word_1_728' title='bbox 2500 3926 2671 3991; x_wconf 81' lang='lat' dir='ltr'><strong>magis</strong></span> <span class='ocrx_word' id='word_1_729' title='bbox 2705 3925 3099 3993; x_wconf 89' lang='lat' dir='ltr'><strong>multiplicatus</strong></span> <span class='ocrx_word' id='word_1_730' title='bbox 3117 3924 3284 3979; x_wconf 85' lang='lat' dir='ltr'><strong>fuerit</strong></span> <span class='ocrx_word' id='word_1_731' title='bbox 3322 3926 3625 3982; x_wconf 88' lang='lat' dir='ltr'><strong>Salvatoris</strong></span> 
     </span>
    </p>
   </div>
   <div class='ocr_carea' id='block_1_101' title="bbox 2064 4014 3626 4084">
    <p class='ocr_par' dir='ltr' id='par_1_101' title="bbox 2064 4014 3626 4084">
     <span class='ocr_line' id='line_1_101' title="bbox 2064 4014 3626 4084; baseline 0.001 -13"><span class='ocrx_word' id='word_1_732' title='bbox 2064 4015 2251 4071; x_wconf 87' lang='lat' dir='ltr'><strong>lateris</strong></span> <span class='ocrx_word' id='word_1_733' title='bbox 2294 4014 2488 4080; x_wconf 88' lang='lat' dir='ltr'><strong>dolor;</strong></span> <span class='ocrx_word' id='word_1_734' title='bbox 2534 4016 2849 4084; x_wconf 84' lang='lat' dir='ltr'><strong>adimplevit</strong></span> <span class='ocrx_word' id='word_1_735' title='bbox 2878 4017 3047 4079; x_wconf 89' lang='lat' dir='ltr'><strong>enim,</strong></span> <span class='ocrx_word' id='word_1_736' title='bbox 3082 4017 3225 4071; x_wconf 85' lang='lat' dir='ltr'><strong>sicut</strong></span> <span class='ocrx_word' id='word_1_737' title='bbox 3249 4026 3303 4070; x_wconf 93' lang='lat' dir='ltr'><strong>et</strong></span> <span class='ocrx_word' id='word_1_738' title='bbox 3332 4016 3532 4072; x_wconf 80' lang='lat' dir='ltr'><strong>Paulus</strong></span> <span class='ocrx_word' id='word_1_739' title='bbox 3556 4017 3626 4082; x_wconf 76' lang='lat'><strong>“,</strong></span> 
     </span>
    </p>
   </div>
   <div class='ocr_carea' id='block_1_102' title="bbox 2063 4110 3626 4181">
    <p class='ocr_par' dir='ltr' id='par_1_102' title="bbox 2063 4110 3626 4181">
     <span class='ocr_line' id='line_1_102' title="bbox 2063 4110 3626 4181; baseline -0.002 -15"><span class='ocrx_word' id='word_1_740' title='bbox 2063 4126 2126 4166; x_wconf 87' lang='lat' dir='ltr'><strong>ea</strong></span> <span class='ocrx_word' id='word_1_741' title='bbox 2157 4127 2277 4181; x_wconf 79' lang='lat' dir='ltr'><strong>quae</strong></span> <span class='ocrx_word' id='word_1_742' title='bbox 2308 4112 2507 4166; x_wconf 87' lang='lat' dir='ltr'><strong>desunt</strong></span> <span class='ocrx_word' id='word_1_743' title='bbox 2554 4110 2901 4180; x_wconf 88' lang='lat' dir='ltr'><strong>passionibus</strong></span> <span class='ocrx_word' id='word_1_744' title='bbox 2934 4110 3159 4175; x_wconf 87' lang='lat' dir='ltr'><strong>Christi,</strong></span> <span class='ocrx_word' id='word_1_745' title='bbox 3202 4120 3254 4164; x_wconf 90' lang='lat' dir='ltr'><strong>et</strong></span> <span class='ocrx_word' id='word_1_746' title='bbox 3284 4112 3364 4165; x_wconf 90' lang='lat' dir='ltr'><strong>sic</strong></span> <span class='ocrx_word' id='word_1_747' title='bbox 3393 4112 3626 4166; x_wconf 81' lang='lat' dir='ltr'><strong>occisio-</strong></span> 
     </span>
    </p>
   </div>
   <div class='ocr_carea' id='block_1_103' title="bbox 2065 4200 3629 4273">
    <p class='ocr_par' dir='ltr' id='par_1_103' title="bbox 2065 4200 3629 4273">
     <span class='ocr_line' id='line_1_103' title="bbox 2065 4200 3629 4273; baseline 0.003 -19"><span class='ocrx_word' id='word_1_748' title='bbox 2065 4201 2151 4255; x_wconf 92' lang='lat' dir='ltr'><strong>nis</strong></span> <span class='ocrx_word' id='word_1_749' title='bbox 2193 4216 2377 4256; x_wconf 90' lang='lat' dir='ltr'><strong>amore</strong></span> <span class='ocrx_word' id='word_1_750' title='bbox 2441 4200 2617 4264; x_wconf 87' lang='lat' dir='ltr'><strong>arsit,</strong></span> <span class='ocrx_word' id='word_1_751' title='bbox 2691 4201 2881 4269; x_wconf 91' lang='lat' dir='ltr'><strong>sicque</strong></span> <span class='ocrx_word' id='word_1_752' title='bbox 2936 4216 3095 4256; x_wconf 92' lang='lat' dir='ltr'><strong>suum</strong></span> <span class='ocrx_word' id='word_1_753' title='bbox 3156 4201 3477 4271; x_wconf 84' lang='lat' dir='ltr'><strong>sanguinem</strong></span> <span class='ocrx_word' id='word_1_754' title='bbox 3530 4218 3629 4273; x_wconf 87' lang='lat' dir='ltr'><strong>pro</strong></span> 
     </span>
    </p>
   </div>
   <div class='ocr_carea' id='block_1_104' title="bbox 2065 4292 3627 4362">
    <p class='ocr_par' dir='ltr' id='par_1_104' title="bbox 2065 4292 3627 4362">
     <span class='ocr_line' id='line_1_104' title="bbox 2065 4292 3627 4362; baseline 0.001 -15"><span class='ocrx_word' id='word_1_755' title='bbox 2065 4292 2269 4347; x_wconf 86' lang='lat' dir='ltr'><strong>Christi</strong></span> <span class='ocrx_word' id='word_1_756' title='bbox 2306 4292 2478 4362; x_wconf 79' lang='lat' dir='ltr'><strong>gloria</strong></span> <span class='ocrx_word' id='word_1_757' title='bbox 2510 4306 2734 4345; x_wconf 89' lang='lat' dir='ltr'><strong>manare</strong></span> <span class='ocrx_word' id='word_1_758' title='bbox 2772 4306 2876 4345; x_wconf 90' lang='lat' dir='ltr'><strong>non</strong></span> <span class='ocrx_word' id='word_1_759' title='bbox 2914 4292 3120 4361; x_wconf 90' lang='lat' dir='ltr'><strong>pluries</strong></span> <span class='ocrx_word' id='word_1_760' title='bbox 3156 4294 3316 4347; x_wconf 89' lang='lat' dir='ltr'><strong>modo</strong></span> <span class='ocrx_word' id='word_1_761' title='bbox 3340 4294 3435 4349; x_wconf 89' lang='lat' dir='ltr'><strong>sed</strong></span> <span class='ocrx_word' id='word_1_762' title='bbox 3461 4295 3627 4349; x_wconf 88' lang='lat' dir='ltr'><strong>etiam</strong></span> 
     </span>
    </p>
   </div>
   <div class='ocr_carea' id='block_1_105' title="bbox 2063 4380 3625 4453">
    <p class='ocr_par' dir='ltr' id='par_1_105' title="bbox 2063 4380 3625 4453">
     <span class='ocr_line' id='line_1_105' title="bbox 2063 4380 3625 4453; baseline 0.003 -18"><span class='ocrx_word' id='word_1_763' title='bbox 2063 4382 2284 4452; x_wconf 81' lang='lat' dir='ltr'><strong>jugiter,</strong></span> <span class='ocrx_word' id='word_1_764' title='bbox 2311 4382 2353 4436; x_wconf 92' lang='lat' dir='ltr'><strong>si</strong></span> <span class='ocrx_word' id='word_1_765' title='bbox 2384 4392 2594 4450; x_wconf 90' lang='lat' dir='ltr'><strong>posset,</strong></span> <span class='ocrx_word' id='word_1_766' title='bbox 2626 4380 2978 4445; x_wconf 89' lang='lat' dir='ltr'><strong>desideravit,</strong></span> <span class='ocrx_word' id='word_1_767' title='bbox 3035 4392 3094 4437; x_wconf 92' lang='lat' dir='ltr'><strong>ut</strong></span> <span class='ocrx_word' id='word_1_768' title='bbox 3128 4384 3196 4437; x_wconf 86' lang='lat' dir='ltr'><strong>ab</strong></span> <span class='ocrx_word' id='word_1_769' title='bbox 3227 4399 3292 4437; x_wconf 89' lang='lat' dir='ltr'><strong>eo</strong></span> <span class='ocrx_word' id='word_1_770' title='bbox 3323 4399 3483 4453; x_wconf 83' lang='lat' dir='ltr'><strong>quem</strong></span> <span class='ocrx_word' id='word_1_771' title='bbox 3518 4399 3625 4439; x_wconf 93' lang='lat' dir='ltr'><strong>non</strong></span> 
     </span>
    </p>
   </div>
   <div class='ocr_carea' id='block_1_106' title="bbox 2069 4474 3630 4543">
    <p class='ocr_par' dir='ltr' id='par_1_106' title="bbox 2069 4474 3630 4543">
     <span class='ocr_line' id='line_1_106' title="bbox 2069 4474 3630 4543; baseline 0.003 -16"><span class='ocrx_word' id='word_1_772' title='bbox 2069 4475 2270 4528; x_wconf 87' lang='lat' dir='ltr'><strong>latebat</strong></span> <span class='ocrx_word' id='word_1_773' title='bbox 2306 4474 2452 4528; x_wconf 90' lang='lat' dir='ltr'><strong>illius</strong></span> <span class='ocrx_word' id='word_1_774' title='bbox 2484 4474 2688 4529; x_wconf 90' lang='lat' dir='ltr'><strong>amoris</strong></span> <span class='ocrx_word' id='word_1_775' title='bbox 2716 4474 2937 4528; x_wconf 89' lang='lat' dir='ltr'><strong>uberior</strong></span> <span class='ocrx_word' id='word_1_776' title='bbox 2986 4474 3330 4543; x_wconf 77' lang='lat' dir='ltr'><strong>superﬂuitas</strong></span> <span class='ocrx_word' id='word_1_777' title='bbox 3367 4479 3630 4531; x_wconf 86' lang='lat' dir='ltr'><strong>meruerit</strong></span> 
     </span>
    </p>
   </div>
   <div class='ocr_carea' id='block_1_107' title="bbox 2069 4567 3630 4636">
    <p class='ocr_par' dir='ltr' id='par_1_107' title="bbox 2069 4567 3630 4636">
     <span class='ocr_line' id='line_1_107' title="bbox 2069 4567 3630 4636; baseline 0.002 -16"><span class='ocrx_word' id='word_1_778' title='bbox 2069 4567 2315 4636; x_wconf 82' lang='lat' dir='ltr'><strong>arcipere</strong></span> <span class='ocrx_word' id='word_1_779' title='bbox 2342 4567 2394 4620; x_wconf 92' lang='lat' dir='ltr'><strong>iu</strong></span> <span class='ocrx_word' id='word_1_780' title='bbox 2435 4582 2665 4636; x_wconf 91' lang='lat' dir='ltr'><strong>corpore</strong></span> <span class='ocrx_word' id='word_1_781' title='bbox 2701 4577 3105 4635; x_wconf 72' lang='lat' dir='ltr'><strong>unguentorum</strong></span> <span class='ocrx_word' id='word_1_782' title='bbox 3140 4568 3366 4633; x_wconf 79' lang='lat' dir='ltr'><strong>fontem,</strong></span> <span class='ocrx_word' id='word_1_783' title='bbox 3410 4581 3464 4623; x_wconf 91' lang='lat' dir='ltr'><strong>ut</strong></span> <span class='ocrx_word' id='word_1_784' title='bbox 3501 4584 3630 4625; x_wconf 87' lang='lat' dir='ltr'><strong>san-</strong></span> 
     </span>
    </p>
   </div>
   <div class='ocr_carea' id='block_1_108' title="bbox 2069 4657 3630 4730">
    <p class='ocr_par' dir='ltr' id='par_1_108' title="bbox 2069 4657 3630 4730">
     <span class='ocr_line' id='line_1_108' title="bbox 2069 4657 3630 4730; baseline 0.002 -16"><span class='ocrx_word' id='word_1_785' title='bbox 2069 4660 2231 4729; x_wconf 81' lang='lat' dir='ltr'><strong>guine</strong></span> <span class='ocrx_word' id='word_1_786' title='bbox 2271 4660 2580 4725; x_wconf 87' lang='lat' dir='ltr'><strong>delicieutc,</strong></span> <span class='ocrx_word' id='word_1_787' title='bbox 2621 4657 2741 4714; x_wconf 79' lang='lat' dir='ltr'><strong>fons</strong></span> <span class='ocrx_word' id='word_1_788' title='bbox 2787 4662 2875 4714; x_wconf 90' lang='lat' dir='ltr'><strong>illa</strong></span> <span class='ocrx_word' id='word_1_789' title='bbox 2935 4676 3031 4730; x_wconf 88' lang='lat' dir='ltr'><strong>per</strong></span> <span class='ocrx_word' id='word_1_790' title='bbox 3071 4676 3233 4716; x_wconf 91' lang='lat' dir='ltr'><strong>omne</strong></span> <span class='ocrx_word' id='word_1_791' title='bbox 3284 4671 3496 4730; x_wconf 85' lang='lat' dir='ltr'><strong>tempus</strong></span> <span class='ocrx_word' id='word_1_792' title='bbox 3528 4677 3630 4729; x_wconf 86' lang='lat' dir='ltr'><strong>pro</strong></span> 
     </span>
    </p>
   </div>
   <div class='ocr_carea' id='block_1_109' title="bbox 2068 4753 3630 4823">
    <p class='ocr_par' dir='ltr' id='par_1_109' title="bbox 2068 4753 3630 4823">
     <span class='ocr_line' id='line_1_109' title="bbox 2068 4753 3630 4823; baseline 0 -15"><span class='ocrx_word' id='word_1_793' title='bbox 2068 4753 2330 4823; x_wconf 82' lang='lat' dir='ltr'><strong>sanguine</strong></span> <span class='ocrx_word' id='word_1_794' title='bbox 2384 4769 2415 4807; x_wconf 89' lang='lat' dir='ltr'><strong>a</strong></span> <span class='ocrx_word' id='word_1_795' title='bbox 2471 4768 2696 4823; x_wconf 89' lang='lat' dir='ltr'><strong>corpore</strong></span> <span class='ocrx_word' id='word_1_796' title='bbox 2747 4762 2995 4807; x_wconf 84' lang='lat' dir='ltr'><strong>manaret</strong></span> <span class='ocrx_word' id='word_1_797' title='bbox 3044 4754 3097 4807; x_wconf 92' lang='lat' dir='ltr'><strong>in</strong></span> <span class='ocrx_word' id='word_1_798' title='bbox 3135 4754 3363 4819; x_wconf 78' lang='lat' dir='ltr'><strong>gloriam</strong></span> <span class='ocrx_word' id='word_1_799' title='bbox 3398 4755 3630 4822; x_wconf 75' lang='lat' dir='ltr'><strong>Clu-isti,</strong></span> 
     </span>
    </p>
   </div>
   <div class='ocr_carea' id='block_1_110' title="bbox 2068 4844 3633 4915">
    <p class='ocr_par' dir='ltr' id='par_1_110' title="bbox 2068 4844 3633 4915">
     <span class='ocr_line' id='line_1_110' title="bbox 2068 4844 3633 4915; baseline 0.002 -17"><span class='ocrx_word' id='word_1_800' title='bbox 2068 4861 2227 4914; x_wconf 86' lang='lat' dir='ltr'><strong>quem</strong></span> <span class='ocrx_word' id='word_1_801' title='bbox 2261 4844 2334 4898; x_wconf 90' lang='lat' dir='ltr'><strong>ita</strong></span> <span class='ocrx_word' id='word_1_802' title='bbox 2372 4856 2575 4915; x_wconf 88' lang='lat' dir='ltr'><strong>martyr</strong></span> <span class='ocrx_word' id='word_1_803' title='bbox 2610 4856 2797 4899; x_wconf 85' lang='lat' dir='ltr'><strong>noster</strong></span> <span class='ocrx_word' id='word_1_804' title='bbox 2826 4854 2878 4898; x_wconf 89' lang='lat' dir='ltr'><strong>et</strong></span> <span class='ocrx_word' id='word_1_805' title='bbox 2910 4860 3004 4913; x_wconf 82' lang='lat' dir='ltr'><strong>per</strong></span> <span class='ocrx_word' id='word_1_806' title='bbox 3038 4846 3201 4899; x_wconf 88' lang='lat' dir='ltr'><strong>vitam</strong></span> <span class='ocrx_word' id='word_1_807' title='bbox 3255 4857 3309 4900; x_wconf 90' lang='lat' dir='ltr'><strong>et</strong></span> <span class='ocrx_word' id='word_1_808' title='bbox 3355 4863 3450 4915; x_wconf 91' lang='lat' dir='ltr'><strong>per</strong></span> <span class='ocrx_word' id='word_1_809' title='bbox 3486 4863 3633 4901; x_wconf 88' lang='lat' dir='ltr'><strong>mor-</strong></span> 
     </span>
    </p>
   </div>
   <div class='ocr_carea' id='block_1_111' title="bbox 2070 4938 3630 5008">
    <p class='ocr_par' dir='ltr' id='par_1_111' title="bbox 2070 4938 3630 5008">
     <span class='ocr_line' id='line_1_111' title="bbox 2070 4938 3630 5008; baseline 0.001 -17"><span class='ocrx_word' id='word_1_810' title='bbox 2070 4948 2174 4993; x_wconf 87' lang='lat' dir='ltr'><strong>tem</strong></span> <span class='ocrx_word' id='word_1_811' title='bbox 2210 4950 2264 4993; x_wconf 88' lang='lat' dir='ltr'><strong>et</strong></span> <span class='ocrx_word' id='word_1_812' title='bbox 2315 4949 2438 5008; x_wconf 90' lang='lat' dir='ltr'><strong>post</strong></span> <span class='ocrx_word' id='word_1_813' title='bbox 2471 4948 2700 4992; x_wconf 89' lang='lat' dir='ltr'><strong>mortem</strong></span> <span class='ocrx_word' id='word_1_814' title='bbox 2744 4953 2852 4991; x_wconf 83' lang='lat' dir='ltr'><strong>non</strong></span> <span class='ocrx_word' id='word_1_815' title='bbox 2904 4947 3111 4992; x_wconf 83' lang='lat' dir='ltr'><strong>tantum</strong></span> <span class='ocrx_word' id='word_1_816' title='bbox 3151 4939 3494 5008; x_wconf 81' lang='lat' dir='ltr'><strong>glorilicavit,</strong></span> <span class='ocrx_word' id='word_1_817' title='bbox 3536 4938 3630 4993; x_wconf 61' lang='grc' dir='ltr'><strong>δρᾶ</strong></span> 
     </span>
    </p>
   </div>
   <div class='ocr_carea' id='block_1_112' title="bbox 2069 5029 3631 5100">
    <p class='ocr_par' dir='ltr' id='par_1_112' title="bbox 2069 5029 3631 5100">
     <span class='ocr_line' id='line_1_112' title="bbox 2069 5029 3631 5100; baseline 0 -16"><span class='ocrx_word' id='word_1_818' title='bbox 2069 5036 2122 5084; x_wconf 89' lang='lat' dir='ltr'><strong>et</strong></span> <span class='ocrx_word' id='word_1_819' title='bbox 2150 5039 2413 5100; x_wconf 68' lang='lat' dir='ltr'><strong>perpetuo</strong></span> <span class='ocrx_word' id='word_1_820' title='bbox 2445 5030 2736 5100; x_wconf 80' lang='lat' dir='ltr'><strong>gloriﬁcat,</strong></span> <span class='ocrx_word' id='word_1_821' title='bbox 2768 5045 2794 5081; x_wconf 91' lang='lat' dir='ltr'><strong>a</strong></span> <span class='ocrx_word' id='word_1_822' title='bbox 2828 5044 2935 5097; x_wconf 86' lang='lat' dir='ltr'><strong>quo</strong></span> <span class='ocrx_word' id='word_1_823' title='bbox 2962 5030 3014 5083; x_wconf 93' lang='lat' dir='ltr'><strong>in</strong></span> <span class='ocrx_word' id='word_1_824' title='bbox 3049 5029 3354 5083; x_wconf 83' lang='lat' dir='ltr'><strong>mercedem</strong></span> <span class='ocrx_word' id='word_1_825' title='bbox 3394 5031 3631 5084; x_wconf 87' lang='lat' dir='ltr'><strong>iutcrris</strong></span> 
     </span>
    </p>
   </div>
   <div class='ocr_carea' id='block_1_113' title="bbox 2068 5121 3631 5192">
    <p class='ocr_par' dir='ltr' id='par_1_113' title="bbox 2068 5121 3631 5192">
     <span class='ocr_line' id='line_1_113' title="bbox 2068 5121 3631 5192; baseline 0.001 -17"><span class='ocrx_word' id='word_1_826' title='bbox 2068 5132 2121 5176; x_wconf 86' lang='lat' dir='ltr'><strong>et</strong></span> <span class='ocrx_word' id='word_1_827' title='bbox 2158 5122 2210 5175; x_wconf 91' lang='lat' dir='ltr'><strong>in</strong></span> <span class='ocrx_word' id='word_1_828' title='bbox 2256 5122 2411 5179; x_wconf 73' lang='lat' dir='ltr'><strong>C(Biis</strong></span> <span class='ocrx_word' id='word_1_829' title='bbox 2456 5122 2685 5192; x_wconf 80' lang='lat' dir='ltr'><strong>gloriam</strong></span> <span class='ocrx_word' id='word_1_830' title='bbox 2736 5121 2973 5191; x_wconf 85' lang='lat' dir='ltr'><strong>accepit,</strong></span> <span class='ocrx_word' id='word_1_831' title='bbox 3022 5122 3242 5190; x_wconf 86' lang='lat' dir='ltr'><strong>accipit,</strong></span> <span class='ocrx_word' id='word_1_832' title='bbox 3279 5129 3333 5174; x_wconf 88' lang='lat' dir='ltr'><strong>et</strong></span> <span class='ocrx_word' id='word_1_833' title='bbox 3369 5121 3631 5177; x_wconf 89' lang='lat' dir='ltr'><strong>divinitus</strong></span> 
     </span>
    </p>
   </div>
   <div class='ocr_carea' id='block_1_114' title="bbox 2069 5214 2318 5285">
    <p class='ocr_par' dir='ltr' id='par_1_114' title="bbox 2069 5214 2318 5285">
     <span class='ocr_line' id='line_1_114' title="bbox 2069 5214 2318 5285; baseline -0.004 -15"><span class='ocrx_word' id='word_1_834' title='bbox 2069 5214 2318 5285; x_wconf 88' lang='lat' dir='ltr'><strong>accipiet.</strong></span> 
     </span>
    </p>
   </div>
   <div class='ocr_carea' id='block_1_115' title="bbox 2144 5397 3632 5468">
    <p class='ocr_par' dir='ltr' id='par_1_115' title="bbox 2144 5397 3632 5468">
     <span class='ocr_line' id='line_1_115' title="bbox 2144 5397 3632 5468; baseline -0.001 -15"><span class='ocrx_word' id='word_1_835' title='bbox 2144 5398 2406 5468; x_wconf 89' lang='lat' dir='ltr'><strong>Superest</strong></span> <span class='ocrx_word' id='word_1_836' title='bbox 2436 5399 2565 5452; x_wconf 85' lang='lat' dir='ltr'><strong>mihi</strong></span> <span class='ocrx_word' id='word_1_837' title='bbox 2616 5399 2681 5454; x_wconf 90' lang='lat' dir='ltr'><strong>de</strong></span> <span class='ocrx_word' id='word_1_838' title='bbox 2730 5400 2822 5453; x_wconf 91' lang='lat' dir='ltr'><strong>illo</strong></span> <span class='ocrx_word' id='word_1_839' title='bbox 2866 5399 3050 5454; x_wconf 90' lang='lat' dir='ltr'><strong>dicere</strong></span> <span class='ocrx_word' id='word_1_840' title='bbox 3095 5413 3217 5468; x_wconf 53' lang='lat' dir='ltr'><strong>quas</strong></span> <span class='ocrx_word' id='word_1_841' title='bbox 3252 5397 3632 5452; x_wconf 78' lang='lat' dir='ltr'><strong>divusl&#39;aulus</strong></span> 
     </span>
    </p>
   </div>
   <div class='ocr_carea' id='block_1_116' title="bbox 2071 5490 3635 5562">
    <p class='ocr_par' dir='ltr' id='par_1_116' title="bbox 2071 5490 3635 5562">
     <span class='ocr_line' id='line_1_116' title="bbox 2071 5490 3635 5562; baseline -0.003 -14"><span class='ocrx_word' id='word_1_842' title='bbox 2071 5493 2137 5548; x_wconf 91' lang='lat' dir='ltr'><strong>de</strong></span> <span class='ocrx_word' id='word_1_843' title='bbox 2169 5492 2390 5549; x_wconf 86' lang='lat' dir='ltr'><strong>Christo</strong></span> <span class='ocrx_word' id='word_1_844' title='bbox 2432 5492 2683 5562; x_wconf 89' lang='lat' dir='ltr'><strong>protulit.</strong></span> <span class='ocrx_word' id='word_1_845' title='bbox 2733 5490 3150 5545; x_wconf 85' lang='lat' dir='ltr'><strong>Commendavit</strong></span> <span class='ocrx_word' id='word_1_846' title='bbox 3181 5504 3335 5543; x_wconf 91' lang='lat' dir='ltr'><strong>suam</strong></span> <span class='ocrx_word' id='word_1_847' title='bbox 3372 5502 3497 5559; x_wconf 86' lang='lat' dir='ltr'><strong>erga</strong></span> <span class='ocrx_word' id='word_1_848' title='bbox 3538 5504 3635 5543; x_wconf 87' lang='lat' dir='ltr'><strong>nos</strong></span> 
     </span>
    </p>
   </div>
   <div class='ocr_carea' id='block_1_117' title="bbox 2071 5581 3632 5655">
    <p class='ocr_par' dir='ltr' id='par_1_117' title="bbox 2071 5581 3632 5655">
     <span class='ocr_line' id='line_1_117' title="bbox 2071 5581 3632 5655; baseline -0.005 -13"><span class='ocrx_word' id='word_1_849' title='bbox 2071 5586 2388 5642; x_wconf 87' lang='lat' dir='ltr'><strong>cbaritatem</strong></span> <span class='ocrx_word' id='word_1_850' title='bbox 2424 5586 2539 5655; x_wconf 88' lang='lat' dir='ltr'><strong>ipse</strong></span> <span class='ocrx_word' id='word_1_851' title='bbox 2581 5598 2807 5653; x_wconf 82' lang='lat' dir='ltr'><strong>magnus</strong></span> <span class='ocrx_word' id='word_1_852' title='bbox 2858 5581 3165 5637; x_wconf 87' lang='lat' dir='ltr'><strong>Demetrius</strong></span> <span class='ocrx_word' id='word_1_853' title='bbox 3202 5584 3458 5652; x_wconf 87' lang='lat' dir='ltr'><strong>quoniam</strong></span> <span class='ocrx_word' id='word_1_854' title='bbox 3508 5596 3632 5635; x_wconf 91' lang='lat' dir='ltr'><strong>cum</strong></span> 
     </span>
    </p>
   </div>
   <div class='ocr_carea' id='block_1_118' title="bbox 2071 5676 3638 5749">
    <p class='ocr_par' dir='ltr' id='par_1_118' title="bbox 2071 5676 3638 5749">
     <span class='ocr_line' id='line_1_118' title="bbox 2071 5676 3638 5749; baseline -0.003 -18"><span class='ocrx_word' id='word_1_855' title='bbox 2071 5688 2385 5749; x_wconf 84' lang='lat' dir='ltr'><strong>peccatores</strong></span> <span class='ocrx_word' id='word_1_856' title='bbox 2415 5693 2661 5733; x_wconf 90' lang='lat' dir='ltr'><strong>essemus</strong></span> <span class='ocrx_word' id='word_1_857' title='bbox 2715 5677 2830 5744; x_wconf 88' lang='lat' dir='ltr'><strong>ipse</strong></span> <span class='ocrx_word' id='word_1_858' title='bbox 2881 5676 2932 5729; x_wconf 91' lang='lat' dir='ltr'><strong>in</strong></span> <span class='ocrx_word' id='word_1_859' title='bbox 2976 5685 3221 5743; x_wconf 90' lang='lat' dir='ltr'><strong>tempore</strong></span> <span class='ocrx_word' id='word_1_860' title='bbox 3252 5689 3347 5743; x_wconf 89' lang='lat' dir='ltr'><strong>pro</strong></span> <span class='ocrx_word' id='word_1_861' title='bbox 3383 5682 3638 5743; x_wconf 86' lang='lat' dir='ltr'><strong>peccato-</strong></span> 
     </span>
    </p>
   </div>
   <div class='ocr_carea' id='block_1_119' title="bbox 2077 5769 3636 5839">
    <p class='ocr_par' dir='ltr' id='par_1_119' title="bbox 2077 5769 3636 5839">
     <span class='ocr_line' id='line_1_119' title="bbox 2077 5769 3636 5839; baseline -0.006 -10"><span class='ocrx_word' id='word_1_862' title='bbox 2077 5775 2229 5829; x_wconf 87' lang='lat' dir='ltr'><strong>ribus</strong></span> <span class='ocrx_word' id='word_1_863' title='bbox 2259 5781 2508 5829; x_wconf 83' lang='lat' dir='ltr'><strong>mortuus</strong></span> <span class='ocrx_word' id='word_1_864' title='bbox 2536 5780 2638 5829; x_wconf 87' lang='lat' dir='ltr'><strong>cst.</strong></span> <span class='ocrx_word' id='word_1_865' title='bbox 2665 5769 2785 5838; x_wconf 86' lang='lat' dir='ltr'><strong>Quo</strong></span> <span class='ocrx_word' id='word_1_866' title='bbox 2811 5781 2992 5828; x_wconf 89' lang='lat' dir='ltr'><strong>tamen</strong></span> <span class='ocrx_word' id='word_1_867' title='bbox 3017 5786 3125 5827; x_wconf 89' lang='lat' dir='ltr'><strong>non</strong></span> <span class='ocrx_word' id='word_1_868' title='bbox 3155 5770 3260 5826; x_wconf 91' lang='lat' dir='ltr'><strong>nisi</strong></span> <span class='ocrx_word' id='word_1_869' title='bbox 3292 5784 3385 5839; x_wconf 86' lang='lat' dir='ltr'><strong>per</strong></span> <span class='ocrx_word' id='word_1_870' title='bbox 3405 5769 3636 5839; x_wconf 82' lang='lat' dir='ltr'><strong>gratiam</strong></span> 
     </span>
    </p>
   </div>
  </div>
