4434 6460
396 437 497 499 δὴθ

1731 437 2060 497 llOMILM
2102 437 2320 496 XLIII.

3535 440 3640 503 550

392 555 454 605 τά
517 552 757 620 ἰάματα·
803 550 1089 613 τοσούτους
1134 549 1458 615 ἁναδείξασα
1505 551 1631 615 τοὺς
1674 553 1957 621 κρουνοὺς,
1992 559 2034 612 Α
2065 564 2143 603 sul

1888 568 1957 614 ις,
1992 559 2034 612 Α
2065 564 2225 603 suum
2263 547 2525 603 Dominus
2559 552 2706 603 misu
2742 548 3073 618 discipulum
3106 594 3107 597 η
3153 551 3430 606 morsibus
3464 550 3639 608 fontes

391 644 585 696 ὁπόσαι
605 642 892 710 γεγόνασιν
919 643 972 693 ai
1004 642 1155 712 παρὰ
1178 642 1284 694 τῶν
1304 641 1715 711 λογχευσάντων
1743 641 1962 712 διατρή-

392 743 506 797 aet;
552 733 644 786 τοῦ
681 732 951 802 σώματος.
992 735 1072 787 Τὰ
1097 735 1202 803 γὰρ
1231 734 1475 802 στόματα
1506 734 1615 787 τῶν
1642 731 1845 799 λύκων,
1886 730 1962 787 ὧν

391 825 447 879 ἑν
485 825 633 894 μέσῳ
664 824 805 877 κατὰ
854 824 915 876 τὸ
958 823 1293 891 Εὑαγγέλιον
1328 823 1420 877 τὸν
1478 825 1679 876 οἰκεῖον
1712 823 1961 893 μα’.ητην

389 918 705 985 Δημήτριον
751 918 779 969 6
828 915 1033 985 Κύριος
1068 914 1302 984 ἔπεμψε,
1349 917 1458 978 τοῖς
1486 915 1725 985 δήγμασι
1779 916 1961 984 πηγὰς

394 1008 761 1076 ἀνεστόμωσε,
795 1007 869 1075 τῷ
916 1008 1013 1077 μὲν
1043 994 1136 1060 τοῦ
1160 1005 1397 1078 Χριστοῦ
1427 1005 1665 1077 ποιμνίῳ
1694 1006 1965 1076 θυμηδίαν

392 1098 723 1166 ὲμποιούσας
770 1097 1032 1167 μεγίστην
1054 1139 1069 1163 ,
1098 1100 1191 1153 καὶ
1222 1098 1423 1161 πολλὰς
1454 1098 1841 1169 συμφερούσας
1875 1098 1964 1150 εύ-

392 1190 671 1256 εργεσίας,
704 1190 937 1253 πολλοὺς
966 1191 1022 1244 δὲ
1057 1190 1286 1243 καὶτῶν
1331 1188 1532 1253 λύκων,
1573 1190 1669 1243 καὶ
1705 1189 1845 1241 κατὰ
1868 1206 1960 1258 μι-

392 1281 523 1349 κρὸν
553 1283 781 1345 πάντας,
821 1283 1338 1350 μετασκευαζούσας
1370 1284 1450 1345 είς
1482 1282 1678 1353 ἄρνας.
1720 1281 1831 1334 Καὶ
1867 1280 1959 1334 οὖ-

2070 648 2407 709 υιιειιιπιιιιι
2436 639 2638 708 quibus
2661 640 2866 695 Christi
2901 641 3050 711 gregi
3079 647 3310 694 maxima
3347 653 3641 712 generatur

2071 733 2281 799 latitia,
2320 733 2495 786 multa
2528 742 2817 801 patrantur
2847 732 3139 798 beneﬁcia,
3181 737 3337 789 multi
3375 750 3438 789 ex
3470 735 3635 803 lupis,

2073 841 2174 879 ltiS'
2208 840 2423 889 omnes,
2451 825 2505 877 in
2535 839 2667 879 oves
2692 826 2945 886 conversi
2979 826 3218 879 fuerunt.
3246 824 3309 879 Et
3338 826 3416 880 sic
3441 826 3638 879 inferni

2068 927 2255 983 porttn,
2288 932 2386 971 seu
2426 917 2641 971 illorum
2673 932 2766 970 ora
2798 924 3153 985 tyrannorum
3187 918 3461 973 morsibus
3520 918 3638 971 suis

2066 1007 2361 1061 Iethalibus
2412 1007 2664 1061 Ecclesia:
2698 1006 2925 1069 Christi,
2981 1008 3104 1062 licet
3154 1010 3426 1062 morsibus
3473 1024 3639 1077 expu-

2069 1097 2211 1161 sitte,
2248 1110 2353 1151 non
2388 1098 2546 1151 modo
2581 1113 2688 1151 non
2722 1098 3040 1167 prtevalunt,
3070 1100 3163 1152 sed
3198 1100 3420 1169 insuper
3442 1110 3589 1169 priet:
3612 1116 3639 1153 r

2071 1190 2353 1244 cwlestem
2408 1197 2460 1242 et
2490 1200 2745 1243 aeternam
2791 1191 3017 1259 gloriam
3058 1190 3386 1260 patientibus
3412 1195 3637 1263 gloriam

2072 1283 2126 1335 in
2160 1281 2320 1335 terris
2352 1280 2680 1349 largiuntur.

394 1390 499 1435 τως
535 1373 590 1424 ai
614 1374 777 1427 πύλαι
808 1375 901 1428 τοῦ
929 1375 1077 1446 ᾅδου,
1100 1373 1300 1437 αἵτινές
1330 1374 1434 1427 είσι
1461 1376 1529 1428 τὰ
1545 1375 1654 1428 τῶν
1678 1376 1956 1443 τυράννων
1993 1370 2218 1426 ἐκείνων
2254 1371 2501 1442 στόματα
2540 1373 2638 1433 τὰς
2671 1371 3078 1442 θανατηφόρους
3145 1375 3452 1444 ἀποφάσεις
3504 1376 3630 1440 ἐξάο

393 1485 584 1536 γοντα,
613 1472 711 1540 τῆς
742 1472 836 1522 τοῦ
874 1469 1107 1539 Χριστοῦ
1165 1470 1512 1541 Ἐκκλησίας,
1570 1466 1751 1524 καίτοι
1809 1468 2182 1539 προκειμένης
2223 1467 2300 1528 είς
2339 1466 2542 1534 δήξεις,
2596 1465 2671 1518 ὀύ
2725 1467 2887 1535 μόνον
2931 1465 2989 1516 ού
3052 1462 3451 1537 κατισχύουσιν,
3504 1469 3639 1524 ἀλλὰ

396 1565 531 1634 προς
570 1567 635 1633 τῇ
674 1565 910 1633 οὐρανίῳ
938 1564 1032 1617 καὶ
1065 1566 1219 1633 ἀϊδίῳ
1262 1566 1385 1636 δόξῃ
1450 1567 1544 1619 καὶ
1576 1567 1676 1636 τὴν
1715 1567 1804 1618 ἐπὶ
1857 1566 1959 1634 γῆς
1998 1563 2154 1628 δόξαν
2189 1561 2507 1630 προξενοῦσι
2532 1562 2640 1623 τοῖς
2670 1560 2963 1628 πάσχουσι.

467 1656 731 1708 Βούλεσθε
761 1657 981 1709 κάκεῖνο
1012 1657 1226 1725 μαθεῖν,
1257 1657 1309 1709 τί
1340 1656 1590 1725 βούλεται
1622 1657 1682 1709 τὺ
1722 1659 1966 1725 σήμερον

395 1747 800 1816 ἀνεγνωσμένον
852 1748 909 1799 ὲν
949 1747 1026 1816 τῷ
1064 1747 1155 1799 τοῦ
1200 1749 1403 1817 Κυρίου
1461 1748 1778 1818 Εὑαγγελὶῳ
1830 1746 1966 1815 πρὸς

394 1841 519 1901 τοὺς
568 1838 662 1891 ὑπ’
706 1836 872 1890 αὐτοῦ
919 1840 1305 1907 πεμπομένους
1353 1842 1411 1893 ἐν
1455 1840 1603 1909 μέσῳ
1634 1842 1742 1893 τῶν
1788 1838 1967 1891 λύκων

398 1929 784 1998 παράγγελμα,
832 1930 1048 2005 Γίνεσθε
1095 1932 1383 2000 φρόνιμοι,
1432 1931 1505 1993 ὠς
1552 1934 1598 1983 οἱ
1643 1931 1814 1996 ὄφεις,
1869 1932 1963 1983 καὶ

2153 1650 2328 1707 Vultis
2366 1667 2506 1705 nunc
2537 1650 2749 1704 discere
2794 1650 2925 1718 quid
2961 1649 3083 1701 velit
3128 1649 3255 1701 illml
3302 1650 3459 1704 hodie
3505 1666 3640 1720 prte-

2067 1744 2305 1797 tlicatum
2332 1746 2381 1797 in
2409 1743 2702 1809 Evangelio
2731 1740 2941 1793 Domini
2975 1742 3036 1794 ad
3065 1742 3368 1809 apestolos:
3393 1762 3410 1793 ‹
3448 1742 3632 1798 Estote

2066 1836 2363 1905 prudentes
2397 1836 2537 1907 sicut
2581 1842 2883 1901 serpentes,
2933 1841 2986 1885 et
3038 1832 3310 1901 simplices
3352 1834 3493 1888 sicut
3542 1852 3637 1888 co-

2065 1927 2263 1980 lumbae
2288 1924 2379 1976 In?
2414 1942 2431 1974 ι
2474 1912 2638 1981 Vacat
2691 1938 2913 1990 serpens
2948 1938 3061 1975 sua:
3109 1921 3485 1985 incolumitati,
3516 1925 3637 1979 aliis

397 2023 665 2092 ἀκέραιοι,
691 2021 763 2083 ὡς
795 2021 850 2073 αἱ
875 2024 1227 2091 περιστεραῖς
1260 2023 1594 2084 Φυλακτικός
1617 2023 1763 2075 ὲστιν
1790 2026 1815 2075 ό
1842 2022 1961 2089 όφις
1995 2063 2035 2117 Β
2069 2032 2148 2073 aut

1887 2040 1961 2089 ρις
1995 2063 2035 2117 Β
2069 2029 2252 2074 autem
2292 2030 2472 2082 nocet,
2500 2016 2724 2071 ultionis
2748 2017 3038 2083 danmi'quc
3073 2017 3306 2085 cupidus
3332 2019 3638 2092 impetuose

402 2112 619 2177 ἑαυτοῦ,
638 2114 774 2166 ἀλλὰ.
804 2114 896 2165 καὶ
917 2114 1249 2182 λυμαντικὸς
1279 2114 1505 2185 ἑτέρων,
1536 2114 1845 2186 ἁμυντικὴν
1868 2117 1962 2170 καὶ

400 2204 692 2259 κακοποιὸν
723 2206 859 2274 ἔχων
876 2207 1051 2276 ὁρμὴν
1080 2207 1167 2258 καὶ
1185 2206 1435 2275 δύναμιν.
1469 2208 1533 2260 'II
1560 2208 1615 2260 δὲ
1641 2211 1962 2277 περιστερὰ,

399 2298 603 2362 ἆκακός
644 2300 758 2352 ἐστι
795 2300 886 2352 καὶ
930 2299 1265 2368 ἀφύλακτος.
1308 2301 1679 2369 Παραγγέλλει
1715 2300 1810 2354 οὖν
1851 2304 1965 2365 τοῖς

399 2392 623 2455 οἰκείοις
652 2394 677 2444 6
715 2393 941 2464 Κύριος,
979 2394 1120 2462 μήτε
1150 2393 1475 2456 κακοποιοὺς
1509 2390 1647 2447 εἶναι
1676 2395 1813 2447 κατὰ
1838 2396 1963 2458 tot;

399 2486 571 2555 ὄφεις,
599 2486 732 2554 μήτε
749 2485 1090 2553 ἀφυλάκτους
1114 2488 1252 2539 κατὰ
1269 2486 1366 2549 τὰς
1388 2489 1732 2557 περιστερὰς,
1758 2487 1890 2540 ἀλλὰ
1907 2487 1967 2541 τὸ

401 2579 728 2645 φυλακτικὸν
750 2577 825 2648 τῷ
842 2579 1107 2646 νουνεχῶς
1124 2579 1317 2647 ἀκάκῳ
1342 2582 1573 2641 συνετῶς
1598 2579 1962 2647 συνάψαντας,

403 2672 750 2733 ὲνστατικοῦς
780 2672 876 2740 μὲν
905 2668 1043 2724 εἶναι
1073 2672 1206 2739 πρὸς
1238 2670 1488 2741 φυλακὴν
1515 2673 1613 2741 τῆς
1646 2674 1849 2734 οίκείῖς
1871 2672 1963 2725 καὶ

401 2761 681 2824 εὐσεϐείας
709 2762 802 2814 καὶ
835 2762 1057 2831 ἀρετῆς,
1089 2762 1310 2824 ἀκάκως
1336 2763 1389 2815 δὲ
1422 2762 1554 2833 πρὸς
1583 2762 1707 2824 τοὺς
1736 2762 1966 2832 ἐπηρεά-

402 2854 592 2918 ζοιτας
612 2853 753 2922 ἔχειν
784 2856 876 2906 ἐπὶ
908 2853 1163 2907 τοσοῦτον
1194 2854 1267 2917 ὼς
1300 2857 1392 2907 καὶ
1420 2855 1821 2925 ύπερεύχεσθαι
1843 2854 1965 2905 τού-

402 2963 529 3000 των.
574 2946 729 2999 Οὕτω
758 2946 862 3017 γὰρ
900 2948 993 2999 καὶ
1024 2946 1206 3008 αὐτοῖς
1238 2950 1357 3009 τοῖς,
1386 2947 1488 2999 ὑπὸ
1521 2946 1614 2999 τοῦ
1645 2946 1836 3016 νοητοῦ
1870 2946 1969 2999 θα·

404 3036 723 3089 νατωοεῐσιν
753 3035 928 3103 ὄφεως
967 3036 1101 3106 ἴαμα
1132 3037 1449 3104 γενήσονται
1489 3037 1623 3107 πρὶς
1653 3037 1820 3106 ζωήν.
1854 3038 1966 3089 Κα-

404 3128 581 3198 θάπερ
621 3129 728 3196 γὰρ
764 3128 862 3198 τὴν
910 3130 1090 3199 σάρκα
1136 3127 1231 3181 τοῦ
1279 3129 1454 3196 ὄφεως
1509 3129 1558 3180 οἱ
1605 3128 1712 3180 τῶν
1764 3130 1965 3199 ίατρῶν

408 3220 594 3283 παῖδες
622 3204 1011 3284 ἀπολαϐόντες,
1043 3222 1135 3273 καὶ
1169 3218 1263 3271 τοῦ
1300 3218 1485 3282 ίιῖλδους
1518 3221 1965 3291 ἁποκαθάραντες

402 3313 495 3365 καί
535 3329 675 3364 τισιν
710 3311 963 3377 ἐδέσμασι
1003 3312 1275 3381 μίξαντες,
1308 3311 1395 3363 διὰ
1433 3312 1635 3379 ταύτης
1670 3313 1795 3374 τοὺς
1821 3314 1966 3379 ὀφιο-

402 3406 630 3475 δήκτους
672 3405 854 3457 ἰῶνται
875 3444 888 3466 ,
917 3402 1059 3456 οὓτω
1086 3404 1177 3456 καὶ
1206 3406 1231 3455 6
1267 3403 1324 3455 τὺ
1356 3402 1448 3455 τοῦ
1481 3404 1656 3470 ὄφεως
1705 3406 1968 3474 φρόνιμον

405 3500 497 3550 καί
531 3495 861 3565 φυλακτικὶν
911 3497 966 3547 ὲν
997 3495 1175 3566 καιρῷ
1208 3497 1531 3565 πειρασμῶν
1568 3499 1631 3563 τῇ
1676 3496 1776 3563 τῆς
1810 3513 1966 3562 περι-

407 3591 598 3657 στεράς
631 3589 837 3657 ἀκακία
872 3588 1109 3655 κεράσας
1139 3590 1236 3657 οὐχ
1274 3588 1467 3641 ἑαυτὸν
1501 3588 1661 3656 μόνον
1695 3588 1860 3641 ἀιώτε
1876 3605 1967 3656 ρον

403 3683 501 3749 τῆς
529 3682 591 3731 ὲκ
617 3679 711 3731 τοῦ
736 3679 909 3746 ὄφεως
942 3680 1144 3748 βλάϐης
1183 3682 1471 3747 πεποίηκε,
1504 3678 1747 3748 δηλονότι
1772 3679 1869 3748 τῆς
1903 3683 1965 3732 ἐκ

404 3770 499 3823 τοῦ
540 3771 785 3823 διαϐόλου
825 3770 1059 3840 ἀπάτης,
1100 3770 1231 3824 ἀλλὰ
1276 3772 1366 3823 καὶ
1406 3772 1530 3833 τοὺς
1568 3770 1921 3838 ὀφιοδὴκτους
1947 3810 1962 3835 ,

404 3862 669 3925 τουτέστι,
711 3861 834 3925 τοὺς
861 3860 1308 3930 πεπλανημένους
1345 3862 1510 3925 ἰᾶται,
1548 3861 1842 3933 καταργών
1871 3862 1967 3931 τὴν

406 3952 602 4005 κακίαν
634 3951 725 4004 τοῦ
756 3952 950 4019 ὄφεως,
990 3952 1112 4023 ἥτις
1145 3954 1290 4005 ἐστὶν
1322 3955 1352 4023 ἡ
1380 3954 1620 4023 ἁμαρτία
1654 3954 1749 4008 καὶ
1780 3957 1809 4023 ἡ
1839 3954 1969 4006 ἀσέ-

406 4044 549 4098 ϐεια.
588 4045 697 4098 Καὶ
732 4046 759 4098 6
798 4044 1006 4115 μάρτυς
1062 4047 1246 4115 ἐγγὺς,
1276 4048 1303 4099 6
1351 4047 1520 4115 μέγας
1551 4042 1703 4109 οὗτος
1753 4048 1969 4117 μάρτυς

405 4139 734 4207 Δημήτριος.
766 4138 869 4190 Τὸν
899 4138 1004 4209 γὰρ
1034 4139 1230 4209 δρόμον
1257 4139 1504 4201 τελέσας,
1533 4142 1626 4192 καὶ
1655 4141 1755 4211 τὴν
1784 4140 1967 4192 πίστιν

404 4230 667 4299 τηρήσας,
712 4230 804 4282 καὶ
845 4232 983 4300 πρὶς
1024 4230 1267 4300 φυλακὴν
1310 4231 1407 4298 τῆς
1443 4230 1725 4293 εὐσεϐείας
1772 4232 1963 4293 ἐνστὰς

409 4322 599 4390 μέχρις
642 4321 899 4391 αἵματος,
927 4321 1179 4374 τοσοῦτον
1210 4322 1448 4391 ἀπέσχεν
1479 4322 1789 4392 ἀμύνασθαι
1838 4326 1964 4387 τοὺς

405 4410 832 4481 έπηρεάζοντας,
869 4412 951 4464 ὅτι
1000 4414 1093 4465 καλ⁵
1121 4413 1261 4484 ὑπὲρ
1295 4413 1471 4465 αὐτῶν
1502 4414 1798 4483 εὐξάμενος
1830 4417 1965 4483 προς

405 4505 493 4558 τὸν
530 4506 752 4576 Κύριον,
784 4505 889 4558 τῶν
908 4504 1005 4573 μὲν
1035 4504 1229 4574 ἔστησε
1256 4504 1351 4574 τὴν
1382 4506 1601 4569 κακίαν,
1620 4504 1727 4556 τῶν
1751 4505 1805 4557 δὲ
1839 4522 1939 4573 μετ

405 4595 679 4665 εποίησεν,
715 4594 786 4654 ὠς
833 4596 967 4665 μηδὲ
1004 4594 1258 4663 λείψανον
1315 4590 1458 4647 εἶναι
1497 4597 1561 4664 τῇ
1597 4594 1748 4647 πόλει
1795 4595 1970 4666 ταύτῃ

404 4690 500 4756 τῆς
539 4686 854 4749 δυσσεϐείας
887 4686 1124 4753 ἐκείνης,
1158 4687 1293 4740 ἀλλὰ
1328 4688 1684 4739 συνίστασθαι
1718 4689 1810 4740 καὶ
1852 4688 1967 4739 δια-

411 4780 593 4848 μένειν
636 4780 735 4846 τὴν
777 4778 951 4841 πόλιν,
993 4772 1117 4853 ὲνηῇ
1168 4780 1263 4831 καὶ
1304 4779 1361 4842 ἑξ
1402 4773 1468 4849 ἦς
1502 4782 1527 4832 ὁ
1559 4773 1700 4841 θεῖος
1759 4780 1969 4849 μάρτυς

408 4871 614 4941 ὑπέστη
647 4872 737 4923 τὸν
771 4871 944 4941 βίαιον
976 4871 1227 4932 θάνατον,
1257 4874 1375 4934 ταῖς
1417 4872 1580 4925 αὑτοῦ
1607 4871 1971 4939 πολυτρόποις

408 4961 777 5030 κηδεμονίαις,
827 4961 921 5017 καὶ
942 4962 1273 5015 πολυειδέσιν
1299 4962 1674 5034 εὐεργεσίαις,
1710 4964 1813 5041 καλἱ
1837 4962 1971 5031 πρὸς

406 5054 497 5106 τὸν
527 5052 659 5105 Θεὸν
684 5052 1048 5116 ἀδιαλείπτοις
1087 5053 1429 5121 πρεσϐείαις.
1465 5056 1529 5109 '0
1559 5056 1652 5108 καὶ
1691 5056 1852 5125 ἡμεῖς
1884 5058 1968 5108 ὲν-

406 5144 745 5213 δεικνύμενοι
794 5137 993 5214 μᾶλλον
1033 5144 1065 5214 ἦ
1112 5144 1502 5213 ἀμειϐόμενον
1553 5146 1635 5206 τίς
1678 5145 1785 5213 γὰρ
1838 5146 1968 5214 ἡμῖν

404 5235 563 5302 ⁴ἰσχὺς
614 5233 748 5301 πρὸς
795 5234 1093 5299 ἀντίδοσινς
1137 5232 1655 5303 πολυπλασιάιζομεν
1686 5234 1834 5303 αύτῷ
1870 5236 1968 5303 τὴν

408 5322 739 5391 πανήγυριν,
763 5321 1042 5383 αἰτοῦντες
1077 5321 1371 5390 ἀξιωθῆναι
1404 5320 1491 5373 δ.ἀ
1518 5321 1615 5387 τῆς
1640 5320 1802 5372 αὐτοῦ
1832 5320 1967 5390 πρὸς

404 5412 496 5465 τὸν
541 5412 673 5463 Θεὸν
713 5412 942 5475 ἱκεσίας,
974 5412 1071 5464 καὶ
1116 5413 1215 5481 τῆς
1254 5412 1421 5465 ἀϊδίου
1461 5413 1570 5465 τῶν
1612 5413 1969 5483 ἀπογεγραμ-

409 5504 585 5573 μένων
624 5506 679 5556 ὲν
736 5503 986 5571 οὐρανοῖς
1015 5497 1396 5573 πανηγύρεως,
1426 5498 1493 5573 ἦς
1524 5504 1734 5571 γένοιτο
1763 5504 1967 5566 πάντας

406 5594 554 5661 ἡμᾶς
593 5594 871 5661 ἐπιτυχεῖν
899 5592 1078 5661 χάριτι
1108 5593 1201 5644 καὶ
1234 5592 1614 5663 φιλανθρωπίᾳ
1646 5594 1737 5645 τοῦ
1765 5594 1968 5664 Κυρίου

2069 2113 2248 2167 irruit.
2313 2111 2571 2165 Columba
2630 2123 2755 2162 vero
2844 2108 2973 2161 vivit
3024 2109 3256 2163 innocua
3312 2125 3408 2163 nec
3482 2126 3635 2166 suam

2066 2215 2221 2258 curat
2255 2204 2510 2258 salutent.
2581 2201 2722 2254 Suos
2783 2214 2912 2266 ergo
2965 2201 3211 2253 hortatur
3268 2200 3527 2255 Dominus
3581 2212 3635 2254 ut

2068 2309 2167 2348 nec
2203 2293 2348 2346 sicut
2382 2300 2663 2359 serpentes
2699 2290 2810 2342 sint
2850 2289 3089 2351 exitiosi,
3122 2304 3219 2344 nec
3256 2290 3633 2344 columbarum

2067 2400 2217 2439 more
2253 2383 2335 2438 sui
2373 2383 2642 2451 negligant
2678 2381 3005 2442 custodiam,
3041 2382 3131 2434 sed
3166 2396 3381 2449 semper
3412 2384 3550 2435 inter
3578 2398 3637 2437 se

2069 2478 2254 2531 mixtis
2286 2473 2560 2542 serpentis
2600 2471 2880 2540 vigilantia
2927 2479 2980 2525 ct
3023 2473 3254 2539 sapienti
3303 2473 3634 2538 innocentia,

2044 2566 2285 2620 modstent
2319 2564 2371 2616 in
2403 2562 2707 2616 custodiam
2739 2576 2851 2614 sure
2898 2560 3113 2629 pietatis
3142 2570 3194 2614 et
3228 2561 3443 2616 virtutis
3480 2572 3534 2615 rt
3566 2566 3638 2614 sl-

2066 2658 2178 2711 ntul
2243 2656 2315 2711 ita
2382 2669 2509 2724 erga
2563 2664 2946 2722 persecutores
3002 2664 3256 2706 maneant
3309 2655 3526 2707 innocui
3578 2664 3639 2709 ut

2066 2749 2228 2801 etiam
2272 2762 2369 2815 pro
2418 2745 2553 2814 ipsis
2606 2753 2783 2798 orent.
2825 2742 2913 2797 Sic
2961 2743 3104 2796 enim
3156 2751 3209 2796 et
3246 2744 3375 2811 ipsis
3410 2759 3438 2798 a
3472 2746 3637 2814 spiri-

2068 2838 2201 2892 tuali
2244 2847 2492 2905 serpente
2534 2836 2809 2905 percussis
2864 2834 3130 2897 medicina
3170 2834 3295 2887 fient
3345 2836 3397 2888 in
3448 2836 3635 2889 vit:.m.

2067 2928 2200 2981 Nam
2237 2927 2460 2997 perinde
2508 2942 2570 2980 ac
2604 2937 2821 2995 sumpta
2861 2928 3133 2993 serpentis
3183 2941 3348 2980 carne
3395 2928 3634 2983 medico.-

2070 3034 2189 3073 rum
2231 3019 2381 3087 pueri
2418 3028 2648 3087 purgato
2681 3017 2846 3085 hujus
2887 3031 3116 3081 veneno,
3149 3033 3211 3070 ex
3247 3034 3306 3069 ea
3342 3033 3503 3085 quam
3538 3034 3639 3086 pu-

2070 3114 2144 3166 ris
2186 3112 2420 3164 misrent
2449 3110 2587 3165 cibis
2636 3116 2958 3178 serpentum
3012 3122 3229 3164 morsus
3282 3118 3508 3173 sanant,
3563 3112 3637 3164 ita

2067 3206 2157 3275 qui
2194 3205 2525 3273 vigilantiam
2574 3213 2625 3256 et
2661 3201 3005 3271 prudentiam
3049 3202 3338 3270 serpentis,
3389 3211 3636 3271 tempore

2071 3298 2425 3360 tentationis,
2480 3296 2806 3349 innocentim
2855 3295 3120 3347 rolnmla:
3171 3278 3409 3361 tempera
3453 3334 3467 3357 ,
3528 3309 3635 3346 non

2001 3394 2043 3455 ς
2081 3399 2285 3442 tantum
2320 3388 2670 3455 semetipsum
2696 3388 2960 3455 serpentis
2990 3388 3218 3451 morsui,
3252 3386 3302 3439 id
3334 3396 3409 3438 est
3439 3385 3638 3441 diaboli

2074 3479 2305 3534 fallaci-,e
2340 3478 2520 3531 reddit
2555 3479 2903 3546 impervium,
2936 3477 3029 3530 sed
3062 3488 3112 3530 et
3144 3477 3488 3545 serpentibus
3524 3476 3640 3529 vul—

2078 3582 2291 3625 neratos
2323 3586 2418 3625 seu
2475 3571 2731 3639 deceptos
2777 3577 2957 3635 sanat,
3006 3568 3160 3621 irrita
3212 3569 3478 3637 serpentis
3526 3584 3642 3622 ma-

2074 3666 2187 3717 litia
2219 3680 2339 3733 qua:
2368 3662 2499 3715 nihil
2531 3672 2611 3715 est
2651 3660 2797 3715 aliud
2831 3675 2893 3715 ac
2935 3661 3185 3729 impietas
3230 3669 3281 3714 et
3332 3670 3638 3728 peccatum.

2078 3756 2168 3809 S'c
2201 3765 2404 3823 martyr
2432 3761 2637 3814 tmster,
2670 3754 2750 3807 sic
2795 3768 3028 3821 magnus
3068 3754 3170 3807 iste
3215 3761 3419 3822 martyr
3451 3750 3642 3805 Deme-

2070 3849 2227 3903 trins.
2264 3848 2497 3902 Cursum
2529 3848 2672 3901 enim
2708 3846 3144 3910 consummavit,
3199 3846 3355 3898 iidem
3404 3860 3539 3900 serv.
3563 3845 3641 3897 vit

2075 3956 2172 4010 pro
2212 3955 2309 3994 sua
2364 3940 2625 3993 servanda
2672 3940 2869 4007 pietate
2921 3937 3121 3992 restitit
3180 3952 3352 4006 usque
3398 3939 3461 3989 ad
3510 3951 3639 3989 san-

2072 4035 2315 4104 guinem,
2346 4042 2396 4085 ct
2429 4040 2637 4086 tantum
2671 4030 2843 4085 abfuit
2876 4040 2932 4083 ut
2961 4030 3027 4084 de
3057 4030 3172 4084 suis
3200 4028 3641 4099 persecutoribus

2072 4127 2447 4188 ulcisceretur,
2499 4134 2560 4179 ut
2606 4126 2771 4177 etiam
2837 4139 2936 4193 pro
2961 4123 3093 4190 ipsis
3129 4122 3412 4177 Dominum
3444 4120 3640 4189 depre-

2070 4226 2246 4281 eatus,
2288 4217 2518 4270 aliorum
2576 4215 2800 4283 quidem
2835 4203 3462 4276 coercueritmalitiam,
3503 4212 3640 4266 alios

2074 4308 2608 4372 veroimmntaverit,
2635 4308 2709 4360 ita
2740 4317 2795 4361 ut
2822 4307 2873 4360 in
2903 4306 3009 4360 ista
3033 4306 3249 4360 civitate
3282 4305 3416 4357 nihil
3449 4319 3640 4372 snper-

2073 4403 2138 4457 sit
2184 4416 2251 4456 ex
2292 4401 2458 4455 veteri
2509 4398 2817 4468 impietate;
2868 4400 3038 4453 multo
3074 4399 3245 4468 magis
3295 4399 3424 4452 urbs
3462 4398 3550 4451 illa
3586 4399 3637 4450 in

2076 4509 2181 4564 qua
2230 4503 2283 4547 et
2332 4509 2393 4547 ex
2450 4508 2555 4559 qua
2598 4490 2812 4546 divinus
2871 4472 3056 4546 noster
3104 4500 3312 4559 martyr
3349 4491 3639 4545 violentam

2074 4587 2335 4643 sustinuit
2369 4601 2581 4646 necem,
2639 4585 2814 4651 magis
2864 4599 2927 4637 ac
2974 4584 3145 4652 magis
3194 4583 3399 4637 [ittnior
3426 4598 3644 4653 perma-

2077 4688 2254 4740 neret,
2296 4678 2682 4746 multiplicium
2720 4677 2840 4745 ejus
2876 4677 3048 4754 gratia
3088 4676 3499 4738 beneﬁciorum,
3531 4690 3641 4731 non

2071 4772 2511 4827 ittlt‘l‘tliissal‘um
2550 4769 2615 4822 ad
2656 4771 2822 4821 Deum
2863 4769 3329 4837 deprecationum.
3366 4766 3519 4834 Quod
3561 4772 3643 4822 in-

2069 4869 2277 4930 dicare,
2313 4882 2417 4921 non
2449 4880 2800 4918 remunerare
2866 4866 3143 4931 potuimus
3204 4864 3359 4934 (quis
3391 4864 3533 4917 enim
3578 4878 3643 4917 ex

2072 4959 2233 5013 nobis
2263 4959 2330 5012 ad
2377 4956 2786 5010 retribuendum
2822 4955 3153 5024 idoneus?),
3185 4956 3490 5008 encomimn
3521 4955 3642 5022 ejus

2076 5051 2524 5121 multiplicamus,
2563 5058 2622 5102 ut
2646 5063 2741 5117 per
2774 5050 2893 5116 ejus
2942 5048 3007 5102 ad
3046 5048 3210 5102 Deum
3246 5049 3524 5103 orationes
3556 5048 3643 5101 di-

2074 5144 2164 5214 gni
2223 5143 2523 5197 eﬂieiamur
2572 5142 2826 5210 perennis
2886 5156 3075 5195 eorum
3138 5156 3368 5208 quorum
3423 5140 3643 5194 nornina

2075 5234 2278 5303 scripta
2319 5246 2442 5289 sunt
2474 5234 2526 5286 in
2571 5234 2724 5287 caelis
2753 5234 3030 5288 societatis
3061 5250 3075 5297 ;
3121 5248 3281 5301 quam
3322 5232 3478 5286 nobis
3514 5248 3648 5286 con-

2076 5327 2229 5395 sequi
2267 5325 2529 5380 concedat
2570 5325 2740 5395 gratia
2793 5332 2845 5379 et
2881 5324 3185 5393 benignitas
3228 5325 3440 5378 Domini
3475 5325 3643 5377 nostri

2073 5416 2202 5473 Jesu
2253 5418 2481 5482 Christi,
2516 5419 2606 5472 cui
2643 5419 2840 5488 gloria,
2882 5417 3085 5477 virtus.
3120 5418 3291 5471 honor
3323 5427 3373 5470 et
3400 5418 3647 5472 adoratio

2071 5524 2193 5562 cum
2247 5517 2451 5563 mterno
2500 5508 2620 5577 ejus
2679 5509 2838 5562 Patre
2886 5515 2940 5561 et
2989 5507 3297 5561 viviﬁcante
3343 5507 3545 5574 Spiritu
3592 5511 3647 5561 in

2072 5602 2269 5657 saecula
2310 5602 2660 5657 smculorum.
2712 5602 2905 5655 Amen.

403 5684 562 5750 ἡμῶν
602 5684 775 5753 Ἰησοῦ
824 5684 1083 5751 Χριστοῦ,
1126 5678 1168 5749 ᾧ
1190 5684 1386 5753 πρέπει
1414 5684 1557 5748 δόξαν
1590 5687 1809 5756 κράτος,
1840 5690 1975 5761 τιμὴ
2008 5693 2105 5743 καὶ
2134 5694 2527 5763 προσκύνησις,
2582 5696 2679 5749 σὺν
2711 5694 2788 5765 τῷ
2822 5695 3044 5765 ἁνάρχῳ
3085 5692 3249 5748 αὐτοῦ
3315 5694 3488 5764 Πατρὶ
3556 5676 3647 5748 καὶ

404 5771 482 5841 τῷ
516 5774 762 5842 παναγίῳ
789 5772 1085 5842 Πνεύματι,
1121 5772 1214 5826 νῦν
1234 5774 1326 5828 καὶ
1356 5775 1432 5837 εἰς
1465 5777 1588 5840 τοὺς
1630 5778 1834 5843 αἰῶνας
1864 5782 1970 5835 τῶν
2006 5780 2239 5847 αἰώνων.
2294 5786 2486 5855 Ἀμήν.

413 5958 452 5987 ⁸²
490 5955 673 6010 Μιιιιίι.
722 5971 778 6021 x,
832 5957 917 6012 16.
