4434 6460
453 373 551 436 537

1405 368 1809 430 ENCOMIUM
1862 365 2079 427 AUC'I'.
2125 363 2562 425 l’IllLO'l’lI-EU
2604 367 2711 424 (ΣΡ.

3579 374 3682 432 διδ

529 485 679 548 Ἐνδς
725 487 758 556 ἦ
803 484 947 537 δυοῖν
998 484 1106 538 τῶν
1168 484 1307 536 κατά
1355 485 1480 546 τοὺς
1530 482 1877 553 θαυμαστοὺς
1917 481 2010 533 τοῦ
2041 476 2223 542 Ατίῗέν
2275 476 2418 544 ὖρῶν
2472 478 2711 529 κάκεῖνοι
2765 478 2857 530 καὶ
2911 477 2997 548 τῆη
3048 481 3236 549 ξῖιρᾶςς
3273 485 3345 544 ὼς
3397 483 3532 552 μηδὲ
3587 485 3680 536 τεῦ

454 574 689 646 μεγάλου
733 575 978 644 πατέρας
1022 573 1101 626 ἔτι
1150 573 1430 643 μνησθεὶς,
1469 574 1555 627 ἐπ’
1599 574 1760 627 αὑτὸν
1802 575 2006 626 ἐκεῖνον

451 667 546 718 καὶ
581 665 643 735 δὴ
675 663 987 733 βαδιοῦμαι,
1019 663 1126 716 τῶν
1156 663 1330 717 ἀλλων
1374 668 1486 728 τοῖς
1530 665 1695 718 εἰδόσι
1749 681 2007 733 παραχω-

455 755 650 823 ρήσας.
683 752 1016 820 Σπούδασμα
1056 755 1150 807 καὶ
1175 754 1334 807 τοῦτο
1365 753 1474 807 τῶν
1506 753 1810 824 Γρηγορίου
1843 757 2011 807 πατέ-

455 861 584 913 ρων,
643 843 702 895 τδ
754 843 828 913 μὴ
878 847 1038 912 μόνον
1091 845 1287 906 αὐτούς
1333 861 1476 914 φημι
1527 846 1865 915 μοναξόντων
1917 848 2010 899 καὶ

451 935 792 989 δτδασκάλων
855 937 961 987 καὶ.
1006 937 1257 1002 πατέρων
1331 937 1717 1004 πνευματικῶν
1771 938 2010 1006 ὁμιλίαις

452 1029 722 1097 ὁσημέραι
753 1029 1068 1097 προσέχειν,
1110 1028 1242 1082 ἀλλά
1279 1031 1526 1092 καὶτοὺς
1570 1031 1764 1093 παῖδας
1800 1029 2011 1096 ἐνάγειν

449 1125 529 1185 εἰς
564 1122 623 1174 τὸ
654 1121 784 1174 αὐτὸ
809 1121 961 1174 τοῦτο
991 1123 1081 1174 καί
1111 1123 1344 1190 ὁδηγεῖν,
1394 1123 1454 1175 ού
1490 1123 1617 1184 τοῦς
1665 1123 2013 1192 ἀκμάζοντας

454 1215 612 1284 μόνον
639 1215 733 1267 καὶ
767 1215 985 1284 ήλικίας
1020 1216 1318 1285 ἡμμένους,
1350 1216 1485 1268 ἀλλά
1523 1218 1614 1270 καὶ
1643 1219 1770 1280 τοῦς
1801 1217 2011 1279 ἀτελεῖς

450 1307 553 1364 ἔτι.
597 1309 692 1360 καὶ
719 1307 844 1375 ἄρτι
898 1306 1128 1375 πρώτως
1160 1308 1499 1377 ἀρχομένους
1532 1309 1628 1361 καί⁵
1679 1310 1880 1376 λέγειν,
1923 1311 2013 1362 καὶ

453 1397 689 1451 συνιέναι
722 1398 826 1450 τῶν
858 1398 947 1467 ὑφ’
982 1399 1182 1468 ἐτέρων
1215 1399 1414 1468 δηλαδὴ
1451 1399 1585 1470 πρὸς
1619 1401 1817 1464 αὐτοὺς
1864 1401 2016 1468 λεγο-

455 1488 653 1561 μένων,
685 1489 752 1543 ἵν’
784 1489 842 1552 ἐξ
878 1491 1046 1559 αὐτῆς
1079 1491 1176 1559 τῆς
1228 1491 1308 1552 εἰς
1356 1491 1448 1544 τὸν
1496 1491 1611 1560 βίον
1646 1493 1851 1544 εἰσόδου
1900 1496 2013 1556 τοῖς

455 1583 621 1653 ίεροῖς
657 1583 837 1649 λόγοις
870 1585 965 1636 καὶ
997 1586 1114 1646 ταῖς
1142 1583 1522 1646 διδασκαλίαις
1547 1582 1709 1647 εὐθὺς
1733 1586 2012 1638 τυπῶνται

453 1674 546 1725 καὶ
576 1672 914 1726 πλάττωνται
947 1673 1044 1732 τὰς
1069 1671 1268 1748 ψυχάς.
1302 1672 1554 1725 ’Δκατίου
1583 1672 1871 1741 τοιγαροῦν
1899 1677 2015 1725 ἐπι-

454 1763 648 1825 ϐάντες
673 1764 998 1833 πανοικεσίᾳ
1029 1763 1181 1830 ποτὲ,
1211 1764 1348 1834 πρὸς
1387 1763 1447 1816 τὸ
1482 1763 1656 1833 πέραν
1686 1765 1786 1834 τῆς
1817 1763 2015 1816 θαλάτ-

2120 568 2296 635 μάννα
2344 569 2434 620 καί
2466 569 2562 638 τῆς
2596 570 3031 641 όρτυγομήτρας,
3077 575 3168 624 καὶ
3203 575 3312 626 τῶν
3345 574 3682 645 θρυλλουμέ-

2117 672 2220 709 νων
2251 657 2472 710 ἐκείνων
2505 659 2747 712 παλαιῶν
2771 662 2862 714 τοῦ
2885 661 3018 714 Θεοῦ
3055 662 3367 731 θαυμάτων,
3395 667 3484 716 καὶ
3509 667 3682 718 ταῦτα

2116 745 2176 798 τὸ
2218 749 2480 816 παράπαν
2515 749 2889 821 καθυστερεῖν.

2203 840 2292 892 Ἐν
2325 839 2535 903 τούτοις
2565 842 2658 892 καὶ
2710 846 2823 903 τοῖς
2861 843 3123 907 τοιούτοις
3153 845 3228 912 τῷ
3256 847 3423 916 πατρί
3470 847 3682 917 θαυμα-

2120 928 2259 991 στῶς
2295 930 2392 1000 ήδη
2432 932 2753 986 καταλύοντι
2803 935 2899 1003 τὴν
2959 938 3106 989 κάτω
3163 938 3343 1005 ζωὴν,
3403 942 3495 992 καὶ
3543 941 3682 1008 πρὸς

2119 1019 2215 1086 τὴν
2254 1020 2365 1073 ἀνω
2399 1039 2455 1073 τε
2487 1024 2580 1074 καὶ
2616 1025 2892 1093 μακαρίαν
2927 1025 3329 1100 μεθισταμένῳ,
3367 1034 3680 1102 κειραμενῳ

2117 1127 2176 1162 τε
2229 1112 2319 1162 ἐπὶ
2360 1112 2502 1166 τέλει
2555 1117 2648 1168 καὶ
2695 1117 3000 1170 τελεσθέντι
3053 1125 3118 1172 τὰ
3180 1126 3448 1193 μοναχῶν,
3497 1122 3681 1197 ὦνπερ

2119 1199 2238 1250 οὑδέ
2280 1200 2541 1270 πρότερον
2574 1205 2696 1256 ὅσον
2727 1207 2818 1258 ἐπὶ
2850 1211 2915 1278 τῇ
2970 1210 3213 1280 πολιτεία
3268 1216 3408 1282 φημί
3452 1217 3682 1280 καὶτοῖς

2121 1289 2305 1360 ἔργοις
2359 1293 2645 1358 ἀτέλεστος
2697 1291 2852 1368 ῆν,ή
2908 1302 3045 1371 καλὴ
3100 1307 3352 1372 πρότεισι
3387 1308 3634 1380 Καλλονή
3666 1328 3678 1341 ο

2120 1385 2216 1436 καὶ
2250 1385 2416 1455 ἄμφω
2444 1387 2550 1456 γάρ
2585 1391 2614 1457 ή
2648 1391 2914 1458 όμόζυγος
2943 1396 3102 1447 ταυτί
3145 1399 3486 1467 φερωνύμως
3517 1403 3682 1472 ἐκλή-

2122 1474 2210 1543 θη,
2262 1477 2322 1528 τὸ
2359 1478 2457 1546 μέν
2506 1483 2647 1534 κατά
2701 1483 2925 1552 κόσμον,
2961 1486 3018 1538 τὸ
3069 1487 3126 1539 δὲ
3171 1491 3314 1541 κατά
3370 1495 3637 1562 μοναχούς
3667 1511 3680 1526 °

2121 1563 2259 1636 αῦτη
2296 1571 2585 1638 τοιγαροῦν
2612 1576 2935 1644 προσιοῦσα,
2969 1578 3094 1630 ἐπεὶ
3121 1580 3178 1631 τὸ
3225 1582 3358 1649 πρὸς
3396 1585 3558 1637 αὐτὸν
3591 1588 3683 1638 εύ-

2125 1657 2281 1723 μενές
2313 1662 2406 1714 καὶ
2429 1664 2525 1730 τὴν
2559 1665 2732 1735 ῥοπήν
2761 1666 2956 1721 ἔϐλεπε
2989 1670 3081 1721 τοῦ
3118 1673 3465 1740 κρατοῦντος,
3503 1676 3684 1743 ἀξιοῦν

2112 1748 2332 1803 ἐκεῖνον
2368 1753 2558 1819 ἐδεῖτο,
2595 1760 2935 1826 προμηθείας
2987 1762 3169 1814 εἵνεκα
3215 1769 3308 1816 καὶ
3343 1769 3681 1834 προστασίας

450 1873 548 1924 της
581 1857 719 1924 ὑπὲρ
746 1857 815 1909 τά
865 1855 1110 1910 Γαλάτου
1146 1857 1400 1926 κείμενον
1434 1857 1856 1927 φροντιστήριον
1887 1856 2015 1924 ἀνή-
2046 1862 2090 1917 Β
2119 1840 2228 1893 τῶν
2255 1845 2481 1899 παίδων·
2537 1847 2579 1900 ο
2599 1847 2642 1900 δ’
2669 1851 2727 1900 οὗ
2755 1852 2912 1918 μένον
2941 1853 3001 1905 οὐ
3036 1856 3351 1925 προσήκατο
3380 1857 3446 1910 τὰ
3468 1858 3684 1927 λεχθέν-

453 1964 611 2008 γοντο
639 1947 732 1999 τοῦ
769 1947 915 2000 θείου
946 1949 1132 2011 Φωκᾶ,
1166 1945 1242 2015 τῷ
1263 1947 1383 2000 καθ’
1412 1946 1643 2018 ἡσυχίαν
1675 1948 1790 1999 ἐκεῖ
1813 1963 2015 2017 προσε-

452 2037 716 2107 δρεύοντι,
754 2039 1149 2100 σπουδάζοντες
1199 2038 1272 2099 ὡς
1309 2037 1428 2100 ἔθος
1467 2039 1712 2108 ἐντυχεῖν
1770 2040 2012 2108 μοναστῇ

452 2145 510 2181 τε
546 2131 640 2182 καὶ
673 2130 1053 2200 πρεσϐυτέρῳ,
1089 2128 1305 2198 καὶτῆς
1337 2128 1468 2199 παρ’
1515 2129 1728 2182 ἐκείνου
1765 2129 2020 2182 διδασκα-

459 2221 578 2284 λίας
600 2221 928 2288 ἀπολαῦσαι,
959 2223 1053 2274 καὶ
1075 2222 1198 2283 τοὺς
1222 2222 1628 2291 πνευματικοῦς
1658 2221 2016 2286 ὑποδέξασθαι

457 2317 658 2376 τύπους
695 2316 786 2369 καὶ
813 2313 911 2375 τὰς
955 2313 1141 2383 εὐχάς.
1177 2313 1289 2366 Καὶ
1321 2313 1498 2366 τοίνυν
1538 2313 1781 2376 ἀνιόντες
1811 2315 2014 2378 ἐκεῖσε,

456 2405 483 2457 6
511 2404 604 2457 τοῦ
634 2405 935 2474 Γρηγορίου
994 2403 1177 2474 πατὴρ
1218 2403 1549 2456 ἐπυνθάνετο
1602 2403 1712 2456 τῶν
1757 2403 1974 2456 οἰκείων
1999 2443 2014 2470 ,

459 2498 506 2549 εἰ
536 2497 642 2548 τῶν
694 2497 828 2566 πρὸς
873 2495 1153 2565 τράπεζαν
1197 2495 1521 2566 ἐπιτηδείων
1575 2496 1926 2566 ἐπιφέρονταί
1966 2513 2015 2549 τι

457 2587 550 2642 τοῦ
589 2587 908 2640 διδασκάλου
937 2603 951 2616 ·
1005 2585 1113 2639 τῶν
1161 2585 1204 2638 δ’
1228 2585 1530 2655 εἰρηκότων
1579 2585 1747 2655 μηδέν
1800 2603 1853 2638 τι
1906 2587 2014 2639 τῶν

457 2673 623 2736 ἀξίων
652 2672 793 2744 ἔχειν
843 2673 960 2741 μεθ’
990 2672 1228 2737 ἐαυτῶν,
1286 2672 1392 2724 ὑπὸ
1441 2672 1613 2743 λήθης
1641 2675 1732 2727 καὶ
1763 2674 2016 2744 ἀσχολίας

460 2764 959 2835 συναρπασθέντας,
987 2764 1314 2834 δυσχερᾶναι
1341 2765 1440 2835 μὶν
1470 2765 1561 2818 τὸν
1594 2767 1785 2836 ἄνδρα,
1817 2769 1910 2821 καὶ
1942 2767 2018 2831 ὡς

461 2857 537 2926 μὴ
583 2856 758 2919 καλῶς
795 2857 1149 2925 γεγενημένῳ
1206 2856 1283 2925 τῷ
1331 2857 1619 2928 πράγματι
1671 2857 2013 2927 μέμψασθαι,

459 2951 757 3016 ἀναγαγεῖν
791 2947 847 3000 δέ
876 2947 950 3011 ὡς
983 2947 1104 3010 ἔθος
1152 2949 1346 3018 ἐκείνῳ
1398 2951 1492 3002 καὶ
1543 2948 1702 3001 τοῦτο
1741 2947 1876 3020 πρὸς
1925 2950 2016 3002 τὸν

456 3040 609 3104 Θεὸν,
648 3039 743 3093 καὶ
773 3039 870 3109 τήν
916 3039 1123 3094 ἐκεῖθεν
1172 3040 1433 3110 χορηγίαν
1489 3039 1842 3104 ἐπεύξασθαι.
1895 3041 2017 3095 Τόδ*

458 3133 516 3184 οὐ
553 3133 710 3200 λόγος
742 3130 928 3192 ἁπλῶς
957 3126 1044 3201 ἦν,
1079 3131 1215 3185 ἀλλά
1266 3131 1360 3184 καὶ
1416 3131 1802 3200 τετελεσμένον
1853 3132 2016 3203 ἔργον

459 3219 707 3284 ἐξαισίως
723 3237 782 3271 τε
806 3221 897 3272 καὶ
919 3218 1214 3288 ὑπερφυῶς
1239 3218 1377 3288 μετά
1401 3217 1578 3288 βραχὺ
1608 3219 1768 3272 πάνυ’
1792 3220 2015 3272 ἀνέπλει

464 3317 563 3384 μέν
603 3315 711 3382 γάρ
745 3314 843 3383 τὴν
873 3311 1203 3380 θάλαττανή
1242 3310 1442 3378 λέμϐος
1473 3311 1697 3382 φέρουσ⁹
1731 3313 1946 3375 αὐτοὺς,
1989 3314 2017 3365 6

461 3404 505 3455 δ’
539 3401 789 3472 ἐμϐαλὼν
817 3402 915 3464 τὰς
945 3405 1131 3471 χεῖρας
1163 3401 1238 3470 τῷ
1268 3400 1497 3469 κύματι,
1538 3402 1629 3454 τὸν
1681 3402 1778 3470 τῆς
1815 3401 2016 3456 θαλάτ-

462 3510 561 3562 της
593 3494 871 3561 Δεσπότην
908 3491 1045 3561 μετὰ
1078 3492 1313 3554 πίστεως
1345 3491 1526 3561 ἐζήτει
1561 3491 1620 3544 τὸ
1649 3493 1872 3561 θήραμα
1897 3495 2018 3555 ταῖς

462 3585 751 3654 ἀλαλήτοις
781 3581 875 3635 τοῦ
909 3581 999 3635 νοῦ
1026 3584 1378 3652 προσευχαῖς.
1433 3578 1544 3635 Εἶτ’
1575 3584 1785 3636 ἐκεῖθεν
1822 3585 2018 3653 μικρὸν

459 3676 762 3744 προϊόντες,
799 3672 843 3725 ὣ
869 3673 964 3743 τῆς
997 3672 1190 3740 καινῆς
1219 3673 1422 3741 θήραςί
1457 3670 1502 3724 ῶ
1545 3671 1655 3724 τῶν
1689 3672 2018 3741 θαυμαστῶν

459 3769 637 3836 ἔργων
685 3783 743 3817 τε
794 3766 887 3817 καί
941 3763 1224 3831 δυνάμεων
1280 3759 1360 3826 οἷς
1417 3765 1445 3817 ό
1484 3764 1702 3819 πάντων
1741 3765 2018 3833 Δεσπότης

460 3859 583 3920 τοὺς
618 3859 856 3918 οἰκείους
913 3856 1254 3925 θεράποντας
1303 3853 1554 3920 δοξάζειί
1600 3857 1698 3924 τὴν
1728 3859 1880 3927 χεῖρα
1913 3856 2019 3910 τῶν

462 3951 668 4003 ὑδάτων
707 3951 733 4002 6
759 3947 945 4010 καινὸς
975 3947 1159 4009 ἁλιεὺς
1195 3947 1459 4016 αἰφνίδιον
1496 3949 1855 4012 άνασπάσας,.
1884 3949 2020 4001 λαύ-

463 4059 607 4109 ρακα
629 4041 736 4093 τῶν
772 4039 1049 4108 μεγίστων
1071 4039 1282 4092 ἐκεῖθεν
1309 4041 1523 4106 ἀνάγει,
1547 4042 1642 4093 καὶ
1665 4044 1773 4102 τοῖς
1801 4040 2020 4092 συνοῦσι

463 4131 685 4200 προθεὶς
716 4131 855 4183 κατά
897 4130 1063 4199 μέσον
1088 4129 1179 4182 τοῦ
1226 4130 1475 4194 ἀκατίου,
1527 4130 1680 4194 Ἰδοὺ,
1737 4131 1892 4200 φησὶ,
1926 4131 2021 4184 καὶ

461 4221 494 4286 ἡ
539 4218 916 4288 σχεδιασθεῖσα
946 4221 1097 4289 παρὰ
1145 4219 1382 4290 Χριστοῦ
1417 4221 1668 4290 τράπρζα
1702 4221 1778 4292 τῷ
1823 4222 2016 4290 Πατρί.

461 4311 524 4364 Οί
558 4311 613 4363 δὲ
663 4309 738 4379 τῷ
790 4308 883 4360 τοῦ
931 4312 1256 4378 πράγματος
1299 4310 1521 4380 ἐξαισίῳ
1553 4311 2017 4379 καταπλαγέντες,

465 4405 558 4456 καὶ
593 4401 682 4453 τδν
715 4402 1130 4471 θαυματουργὸν
1153 4403 1456 4470 ύμνηκότες
1498 4403 1595 4454 σὺν
1633 4403 1829 4472 ἐκείνῳ
1864 4404 2016 4470 Θεὸν,

461 4493 708 4564 ἀπῄεσάν
757 4509 814 4544 τε
866 4495 999 4560 πρὸς
1043 4493 1134 4544 τὸν
1181 4492 1572 4561 πρεσϐύτερον,
1615 4493 1885 4564 θυμηδίας
1927 4498 2017 4549 καὶ

463 4585 741 4652 θαύματος
765 4584 1015 4652 πλήρεις,
1049 4585 1139 4634 καὶ
1175 4584 1360 4653 κοινὴν
1390 4585 1666 4637 ἐποιοῦντο
1700 4589 1793 4639 σὺν
1826 4587 2020 4658 ἐκείνῳ

464 4675 561 4745 τήν
595 4674 786 4742 καινὴν
838 4676 1006 4735 ὅντως
1045 4675 1216 4744 θήραν
1270 4677 1362 4726 καὶ
1408 4677 1706 4745 τράπεζαν.
1740 4678 1833 4740 Τίς
1881 4679 2021 4746 ἔγνω

462 4765 699 4818 τοιοῦτον
730 4766 954 4834 θήραμα
1001 4767 1106 4816 τῶν
1152 4764 1267 4828 νῦν,
1301 4767 1332 4835 ἢ
1369 4766 1475 4818 τῶν
1522 4765 1734 4819 πώποτε
1765 4786 1779 4833 ;
1816 4770 2018 4836 Καιρὸς

465 4857 606 4924 τάχα
633 4873 733 4907 που
765 4857 859 4907 καὶ
880 4856 1025 4924 ἡμᾶς
1053 4855 1192 4923 μετὰ
1213 4855 1308 4922 τῆς
1329 4860 1570 4928 μεγάλης
1598 4860 1810 4929 ἐκείνης
1837 4862 2018 4928 φωνῆς

469 4946 564 4999 νῦν
601 4948 796 5009 εἰπεῖν,
828 4949 948 4999 ἐπεὶ
982 4946 1072 4998 καὶ
1121 4948 1188 4998 τά
1220 4949 1314 4999 τοῦ
1355 4947 1628 5018 θαύματος
1678 4952 1788 5014 ῐσα,
1819 4955 1911 5004 καί
1954 4953 2018 5023 δὴ

471 5043 565 5093 καὶ
592 5039 658 5090 τά
688 5039 783 5105 τῆς
815 5039 1048 5099 πίστεως
1099 5040 1204 5090 τῶν
1261 5040 1462 5092 καινῶν
1514 5042 1799 5111 θηρευτῶν
1824 5062 1835 5074 ·
1876 5045 2016 5114 πλὴν

467 5132 587 5181 ὅσον
615 5131 811 5180 ἐκεῖνοι
848 5130 945 5198 μέν
981 5131 1066 5181 ἐπ’
1104 5132 1339 5199 ἐρημίας
1368 5133 1671 5200 ὑπαιθρίοις
1699 5139 1926 5203 κρυμοῖς
1959 5154 2016 5187 τε

467 5221 560 5273 καὶ
592 5220 818 5288 ὀμϐροις
850 5222 986 5290 ὑπὲρ
1033 5222 1313 5283 εὐσεϐείας
1369 5223 1852 5294 ταλαιπωροῦντες
1899 5227 2016 5291 ἔτος

463 5331 563 5364 που
599 5314 847 5381 ἕϐδομον,
887 5314 980 5365 καὶ
1011 5314 1102 5364 τὸν
1129 5314 1260 5366 Θεὸν
1292 5315 1377 5367 ἐπ’
1424 5317 1605 5370 ἐκεῖνα
1635 5322 1784 5388 κοινῇ
1817 5320 2015 5383 πάντες

460 5402 756 5464 καλοῦντες
784 5405 880 5454 σὺν
904 5405 1087 5472 μακρᾷ
1121 5405 1184 5472 τῇ
1210 5404 1411 5472 δεήσει·
1450 5409 1475 5457 6
1501 5405 1556 5457 δέ
1591 5407 1682 5459 τοῦ
1715 5408 2012 5478 Γρηγορίου

465 5493 644 5564 πατὴρ
670 5490 841 5559 οὗτος,
880 5497 1003 5562 ἀρτι
1052 5497 1157 5546 τῶν
1214 5496 1499 5565 βασιλείων
1557 5500 1649 5550 καί
1701 5501 1796 5568 τῆς
1837 5503 2014 5564 οἰκίας

457 5588 554 5654 τῆς
602 5587 795 5638 ἑαυτοῦ
853 5586 1081 5655 προῖὼν,
1134 5591 1227 5639 καὶ
1277 5591 1436 5655 μόνος
1485 5591 1721 5659 ἐντυχὼν
1775 5592 1851 5661 τῷ
1897 5595 2015 5664 Θεῷ

462 5675 626 5740 μόνῳ,
664 5678 756 5727 καὶ
781 5676 994 5744 δεηθεὶς
1032 5679 1226 5746 ἡσυχῆ,
1263 5680 1371 5731 τῶν
1418 5681 1594 5731 αὐτῶν
1627 5681 1844 5748 ἠξιοῦτο
1876 5687 2010 5738 κατὰ

459 5763 640 5832 μέσων
692 5765 798 5815 τῶν
831 5765 1036 5818 ὑδάτων
1071 5785 1126 5819 τε
1181 5769 1271 5821 καὶ
1323 5768 1411 5820 τοῦ
1463 5770 1615 5834 πλοῦ,
1657 5768 1839 5842 ὧνπερ
1872 5779 2009 5828 κατὰ

2119 1949 2207 2025 τα,
2243 1935 2362 1989 ούδέ
2390 1938 2496 1992 τῶν
2521 1943 2844 2011 σπλάγχνων
2877 1946 2950 2008 ὡς
2995 1946 3280 2015 ἄνθρωπος
3311 1951 3490 2020 ήττων
3521 1952 3678 2025 ὤφθη

2118 2024 2229 2078 τῶν
2261 2031 2563 2098 πατρικῶν,
2608 2035 2742 2087 ἀλλά
2798 2037 3059 2104 κάκείνην
3099 2039 3293 2103 ἀνάξια
3343 2043 3434 2094 τοῦ
3472 2024 3682 2114 φρονήέ

2124 2133 2294 2185 ματος
2326 2121 2513 2188 ἔλεγεν
2543 2124 2824 2194 εἰρηκέναι
2870 2128 2962 2180 τοῦ
3012 2129 3214 2182 οίκείου
3248 2128 3342 2183 νῦν
3371 2149 3429 2184 τε
3461 2136 3553 2186 καὶ
3583 2134 3682 2205 τῆς

2119 2209 2183 2261 ἐκ
2211 2211 2400 2274 παιδὸς
2454 2214 2676 2285 ἀρετῆςο
2725 2217 2867 2286 Ἐγὼ
2907 2223 3036 2289 γάρ,
3075 2226 3260 2294 φησὶν,
3312 2228 3372 2279 οὐ
3414 2230 3525 2292 τοῖς
3561 2231 3683 2283 ἐπιο

2118 2301 2287 2369 γείοις
2313 2306 2404 2356 καὶ
2434 2310 2681 2376 μερικοῖς
2703 2313 2941 2366 τουτοισὶ
2971 2314 3307 2382 βασιλεῦσιν,
3339 2319 3476 2372 άλλά
3504 2319 3678 2392 ταύτῃ

2120 2392 2183 2462 δὴ
2218 2395 2283 2465 τῇ
2324 2395 2430 2447 τῶν
2460 2397 2596 2452 ὅλων
2648 2403 2937 2472 Δεσποίνῃ,
2964 2407 3028 2475 τῇ
3085 2408 3253 2477 μητρί
3286 2408 3378 2461 τοῦ
3419 2412 3681 2479 βασιλέως

2119 2483 2520 2576 ούρανῶν,
2551 2491 2682 2560 πρὸς
2719 2492 2819 2562 τὴν
2844 2495 3030 2548 είκόνα
3081 2499 3178 2568 τῆς
3214 2501 3560 2574 θεομήτορος
3588 2507 3684 2576 δη-

2119 2573 2253 2665 λαδὴ
2284 2575 2496 2643 βλέπων
2548 2581 2844 2652 ἱσταμένην
2876 2587 3025 2655 αὐτῷ
3073 2590 3179 2657 πρδ
3207 2591 3313 2643 τῶν
3363 2573 3680 2665 ὀφθαλμὼ,

2118 2663 2289 2736 ταύτῃ
2303 2667 2422 2728 τοὺς
2458 2670 2627 2739 ἐμοὺς
2664 2673 2978 2730 καταλείπω
3009 2681 3222 2743 παῖδας.
3252 2685 3358 2736 Καὶ
3389 2689 3487 2739 οὐκ
3514 2663 3677 2758 £14136-

2121 2752 2219 2824 σθη
2249 2771 2311 2823 γε
2346 2757 2452 2814 τῶν
2485 2759 2719 2814 ἐλπίδων
2754 2767 2780 2817 ό
2809 2768 2969 2834 σοφὸς
2995 2768 3166 2833 ὄντως
3203 2775 3427 2838 ἐκεῖνος⁶
3462 2752 3588 2841 τούς
3619 2799 3677 2834 τε

2119 2845 2227 2914 γάρ
2261 2849 2354 2901 ἐπὶ
2383 2851 2487 2920 γῆς
2515 2852 2768 2921 βασιλέας
2797 2859 3164 2927 γνησιώτατα,
3196 2866 3290 2917 καὶ
3321 2867 3394 2929 ὡς
3424 2869 3534 2921 οὐδ’
3562 2871 3677 2924 ἔστι

2115 2931 2225 2986 τῶν
2256 2933 2450 3002 ἄλλων,
2481 2939 2513 3010 ή
2549 2942 2702 3021 κοινή
2734 2944 2948 3011 βασιλὶς
2983 2949 3236 3016 πέπεικε,
3285 2955 3422 3021 μετά
3457 2956 3554 3026 τὴν
3582 2960 3675 3011 τοῦ

2121 3027 2327 3116 πατρὸς
2357 3030 2489 3098 πρὸς
2522 3032 2654 3084 Θεὸν
2687 3035 2955 3102 ἐκδημίαν
2985 3039 3211 3105 ἐκείνοις
3243 3050 3557 3116 προσσχεῖν,
3587 3054 3679 3104 καὶ

2123 3115 2260 3206 μετά
2287 3117 2479 3206 μικρόν
2528 3120 2770 3184 ἐξιόντας
2824 3123 3084 3177 ἐντεῦθεν
3143 3129 3393 3199 ὑποδεξας
3425 3115 3538 3206 ένη,
3584 3141 3679 3191 καὶ

2045 3201 2088 3259 C
2121 3204 2375 3275 κηδεμὼν
2409 3205 2564 3277 ὤφθη
2595 3213 2687 3262 καὶ
2713 3211 2924 3281 όδηγὸς,
2964 3218 3056 3269 καὶ
3104 3223 3419 3294 παντοδαπή
3452 3201 3534 3288 τίς
3571 3232 3680 3282 σώ-

2119 3311 2277 3366 τειρα
2300 3300 2390 3349 καὶ
2423 3301 2691 3369 σωμάτων
2725 3304 2858 3370 όμοῦ
2912 3307 3007 3359 καὶ
3049 3307 3260 3378 ψυχῶν,
3298 3316 3436 3368 καθά
3477 3319 3540 3387 δη
3587 3327 3681 3374 καὶ

2123 3388 2324 3480 προῖὼν
2349 3393 2377 3444 6
2403 3391 2556 3459 λόγος
2586 3394 2816 3463 δηλώσει
2859 3416 2971 3466 μοι.
3015 3401 3230 3455 Τοιαῦτ⁹
3264 3409 3324 3458 ἐκ
3364 3412 3616 3480 πατέρων
3655 3417 3683 3468 ό

2122 3479 2264 3543 θεῖος
2295 3482 2596 3552 Γρηγόριος
2646 3487 2968 3556 δεδεγμένος
3003 3491 3096 3544 τοῦ
3148 3493 3264 3561 βίου
3295 3499 3359 3549 τά
3390 3479 3687 3572 παραδείγ-

2124 3588 2270 3664 ματα
2302 3575 2530 3664 καὶτὰς
2587 3578 2860 3647 ἀφορμὰς,
2904 3583 3199 3652 σκοπῶμεν
3260 3589 3389 3658 ἑξῆς
3446 3592 3556 3663 ὅσῳ
3605 3596 3684 3664 τῷ

2125 3662 2310 3732 μέτρῳ
2347 3663 2678 3735 θαυμαστῶς
2743 3670 3106 3740 ὑπερήλασεν,
3164 3678 3288 3730 ἐπεὶ
3344 3682 3437 3733 καὶ
3495 3662 3684 3755 καιρὸς

2123 3753 2268 3822 ἡμᾶς
2299 3756 2398 3824 ἤδη
2434 3757 2568 3825 πρὸς
2601 3759 2760 3812 αὐτὸν
2785 3763 2990 3816 ἐκεῖνον
3025 3768 3218 3837 τρέψαι
3249 3773 3338 3823 τὸν
3374 3775 3551 3842 λόγον.

2193 3847 2570 3911 Κωνστάντιος
2607 3852 2703 3919 μὲν
2733 3854 2824 3905 οὖν
2855 3857 2881 3906 6
2910 3857 3096 3920 καλὸς,
3137 3859 3276 3913 οὕτω
3309 3867 3396 3918 καὶ
3435 3872 3684 3939 γὰρ-ἀπὸ

2123 3939 2536 3992 Κωνσταντίνου
2574 3945 2990 4013 μετωνόμασται
3033 3949 3168 4020 πρὸς
3226 3960 3494 4026 μοναχοὺς
3553 3965 3687 4017 ἀπο,

2121 4029 2307 4123 κλίνας
2353 4035 2380 4085 6
2434 4033 2529 4086 τοῦ
2568 4036 2805 4103 μεγάλου
2838 4041 3044 4110 πατὴρ,
3094 4044 3185 4096 ἐπὶ
3221 4047 3363 4100 τέλει
3413 4053 3505 4106 τοῦ
3539 4056 3681 4123 βίου,

2122 4122 2373 4192 καθάπερ
2407 4123 2565 4194 ἔφην,
2625 4130 2691 4178 τά
2746 4129 2981 4184 ἐνταῦθα
3032 4135 3345 4190 καταλιπὼν
3377 4144 3512 4211 πρὸς
3542 4122 3684 4198 γΘεὶν

2121 4216 2284 4286 ἀπῄει
2314 4218 2404 4270 καὶ
2444 4218 2509 4269 τὰ
2539 4220 2708 4272 πάλαι
2737 4221 3064 4291 ποθούμενασ
3098 4231 3128 4297 ή
3181 4230 3235 4282 δὲ
3289 4236 3472 4304 μήτηρ
3505 4257 3681 4294 κατα-

2121 4305 2540 4401 λειφθεῖσα-σὺν
2589 4314 2701 4373 τοῖς
2735 4317 2943 4378 παισὶν,
2977 4319 3208 4383 ἁπαλοῖς
3237 4324 3316 4375 ἔτι
3345 4329 3551 4399 σφόδρα
3583 4336 3682 4401 τὴν

2123 4399 2338 4466 ἡλικίαν
2376 4395 2554 4465 οὖσιν,
2585 4401 2737 4455 οῦπω
2770 4407 2863 4458 καὶ
2911 4410 3017 4479 γὰρ
3061 4411 3150 4463 τὸν
3178 4413 3404 4484 ἕϐδομον
3435 4395 3683 4476 ἐνιαυτόν

2051 4524 2096 4581 D
2125 4488 2516 4584 ὑπερϐεϐηκὼς
2556 4496 2582 4546 6
2613 4494 2736 4546 καθ’
2767 4497 2984 4566 ἠλικίαν
3023 4500 3224 4573 δηλαδή
3284 4509 3500 4577 πρῶτος
3534 4515 3681 4584 Γρη-

2125 4582 2305 4651 γόριος
2342 4578 2408 4653 ἦν
2442 4585 2469 4637 6
2502 4585 2685 4648 καλὸς,
2730 4589 3017 4658 κείρασθαι
3071 4595 3169 4662 μὲν
3222 4599 3386 4661 εὐθὺς
3425 4599 3537 4672 εἶχε
3580 4578 3684 4660 ’δία

2121 4672 2379 4742 σπουδῆς,
2405 4675 2496 4726 καὶ
2524 4676 2614 4744 τὴν
2637 4679 2815 4729 οὶκίαν
2850 4683 2941 4731 καί
2976 4683 3066 4734 τὸν
3099 4685 3302 4752 κόσμον
3334 4691 3682 4749 ἀπολιποῦσα

2120 4766 2374 4832 γενέσθαι
2399 4768 2518 4818 καθ’
2548 4769 2766 4838 ἑαυτήν,
2803 4771 3045 4840 εἴργεται
3080 4775 3135 4826 δὲ
3174 4781 3309 4845 πρὸς
3356 4781 3533 4849 ὀλίγον
3587 4790 3680 4839 τοῦ

2123 4857 2324 4908 σκοποῦ
2358 4857 2575 4926 καὶτῆς
2609 4861 2916 4930 προθυμίας
2951 4865 3106 4926 τέως,
3137 4871 3376 4936 πατράσι
3411 4875 3502 4923 καί
3533 4875 3680 4927 διδαο

2122 4947 2340 5023 σκάλοις
2389 4955 2780 5018 πνευματικοῖς
2832 4957 3154 5027 χρησαμένη
3225 4963 3553 5029 συμϐούλοις
3605 4971 3681 5030 ὠς

2119 5039 2257 5102 ἔθοςο
2296 5041 2436 5092 οὕτω
2469 5046 2560 5094 καὶ
2599 5043 2706 5112 γὰρ
2740 5047 2800 5096 ού
2857 5053 3024 5118 σαυτῇ
3063 5052 3216 5120 μόνῃ,
3266 5050 3419 5106 εἷπον
3457 5060 3679 5125 ἐκεῖνοι,

2120 5132 2253 5183 ἁλλά
2281 5132 2370 5183 καί
2401 5135 2509 5194 τοῖς
2565 5137 2718 5185 παισί
2752 5136 2818 5186 τὰ
2850 5137 3034 5189 δέοντα
3071 5141 3265 5213 χρήσῃ.
3323 5147 3583 5201 κάλλιστα
3621 5154 3680 5204 τὸ

2123 5227 2242 5277 κατ’
2273 5227 2512 5288 ἐκείνους
2536 5227 2845 5295 ἓιαθεμένη,
2874 5233 2963 5281 καὶ
2997 5232 3245 5300 θρέψασα
3283 5239 3374 5290 καὶ
3403 5241 3683 5310 παιδαγω-

2117 5319 2328 5385 γήσασα
2360 5320 2498 5369 κατά
2529 5322 2689 5386 νόμον
2718 5322 2974 5390 Χριστοῦ”
3016 5325 3043 5376 ὃ
3077 5327 3139 5396 δὴ
3176 5332 3266 5379 καὶ
3299 5347 3332 5382 κ
3355 5334 3437 5383 ιτα
3475 5337 3676 5386 σκοπὸν

2117 5412 2192 5471 εἰς
2217 5411 2376 5478 ἔργον
2408 5410 2585 5479 ’ξέ6η,
2625 5413 2757 5464 Θεοῦ
2794 5415 2993 5484 δηλαδὴ
3022 5421 3368 5487 ἐνεργοῦντος
3401 5425 3543 5477 κατά
3585 5426 3676 5481 τὸν

2118 5501 2256 5554 θεῖον
2301 5503 2620 5556 ’Λπόστολον
2650 5508 2758 5567 τοῖς
2791 5511 2850 5559 τὸ
2888 5510 3089 5576 ἀγαθὸν
3125 5513 3422 5582 ἑλομένοις.

2190 5593 2489 5662 Γρηγόριος
2527 5595 2624 5664 μὲν
2655 5593 2746 5649 οὖν
2799 5601 2825 5650 6
2875 5601 3034 5663 καλδς
3085 5604 3162 5665 εἰς
3216 5605 3393 5673 λόγων
3445 5611 3679 5677 ἄσκησιν

2120 5686 2213 5736 καὶ
2243 5686 2485 5738 παιδείαν
2517 5689 2614 5756 τὴν
2649 5688 2884 5757 θύραθεν
2935 5693 3192 5758 ἐκδοθείς·
3248 5699 3368 5751 οὐδὲ
3416 5702 3520 5771 γάρ
3569 5703 3677 5774 ἔδει

2123 5776 2218 5845 τὴν
2244 5777 2497 5848 τοιαύτην
2527 5779 2704 5850 ψυχήν
2728 5799 2786 5832 τε
2822 5785 2915 5836 καὶ
2945 5785 3125 5852 φύσιν,
3163 5788 3234 5858 μὴ
3272 5792 3362 5842 καί
3393 5793 3500 5843 τῶν
3533 5793 3676 5845 ἐκεῖ·
