4462 6446
466 367 572 434 573

1424 366 1818 426 ΕΧίἪΜίυλι
1860 365 2063 424 AUCT.
2117 367 2552 428 I’IHLOTHEO
2593 377 2701 432 (.l'.

3586 378 3686 443 574

461 483 540 542 εἷς
584 479 684 545 τὴν
733 477 883 529 πόλιν
922 476 1172 536 ἐλθόντας
1214 475 1301 528 διὰ
1330 477 1474 528 τοῦτ’
1505 477 1637 528 αὐτὸ
1685 477 1817 546 παρ’
1849 480 2017 547 ἑαυτῇ
2049 479 2092 533 Α
2125 497 2250 543 οκος
2277 477 2388 550 εἶχε
2420 483 2660 550 συνήθως
2692 483 2953 552 ἑκάτερον
2977 483 3108 552 εύχῇ
3143 485 3234 536 καὶ
3261 485 3459 556 ἡσυχίᾳ
3490 493 3684 556 προσέ-

461 567 827 636 κατασχοῦσα,
864 568 956 618 καὶ
995 566 1272 620 Θεοδοσίου
1307 567 1398 620 τοῦ
1439 568 1690 636 δευτέρου
1729 570 1834 620 τῶν
1863 569 2014 620 ἀδελ-

460 657 577 724 φῶν
604 659 694 710 16v
735 659 961 709 θάνατον
989 657 1246 717 ὡσαύτως
1305 659 1460 726 ήκειν
1497 659 1617 710 ὅσον
1661 657 1813 710 οὔπω
1851 659 2012 711 Πνεύ-

461 764 590 816 ματι
627 749 755 816 θείῳ
784 749 1036 816 προεῖπε,
1071 748 1164 799 καί
1190 747 1264 809 ὡς
1294 747 1657 801 ἀπελεύσεται
1700 749 1798 818 μὲν
1820 750 1846 800 6
1881 750 2015 819 Γρηο

458 842 640 906 γόριος
688 842 903 906 σύναμα
951 839 1196 908 τάδελφῷ
1251 840 1516 910 Μακαρίῳ
1568 841 1661 893 καὶ
1705 840 1860 903 αὖθις
1897 843 2013 909 μετ’

456 931 635 997 ὀλίγον
669 931 724 992 ἐς
753 931 925 995 Ἀθω,
977 933 1300 1000 πειρασμοῖς
1329 931 1385 983 δὲ
1430 930 1546 999 μετ’
1574 933 1749 984 ἐκεῖνο
1779 949 2012 1002 περιπε-

460 1025 630 1074 σεῖται
659 1022 923 1084 ποικίλοις
951 1021 1082 1092 πρὸς
1108 1023 1344 1092 χρηστὸν
1371 1023 1616 1092 ἀφορῶσι
1642 1024 1702 1075 16
1736 1023 1927 1091 πέρας.
1954 1026 2013 1078 Ἀ

457 1113 518 1180 δὴ
556 1113 649 1164 καὶ
680 1117 820 1165 κατά
851 1114 947 1182 τὴν
983 1114 1195 1183 ἐκείνης
1224 1114 1384 1183 ιξέϐη
1421 1116 1745 1184 πρόρρησιν,
1787 1116 2014 1184 μηδενός

457 1221 601 1267 τινος
629 1205 750 1274 μηδ’
781 1205 957 1257 ὁτιοῦν
1005 1205 1467 1266 διαπεπτωκότος’
1500 1202 1612 1274 εἶχε
1653 1206 1759 1275 γὰρ
1785 1207 1848 1258 ὲκ
1889 1224 2013 1258 παι-

457 1295 610 1363 δικῆς
643 1295 780 1348 πάνυ
830 1295 930 1362 τῆς
962 1294 1176 1364 ήλικίας
1203 1294 1365 1348 οίονεί
1400 1312 1521 1348 τινα
1574 1297 1873 1364 σύντροφον
1919 1297 2014 1350 καὶ

461 1387 914 1454 συνακμάζουσαν
953 1385 1050 1454 τὴν
1081 1386 1302 1454 ἀρετὴν,
1341 1388 1433 1439 καὶ
1465 1387 1525 1439 16
1570 1387 1705 1454 πρὸς
1755 1388 1884 1440 Θεὸν
1925 1388 2015 1441 διὰ

460 1479 660 1533 παντὸς
688 1478 1084 1546 ἐπεστράφθαι,
1112 1479 1206 1532 καὶ
1238 1477 1302 1549 δὴ
1347 1479 1440 1532 καὶ
1491 1478 1588 1546 τὴν
1622 1479 1895 1532 εὐτέλειαν
1921 1480 2014 1532 καὶ

457 1569 517 1621 16
550 1570 768 1632 πένθος,
796 1570 890 1622 καὶ
915 1571 1010 1639 τὴν
1038 1571 1144 1621 τῶν
1191 1570 1422 1638 ῥεόντων
1449 1571 1674 1624 τουτωνὶ
1701 1572 1796 1624 καὶ
1841 1570 2014 1640 φθαρ-

454 1663 563 1715 τῶν
595 1664 1022 1732 περιφρόνησιν·
1062 1663 1190 1730 περὶ
1223 1656 1287 1733 ἧς
1310 1664 1480 1730 δήπου
1523 1664 1618 1716 καὶ
1650 1664 1948 1732 Γρηγόριος
1985 1665 2012 1716 ὁ

457 1753 617 1816 σορὸς
643 1753 931 1822 Θαυμαστὰ
969 1771 1089 1805 τινα
1119 1753 1211 1804 καὶ
1245 1754 1462 1823 μνήμης
1490 1754 1614 1815 ἀξια
1635 1753 1831 1824 διεξῄει
1862 1755 2012 1824 παρὰ

454 1846 550 1910 τῆς
605 1844 895 1913 καλλίστης
925 1844 1176 1911 ἀκηκοὼς
1227 1844 1458 1913 μητρὸς,
1511 1845 1587 1908 ὡς
1616 1846 1779 1910 αὐτὸς
1803 1849 2011 1908 ἐκεῖνος

455 1936 590 2002 πρὸς
635 1935 759 1997 τοὺς
806 1936 1039 1999 οἰκείους
1090 1937 1272 2002 ἔλεγεν
1335 1936 1580 2006 ὕστερον,
1645 1937 1679 1990 ἀ
1709 1939 1800 1991 καὶ
1838 1939 1925 1991 διά
1953 1938 2012 1989 τὸ

459 2025 633 2094 μῆκος
676 2027 771 2079 νῦν
812 2029 838 2078 ὁ
871 2026 1026 2094 λόγος
1058 2030 1307 2098 παρῆκεν
1330 2045 1343 2058 ·
1374 2029 1549 2080 ἐκεῖνό
1591 2046 1650 2096 γε
1687 2030 1794 2099 μὴν
1843 2031 2008 2096 ἀναγ-

453 2119 608 2170 καῖον
628 2119 736 2178 τοῖς
760 2119 1069 2186 εἰρημένοις
1103 2119 1441 2187 προσθεῖναι.

529 2207 744 2259 Πολλῶν
800 2225 960 2260 τινων
1009 2210 1070 2260 16
1116 2209 1416 2278 τηνικαῦτα
1472 2212 1775 2264 σπουδαίων
1813 2230 2007 2282 ’πάροι⁹

456 2297 693 2350 κούντων
725 2298 899 2350 ἐκεῖνο
926 2301 983 2347 16
1001 2300 1144 2368 ὅρος,
1170 2301 1262 2352 καί
1282 2318 1364 2361 τις
1386 2303 1514 2370 παρ’
1537 2303 1762 2364 ἐκείνοις
1785 2320 1852 2372 γη
1863 2304 2010 2371 ραιδς

453 2383 522 2458 ἦν
547 2389 642 2441 καὶ
683 2390 782 2458 τὴν
808 2389 1024 2457 ἠλικίαν
1056 2389 1190 2458 ὁμοῦ
1221 2391 1312 2443 καὶ
1340 2391 1430 2442 τὸν
1463 2393 1661 2459 τρόπον
1689 2393 1786 2461 τὴν
1818 2394 2010 2460 κλῆσιν

468 2483 623 2536 ’ἰὼϐ’
684 2485 967 2545 σπουδαῖος
1023 2484 1124 2550 τήν
1170 2483 1467 2544 πολιτείαν,
1502 2483 1706 2547 ἀπλοῦς
1754 2485 1814 2536 16
1855 2481 2007 2555 ἦθος,

457 2574 728 2642 ἰπιεικείᾳ
781 2574 868 2625 καὶ
929 2574 1258 2643 χρηστότητι
1305 2574 1396 2628 καί
1430 2576 1594 2626 πᾶσιν
1644 2575 1889 2640 ἀγαθοῖς,
1935 2577 2011 2638 ὡς

455 2664 629 2714 εἰπεῖν
655 2665 713 2716 ὲν
751 2663 961 2731 βραχεῖ,
985 2665 1326 2734 διαλάμπων.
1353 2658 1518 2728 Οὗτος
1541 2667 1595 2718 ὲν
1618 2667 1872 2734 γειτόνων
1893 2667 2007 2720 ιαὺ-

454 2753 549 2806 τοῦ
580 2771 679 2806 που
732 2753 1118 2824 σκηνούμενος,
1171 2756 1455 2825 Γρηγορίῳ
1506 2757 1596 2810 καὶ
1626 2757 1866 2827 συνήθης
1917 2761 2011 2812 καὶ

454 2843 714 2912 ὁμιλητὴς
743 2845 984 2911 ἐγεγόνει
1021 2845 1112 2897 καὶ
1167 2847 1337 2914 φίλος,
1387 2848 1485 2914 τῆς
1516 2849 1715 2917 ἀρετῆς
1746 2850 1870 2911 τοὺς
1905 2850 2010 2902 τῶν

453 2934 634 2988 αὐτῶν
662 2935 898 3003 ἐραστὰς
936 2935 1003 2988 δι’
1033 2937 1230 3003 ἑαυτῆς
1259 2937 1332 2999 ὡς
1362 2939 1428 2990 τὰ
1487 2939 1656 2992 πολλά
1688 2941 2010 3013 συνδεούσης

456 3027 725 3094 ἀλλήλοις.
756 3019 922 3088 Οὗτος
945 3026 1022 3095 τῷ
1056 3029 1276 3096 μεγάλῳ
1303 3029 1546 3098 συνήθως
1571 3031 1698 3082 ποτὲ
1732 3034 2008 3102 συγκαθή-

2126 589 2312 638 χοντα,
2338 573 2467 633 Θεὸς
2492 574 2694 626 ἀνωθεν
2740 575 2899 636 εὐθὺς
2923 574 3102 645 διαιτᾷ
3131 577 3244 636 τοῖς
3265 576 3549 644 λεχθεῖσιν,
3583 581 3684 644 ἀγ·

2123 662 2266 731 γέλῳ
2290 661 2489 731 δηλαδὴ
2514 663 2746 731 διακόνῳ
2776 665 3139 734 χρησάμενος,
3172 665 3436 719 διδάσκων
3464 667 3562 735 μὲν
3587 671 3683 719 καί.

2121 751 2209 802 16v
2239 751 2534 819 ἀγνοοῦντα
2563 752 2959 823 φιλανθρώπως
2991 753 3025 807 ἀ
3061 756 3134 823 μὴ
3164 757 3472 824 μεμάθηκε,
3506 758 3681 823 τιμῶν

2119 839 2162 892 δ’
2201 843 2498 910 ὑπερφυῶς
2528 842 2642 905 πῶς
2683 843 2748 896 ἂν
2793 845 2965 904 εἴποις
3013 843 3108 896 σύν
3157 860 3220 910 γε
3263 847 3368 906 τοῖς
3400 845 3676 913 λαληθεῖσι

2121 929 2214 983 καὶ
2243 931 2332 984 16v
2361 932 2659 1002 Γρηγόριον
2679 947 2693 963 ⁶
2731 932 2788 993 δς
2816 932 2908 984 καὶ
2954 933 3201 999 λαμπρὸς
3231 933 3496 1002 λαμπρῶς
3523 936 3674 1002 εὐχο-

2121 1022 2268 1092 μένῳ
2295 1024 2372 1092 τῷ
2400 1023 2616 1092 γέροντι
2635 1025 2941 1093 παραστὰς,
2968 1025 3267 1093 Μηδαμῶς,
3298 1026 3480 1092 φησὶν,
3504 1026 3676 1087 ἄλλως

2121 1116 2247 1181 περὶ
2270 1115 2378 1166 τῶν
2410 1115 2823 1184 διωμιλημένων
2859 1118 2986 1185 ὑμῖν
3014 1117 3118 1183 πρὸ
3148 1117 3396 1186 βραχέος,
3432 1110 3475 1170 ὦ
3498 1111 3672 1183 οὗτος,

2119 1206 2207 1275 ἔχε
2230 1207 2322 1260 καὶ
2350 1208 2557 1274 φρόνει,
2593 1208 2624 1278 ἢ
2677 1209 2927 1278 καθάπερ
2965 1211 2992 1262 ὁ
3025 1209 3169 1276 ἰερδς
3217 1208 3318 1278 ἔφη
3354 1209 3671 1279 Γρηγόριος.

2117 1296 2228 1350 Καὶ
2273 1298 2301 1349 6
2336 1296 2433 1366 μὶν
2467 1297 2616 1350 ταῦτ’
2663 1299 2920 1364 ἰπιτάξας
2962 1301 3172 1371 ἀφανὴς
3225 1298 3292 1371 ἦν
3338 1301 3530 1362 εὐθύςο
3561 1306 3588 1355 6
3627 1304 3673 1354 δ’

2115 1385 2413 1453 ἀγγελικὴν
2436 1383 2574 1440 εἶναι
2609 1389 2700 1441 καὶ
2733 1387 2879 1440 θείαν
2908 1390 2980 1457 μὴ
3005 1390 3275 1456 ἀγνοήσας
3301 1391 3400 1461 τὴν
3420 1391 3672 1445 διδασκα-

2114 1474 2232 1529 λίαν
2278 1492 2335 1529 τε
2365 1476 2458 1528 καὶ
2493 1477 2590 1544 τὴν
2624 1479 2964 1544 ἐπιφάνειαν,
3005 1479 3203 1549 σπουδῇ
3235 1480 3368 1548 πρὸς
3399 1480 3488 1532 τδν
3523 1482 3671 1534 ὅσιον

2113 1568 2272 1628 εὐθὺς
2303 1569 2509 1632 ἀπεισι,
2541 1570 2607 1622 τά
2641 1571 2908 1639 ὁραθέντα
2937 1589 2994 1624 τε
3029 1575 3122 1626 καὶ
3152 1573 3482 1625 ἀκουσθέντα
3513 1573 3673 1635 θείως

2116 1658 2354 1726 μηνύων,
2391 1659 2483 1711 καὶ
2508 1662 2832 1730 συγγνώμην
2855 1662 3023 1714 αἰτῶν
3051 1663 3150 1727 τῆς
3177 1663 3236 1714 οὑ
3268 1662 3433 1730 καλῆς
3460 1663 3672 1732 ἐκείνης

2112 1749 2394 1811 ἀπειθείας
2449 1751 2544 1802 καὶ
2597 1751 2697 1816 τῆς
2728 1753 3062 1812 ἑνστάσεως,
3113 1746 3180 1822 ἦς
3215 1755 3306 1804 καί
3334 1752 3531 1821 τυχὼν,
3579 1755 3673 1805 καὶ

2114 1843 2357 1907 κρεῖττον
2390 1842 2533 1909 ἥπερ
2563 1841 2844 1906 ἐϐούλετο,
2890 1842 2972 1902 τίς
3018 1841 3126 1909 γάρ
3170 1843 3364 1911 ἐκείνῳ
3409 1844 3545 1911 πρὸς
3579 1860 3673 1909 με-

2111 1933 2366 2000 τριότητά
2394 1950 2450 1984 τε
2478 1934 2567 1985 καὶ
2587 1933 2805 2002 ἀγάπην
2838 1933 3158 2001 ὲνάμιλλοςς
3185 1934 3485 2004 ἀχὼριστος
3522 1931 3588 2003 ἦν
3613 1934 3672 1998 ἐξ

2112 2023 2321 2076 ἐκείνου
2353 2024 2537 2093 σχεδὸν
2565 2024 2657 2077 τοῦ
2696 2025 2952 2092 μεγάλου.
2989 2028 3080 2078 καὶ
3123 2027 3340 2095 δεσμοῖς
3371 2027 3672 2094 ἀῤῥήκτοις

2111 2116 2361 2181 ὁμονοίας
2384 2132 2440 2166 τε
2463 2117 2554 2167 καὶ
2579 2116 2758 2181 φιλίας
2779 2117 3027 2184 ἀλλήλοις
3056 2118 3254 2183 ἄριστα
3286 2119 3667 2183 συνεδέθησαν.

2111 2205 2264 2258 Μετά
2291 2205 2483 2273 μικρὸν
2515 2206 2570 2257 δὲ
2626 2205 2720 2257 καὶ
2753 2207 2886 2276 πρὸς
2917 2207 2974 2257 ὃν
3006 2207 3175 2273 ἐφίλει
3204 2207 3435 2273 Χριστὸν
3468 2206 3667 2264 ἀπιὼν,

2113 2298 2204 2348 καὶ
2236 2299 2368 2364 πρὸς
2401 2300 2522 2359 ταῖς
2551 2298 2806 2365 ἐσχάταις
2859 2300 3158 2359 ἀναπνοαῖς
3199 2301 3227 2350 6
3281 2297 3512 2366 χρηστὸς
3547 2297 3670 2348 Ἰὼϐ

2110 2390 2210 2457 ήδη
2238 2390 2549 2456 γενόμενος,
2588 2387 2826 2455 μεγάλας
2864 2389 2957 2440 ἐπὶ
2979 2389 3196 2440 πάντων
3231 2389 3575 2453 ἀνομολογῶν
3601 2384 3669 2456 ἦν

2109 2474 2186 2541 τῷ
2223 2475 2339 2542 Θεῷ
2369 2474 2465 2534 τὰς
2497 2475 2747 2543 χάριτας,
2781 2475 2864 2528 ὅτι
2923 2492 2978 2526 τε
3015 2476 3250 2544 συνήθης
3280 2477 3369 2528 καὶ
3407 2477 3670 2544 ὁμιλητὴς

2111 2565 2353 2630 ἐγεγόνει
2384 2564 2461 2633 τῷ
2491 2566 2796 2634 Γρηγορέῳ,
2839 2565 2933 2616 καὶ
2962 2567 3044 2617 ὅτι
3092 2566 3259 2618 πολλά
3287 2583 3406 2616 τινα
3442 2567 3536 2618 καὶ
3581 2583 3672 2632 με-

2111 2656 2250 2722 γάλα
2280 2655 2377 2724 τῆς
2408 2657 2616 2708 ἐκείνου
2652 2658 3004 2719 διδασκαλίας
3037 2658 3127 2709 καὶ
3160 2658 3257 2725 τῆς
3294 2656 3474 2722 φιλίας
3515 2658 3667 2710 ἀπώ-

2112 2763 2262 2799 νατο.

2181 2839 2434 2904 Πέμπτος
2479 2837 2723 2899 ἐνιαυτὸς
2767 2834 2834 2904 ἦν
2887 2838 3006 2891 καθ’
3038 2838 3287 2908 ήουχέαν,
3339 2836 3482 2912 ᾗπερ
3510 2842 3666 2909 ἔφην,

2110 2929 2340 2980 ἐνταῦθα
2369 2927 2445 2997 τῷ
2473 2929 2618 2994 σοφῷ
2638 2929 2983 2998 διατρίϐοντι,
3006 2932 3100 2983 καὶ
3152 2934 3212 2982 16
3245 2933 3516 3001 Ἰλλυριῶν
3551 2935 3668 2985 £11:-

2112 3020 2446 3089 στρατεῦσαν
2482 3019 2629 3080 ἔθνος
2666 3024 2772 3082 τοῖς
2824 3022 3040 3089 χωρίοις
3095 3023 3342 3085 ἐκείνοις,
3389 3025 3667 3091 μᾶλλονδὲ

459 3133 640 3184 μενος,
673 3117 764 3167 καὶ
798 3117 1054 3186 φιλήκοον
1084 3117 1175 3178 οῦς
1197 3119 1309 3181 τοῖς
1339 3119 1430 3171 ὑπ’
1463 3119 1673 3172 ἐκείνου
1699 3122 2007 3190 λεγομένοις
2035 3121 2078 3178 C
2112 3110 2206 3163 καὶ
2237 3109 2469 3178 συνεχῶς
2503 3111 2766 3171 ἐπιόντες·
2792 3111 2888 3163 καὶ
2911 3112 3009 3180 ὅρη
3043 3114 3135 3164 ἀἱ
3159 3114 3315 3164 πεδία
3349 3115 3437 3165 καὶ
3463 3116 3669 3183 ἀγροὺς

455 3207 648 3270 διδοὺς,
681 3208 866 3278 ἐπειδὴ
899 3209 1035 3276 πρὸς
1068 3211 1178 3271 τοῖς
1213 3210 1392 3272 ἀλλοις
1441 3212 1736 3265 καὶταῦτα
1764 3213 2008 3280 λέγοντος

452 3300 699 3367 ἤκηκόει,
751 3300 825 3360 ὡς
879 3301 1057 3354 πάντα
1104 3301 1193 3354 τὸν
1244 3302 1349 3354 ἀπὸ
1379 3303 1613 3370 Χριστοῦ
1653 3304 2007 3373 καλούμενον,

453 3393 638 3444 ὁποὶου
658 3389 778 3444 ποτ’
799 3392 865 3443 ἂν
891 3392 976 3460 εἴη
1006 3391 1306 3460 τάγματος,
1331 3391 1428 3461 τὴν
1454 3393 1796 3446 ἀδιάλειπτον
1821 3395 2008 3446 ἀσκεῖν

454 3482 532 3533 δεῖ
559 3483 863 3550 προσευχὴν
896 3481 1036 3534 κατά
1087 3499 1149 3548 γε
1206 3482 1304 3549 τὴν
1339 3483 1704 3553 ἀποστολικην
1751 3486 2009 3552 παραίνε-

456 3588 578 3634 σιν,
651 3571 1081 3632 ι’Δδιαλείπτως
1137 3571 1583 3641 προσεύχεσθε⁸,
1625 3592 1643 3623 1
1708 3579 1855 3641 κοινῇ
1913 3576 2007 3642 τὴν

467 3661 790 3731 Ἐκκλησίαν
816 3661 1191 3725 διδάσκουσαν,
1239 3665 1332 3714 καὶ
1362 3663 1424 3732 δὴ
1454 3666 1548 3716 καὶ
1589 3665 1680 3716 τὸν
1728 3668 2008 3734 προφήτην

455 3751 651 3804 Δαϐίδ·
724 3751 900 3802 καίτοι
968 3769 1031 3818 γε
1094 3753 1190 3803 καὶ
1251 3752 1477 3820 βασιλέα
1547 3756 1844 3822 πεφηνότα,
1912 3757 2002 3806 τό·

460 3843 871 3912 ιίΙροεωρὼμην
889 3844 976 3895 τὸν
997 3843 1196 3912 Κύριον
1219 3843 1445 3896 ἐνώπιόν
1477 3863 1574 3912 μου
1603 3847 1686 3896 διὰ
1714 3847 1907 3905 παντὸς
1927 3848 1966 3904 ⁹.
1983 3866 2000 3897 1

456 3931 751 3999 φάσκοντα,
785 3926 862 3992 οἷς
888 3933 1058 3999 δήπου
1090 3932 1179 3982 καὶ
1208 3932 1502 4000 Γρηγόριος
1532 3935 1558 3984 ὁ
1584 3933 1753 4000 μέγας
1806 3935 2008 4001 6:603—

453 4038 561 4084 νος,
586 4021 998 4087 Μνημονευτέον
1028 4020 1182 4080 Θεοῦ,
1213 4022 1369 4090 φησὶ,
1422 4021 1620 4088 μᾶλλον
1670 4023 1699 4090 ἢ
1742 4026 2008 4076 ἀναπνεύ-

453 4111 626 4174 στέον,
671 4114 818 4178 κοινῇ
859 4111 951 4162 καὶ
985 4111 1147 4172 ἀὐτὸς
1177 4113 1311 4178 πρὸς
1341 4114 1464 4170 τοὺς
1497 4113 1720 4173 πιστοὺς
1749 4106 2007 4176 ὡσαύτως

451 4203 544 4252 16v
583 4201 739 4265 λόγον
770 4200 1121 4267 ποιούμενος’
1179 4201 1292 4260 καὶ,
1357 4201 1496 4268 Χρὴ.
1539 4210 1693 4270 φησι,
1738 4205 1829 4255 καὶ
1864 4205 2007 4272 ήμᾶς

454 4292 804 4360 πειθομένους
829 4295 941 4352 τοῖς
973 4291 1360 4361 προῤῥηθεῖσι,
1408 4291 1481 4359 μὴ
1511 4293 1638 4353 τοὺς
1663 4293 1765 4355 ἔξω
1800 4295 2005 4362 κόσμου

452 4386 548 4435 καὶ
580 4385 851 4451 μοναστάς
893 4386 1076 4450 μόνον,
1110 4382 1244 4434 ἀλλά
1271 4385 1365 4435 καὶ
1391 4383 1590 4450 ἀνδρας
1620 4385 1713 4434 καὶ
1748 4390 2005 4450 γυναῖκας

2117 3200 2208 3250 καὶ
2233 3197 2503 3258 συνοικίας
2547 3196 2681 3264 ὁμοῦ
2712 3199 2912 3258 πάσας,
2959 3199 3056 3260 τὰς
3092 3200 3190 3266 μὲν
3219 3199 3666 3268 ἐξανδραποδιζό-

2117 3305 2266 3354 μενοι
2299 3289 2392 3338 καὶ
2425 3287 2696 3356 δῃοῦντες,
2726 3289 2822 3348 τὰς
2862 3289 2919 3339 δὲ
2955 3292 3046 3340 καὶ
3089 3292 3220 3357 πυρὶ
3255 3292 3665 3353 κατακαίοντες,

2115 3379 2482 3443 ἀναγκάζουσι
2546 3380 2794 3430 κάκεῖνον
2857 3380 3162 3446 μεταϐῆναι
3216 3383 3307 3433 καὶ
3363 3378 3519 3444 αὖθις
3573 3382 3668 3433 καὶ

2115 3469 2266 3537 παρά
2296 3468 2386 3520 τὸν
2429 3467 2700 3535 βέλτιστον
2742 3468 2916 3519 ἐλθεῖν
2956 3471 3139 3520 ’Λθωο
3182 3471 3241 3521 ὃν
3263 3472 3326 3539 δὴ
3359 3474 3452 3522 καὶ
3506 3489 3670 3522 κατα·

2115 3558 2314 3620 λαϐὼν,
2346 3559 2437 3610 καὶ
2473 3559 2604 3626 πρὸς
2621 3561 2686 3626 τῇ
2717 3559 2950 3628 μεγίστῃ
2986 3559 3162 3630 λαύρα
3202 3561 3295 3612 τοῦ
3349 3562 3666 3629 θαυμαστοῦ

2115 3649 2206 3700 καὶ
2249 3648 2408 3700 πάλιν
2454 3647 2772 3700 Ἀθανασίου
2813 3649 3117 3715 γενόμενος,
3173 3652 3264 3702 καὶ
3300 3652 3502 3718 χαίρων
3543 3651 3669 3719 χαί-

2116 3756 2265 3807 ρουσι
2315 3741 2428 3799 τοῖς
2482 3739 2656 3806 φίλοις
2691 3740 2934 3807 Πατράσι
2965 3741 3062 3792 καὶ⁵
3103 3744 3210 3800 τοῖς
3259 3742 3504 3807 ἀδελφοῖς
3540 3744 3670 3793 ἑπο-

2115 3830 2290 3894 φθεὶς,
2314 3829 2495 3882 οὐκέτι
2522 3831 2617 3896 μὲν
2643 3831 2739 3896 τῆς
2771 3830 2971 3896 λαύρας
2997 3831 3145 3892 ὲντδς
3182 3831 3369 3900 ῶσπερ
3400 3833 3463 3901 δὴ
3489 3835 3580 3884 καὶ
3612 3834 3672 3883 τδ

2115 3921 2395 3988 πρότερον,
2436 3921 2589 3982 ὲκτδς
2619 3921 2673 3971 δέ
2713 3938 2816 3973 που
2866 3922 3064 3989 μᾶλλον
3102 3923 3194 3973 καὶ
3244 3924 3446 3990 ταύτης
3481 3923 3668 3989 ἐγγὺς,

2115 4011 2169 4061 ἓν
2198 4028 2260 4076 γε
2305 4011 2382 4079 τῷ
2408 4009 2498 4061 τοῦ
2536 4011 2676 4062 θείου
2707 4012 2890 4064 Σάϐϐα
2925 4013 3323 4082 φροντιστηρίῳ
3355 4013 3520 4079 φημὶ,
3574 4012 3670 4083 τὴν

2115 4101 2381 4168 καθέδραν
2412 4101 2503 4152 καὶ
2546 4103 2644 4168 τὴν
2671 4105 2767 4170 τῆς
2818 4103 3049 4170 ἡσυχίας
3106 4104 3309 4170 σκηνὴν
3359 4105 3668 4171 πήγνυσιν⁶

2113 4193 2268 4257 ὀλίγα
2304 4193 2401 4260 μὲν
2427 4195 2490 4261 τῇ
2528 4193 2702 4262 λαύρα
2731 4193 2823 4244 καὶ
2850 4193 2925 4260 τῷ
2959 4194 3150 4261 πλήθει
3203 4193 3443 4261 προσιών
3476 4210 3534 4244 τε
3581 4195 3672 4246 καὶ

2115 4289 2520 4354 συγγινόμενος,
2554 4288 2790 4354 ὁπηνίκα
2820 4287 3020 4356 δηλαδὴ
3070 4288 3203 4355 πρὸς
3238 4289 3547 4356 ίερουργίαν
3578 4288 3674 4356 μό-

2113 4396 2203 4431 νον
2231 4379 2327 4430 καὶ
2354 4380 2452 4446 τὴν
2485 4378 2592 4428 τῶν
2622 4379 2896 4445 μυστικῶν
2920 4380 3136 4446 τελετὴν
3168 4381 3231 4430 ἐκ
3268 4379 3674 4446 διαλειμμάτων

452 4471 548 4524 καὶ
572 4471 785 4534 παῖδας,
841 4473 934 4521 καὶ
971 4470 1166 4536 σοφοὺς
1212 4470 1306 4520 καὶ
1365 4469 1599 4532 ἰδιώτας,
1657 4472 1750 4522 καὶ
1807 4473 2009 4534 πάντας
2045 4461 2087 4514 Ῑ)
2111 4468 2184 4529 ὡς
2217 4469 2310 4521 καὶ
2343 4470 2470 4529 τοὺς
2502 4470 2722 4531 λοιποὺς
2767 4470 3171 4538 πρεσϐυτέρους
3216 4470 3274 4520 16
3307 4471 3482 4522 1:0:v6v
3511 4470 3674 4523 αὑτὸν

451 4562 587 4630 ὁμοῦ
619 4567 783 4614 ταυτα
821 4563 1096 4613 διδάσκειν
1112 4562 1392 4623 ὡσαύτως,
1425 4563 1516 4613 καὶ
1548 4562 1682 4631 πρὸς
1711 4563 1838 4615 αὐτὸ
1871 4565 2013 4617 τοῦτ’

452 4655 664 4718 ἐνάγειν
717 4656 864 4722 πασῃ
903 4651 1125 4721 σπουδῇ.
1187 4652 1400 4703 Τούτων
1433 4654 1460 4703 ὁ
1504 4653 1730 4721 γηραιὸς
1776 4655 2013 4718 ἀκούσας

455 4743 587 4807 πρὸς
627 4742 719 4792 τοῦ
749 4741 934 4807 σοφοῦ,
971 4742 1066 4792 καὶ
1086 4741 1183 4791 οὐκ
1213 4737 1309 4792 οἷδ’
1333 4743 1360 4793 ὅ
1392 4759 1441 4792 τι
1473 4741 1679 4805 παθὼν,
1716 4744 2015 4810 ἀντιλέγειν

453 4833 708 4899 ἐπειρᾶτο
753 4835 862 4890 τοῖς
905 4831 1047 4884 οὕτω
1081 4833 1331 4898 φανεροῖς
1369 4833 1460 4882 καὶ
1507 4833 1872 4902 ἀντιρῤήτοις,
1909 4835 2014 4886 τῶν

453 4923 952 4992 ἀνακεχωρηκότων
995 4923 1086 4972 τοῦ
1119 4926 1322 4988 κίσμου
1369 4926 1462 4974 καὶ
1526 4926 1806 4990 μοναστῶν
1851 4925 2010 4993 μόνον

451 5013 843 5079 διατεινόμενος
889 5007 1024 5063 εἶναι
1069 5012 1247 5074 ταυτὶ,
1281 5011 1394 5063 ἀλλ’
1426 5011 1485 5062 οὺ
1514 5013 1623 5064 τῶν
1670 5015 1880 5064 πολλῶν
1922 5016 2011 5065 καὶ

455 5102 591 5153 κατά
626 5103 824 5167 κόσμον
852 5100 1058 5160 ἀπλιῖρς.
1083 5101 1236 5151 Ἐπεὶ
1263 5101 1317 5152 δὲ
1352 5104 1442 5153 καὶ
1479 5102 1628 5152 πόλλ’
1653 5103 1815 5170 ἔτερα
1845 5122 2012 5173 προσ-

452 5192 608 5257 όκιοια
663 5194 768 5252 τοῖς
807 5190 1047 5261 ῥηθεῖσιν
1095 5185 1248 5252 αὖθις
1289 5193 1317 5244 6
1380 5193 1550 5260 μέγας
1597 5194 1853 5262 προσθεὶς
1896 5197 2016 5257 πεί-

455 5282 567 5332 θειν
592 5281 835 5350 οὐδαμῶς
865 5279 977 5351 εἶχε
1011 5283 1099 5334 16v
1127 5286 1374 5352 γέροντα,
1409 5285 1498 5336 τὸν
1533 5286 1629 5353 μὲν
1666 5287 1788 5354 περὶ
1832 5287 2014 5339 τιύτων

454 5373 636 5438 ἵστησι
669 5371 848 5439 λόγον,
884 5376 982 5441 τὴν
1030 5374 1351 5441 πολυλογίαν
1397 5376 1490 5426 καί⁵
1551 5376 1649 5444 τήν
1708 5376 1822 5445 ἔριν
1883 5381 2012 5430 ἀπο-

456 5464 778 5530 ποιούμενος
814 5468 965 5537 πάσῃ
1019 5467 1255 5535 σπουδῇ·
1292 5467 1412 5518 ἐπεὶ
1455 5466 1510 5518 δὲ
1543 5470 1632 5518 καὶ
1676 5467 2010 5532 διαλυθέντες

455 5556 548 5606 ἀπ’
581 5557 825 5625 ἀλλήλων
860 5558 945 5610 ἐπ’
993 5558 1144 5611 οἴκου
1176 5557 1478 5628 χωροῦντες
1504 5555 1662 5630 ἦσαν,
1696 5562 1784 5612 καὶ
1808 5564 1835 5613 6
1874 5563 2008 5614 οίκί-

528 5726 546 5750 ”
572 5725 587 5777 1
614 5725 807 5781 The-5.
839 5743 886 5791 ν,
922 5732 1002 5784 17.
1080 5732 1099 5763 ⁹
1126 5731 1260 5787 Ρεαι.
1329 5747 1410 5794 κν,
1445 5735 1495 5786 8.

2110 4563 2208 4629 τῆς
2241 4559 2531 4625 ἐκκλησίας
2571 4559 2771 4620 ἐκάλει,
2802 4563 3028 4628 κοσμεῖν
3056 4561 3280 4621 ἑαυτοὺς
3316 4563 3406 4612 καὶ
3431 4560 3673 4623 δοξάζειν

2111 4649 2319 4719 ὥσπερ,
2348 4643 2434 4701 οἷα
2455 4649 2523 4700 τὰ
2557 4648 2655 4715 τῆς
2699 4649 2872 4714 καλῆς
2907 4651 3034 4715 περὶ
3072 4651 3137 4700 τὰ
3167 4649 3391 4701 τοιαῦτα
3437 4650 3672 4715 σπουδῆς

2111 4758 2169 4792 τε
2197 4741 2290 4790 καὶ
2330 4738 2640 4806 φιλοτιμίας
2687 4739 2932 4801 ἐκείνων,
2989 4737 3283 4790 κάντεῦθεν
3319 4740 3670 4806 βουλόμενοι’

2113 4830 2290 4898 ἑαυτῷ
2335 4830 2390 4881 δὲ
2442 4828 2564 4879 καθ’
2597 4829 2826 4898 ήσυχίαν
2885 4830 3195 4896 ἀκροτάτην
3225 4831 3472 4898 συνήθως
3527 4831 3671 4897 μόνῳ

2109 4921 2282 4974 συνὼν
2304 4922 2394 4973 καὶ
2422 4919 2560 4988 Θεῷ,
2596 4920 2687 4972 καὶ
2720 4922 2855 4990 μήτε
2878 4921 2974 4990 τῆς
2997 4921 3237 4989 καλύϐης
3264 4921 3388 4989 μηδ’
3422 4921 3671 4973 ὁπωσοῦν

2111 5014 2336 5078 προῖὼν,
2402 5009 2527 5080 μήτ’
2579 5010 2661 5072 εἰς
2717 5010 2935 5077 ὁμιλίαν
2985 5012 3075 5061 καὶ
3108 5011 3233 5061 Οέαν
3271 5010 3564 5079 ἐρχόμενος
3610 5011 3670 5061 16

2113 5105 2371 5172 παράπαν
2405 5103 2532 5166 τινὶ,
2563 5102 2637 5163 ὡς
2668 5102 2790 5172 μηδ’
2813 5102 2976 5153 αὑτὸν
3015 5103 3103 5152 τὸν
3132 5102 3249 5163 ταῖς
3305 5102 3668 5166 ἀναγκαιοτά-

2114 5212 2235 5256 ταις
2289 5193 2792 5262 ὲξυπηρετούμενον
2850 5193 3022 5258 δήπου
3098 5194 3306 5261 χρείαις
3375 5192 3665 5260 ἀνέχεσθαι

2117 5287 2411 5355 προσορᾷν,
2451 5284 2724 5338 Σαϐϐἀτου
2761 5284 2902 5353 φημὶ
2924 5285 3014 5335 καὶ
3049 5285 3331 5352 Κυριακῆς
3363 5284 3505 5350 δίχα,
3537 5283 3660 5335 καθ’

2116 5377 2182 5439 ἃς
2237 5379 2332 5430 καὶ
2365 5379 2477 5438 τοῖς
2535 5375 2715 5439 ἀλλοις
2766 5375 2858 5428 καὶ
2911 5375 3101 5438 θεατὸς
3153 5375 3267 5445 ἅμα
3327 5380 3416 5427 καὶ
3482 5392 3671 5445 προσι-

2115 5470 2205 5532 τὺς
2233 5465 2317 5537 ἦν.

2182 5561 2292 5632 Τῆς
2317 5562 2492 5614 τοίνυν
2538 5559 2733 5631 ἀρετῆς
2755 5557 2889 5628 ὁμοῦ
2925 5558 3098 5627 πάση;
3153 5557 3227 5619 εἴ,
3259 5573 3316 5610 τε
3346 5557 3401 5608 16
3438 5573 3638 5625 πρακτι
