4434 6460
477 377 588 443 625

1443 395 1844 459 ENCOMIUM
1895 399 2110 459 AUC’I‘.
2151 401 2596 461 PHILO'I‘HEO
2631 401 2736 460 Cl‘.

3573 398 3710 462 ’696

478 499 877 560 τετταράκοντα
920 499 1351 568 διαγενομένων,
1387 504 1540 573 λήγει
1583 509 1650 558 τὰ
1703 511 1800 575 τῆς
1853 510 2044 576 ὀδύνης
2077 522 2116 574 Α
2150 514 2317 574 ὅπως,
2368 515 2396 565 ό
2441 513 2598 576 λόγος
2645 511 2841 578 δηλοῦν
2898 512 3132 578 ἕτοιμος·
3188 511 3405 580 Ἐπειδὴ
3461 512 3553 563 καὶ
3608 516 3713 580 γὰρ

480 584 669 650 ἀθοόν,
700 589 927 655 μηδενὸς
955 591 1152 654 ἔξωθεν
1195 596 1574 661 ἐπιγεγονότος
1599 614 1612 626 ·
1651 600 1742 651 καὶ
1779 602 1920 671 ὑμὴν
1948 601 2043 652 αύη

481 677 606 728 τίκα
632 679 824 742 λεπτὸς
857 682 1155 744 ἐπιπεσὼν,
1191 687 1555 740 ἐπικαλύπτει
1603 693 1702 756 τὴν
1735 691 1922 761 κόρην,
1951 695 2044 744 καὶ

485 771 515 834 ἡ
546 773 773 840 όρατικὴ
806 774 1034 841 δύναμις
1070 778 1186 828 κατ’
1218 780 1379 831 αὐτόν
1411 799 1554 849 φημι
1590 784 1782 836 τοῦτον
1809 785 1868 848 ἐξ
1896 787 2043 837 ἐκεί-

485 881 570 918 *πρυ
608 864 704 928 τὴν
739 867 1054 933 πάσχουσαν
1101 871 1406 934 ἀπολείπει,
1434 876 1492 926 οὑ
1531 875 1734 941 μᾶλλον
1775 877 2046 944 ἀλγοῦσαν

482 951 549 1000 δι’
584 954 714 1003 αὐτὸ
744 954 919 1017 τοῦτο,
956 960 1014 1008 τὸ
1044 961 1133 1011 τὸν
1179 962 1454 1031 ὀφθαλμόν
1491 983 1632 1032 φημι
1673 967 1733 1017 τὸ
1780 971 2046 1036 παράπαν

483 1046 584 1094 ἀπε
596 1045 873 1112 σϐηκέναι,
891 1052 1014 1100 ὅσον
1037 1053 1095 1102 τὸ
1128 1056 1223 1118 τῆς
1245 1055 1600 1120 ἀναγνώσεως
1627 1059 2045 1129 ἀποστερεῖσθαι

485 1137 578 1189 τοῦ
609 1141 880 1196 πλείστου.
913 1144 1019 1196 Τοῦ
1051 1147 1097 1198 δ’
1120 1149 1366 1202 ἐνιαυτοῦ
1402 1153 1540 1218 μετά
1558 1155 1655 1222 τὴν
1686 1155 1897 1226 πληγὴν
1918 1158 2046 1210 ταὸ-

482 1248 581 1297 την
610 1231 760 1294 ὖντος
807 1238 934 1304 περὶ
969 1237 1036 1289 τὰ
1080 1239 1227 1309 τέλη,
1278 1245 1373 1295 καὶ
1411 1245 1577 1311 μηνὸς
1622 1247 1722 1315 ἤδη
1754 1248 2044 1316 Γορπιαίου

485 1321 862 1386 ἐνισταμένου,
914 1327 1147 1381 ἐτελεῖτο
1181 1333 1280 1396 μὲν
1310 1333 1426 1384 ἐκεῖ
1457 1339 1520 1403 τῇ
1565 1336 1868 1406 Θεομήτορι
1903 1338 2042 1406 λαμ-

488 1409 639 1475 πρῶς
670 1413 701 1478 ἡ
736 1413 927 1482 τελετὴ
959 1419 1068 1472 τῶν
1099 1422 1268 1490 αὐτῆς
1301 1425 1616 1488 Γενεθλίων,
1650 1429 1831 1497 παρῆν
1862 1431 1917 1481 δὲ
1949 1430 2044 1480 καὶ

485 1507 512 1553 ό
548 1504 866 1571 διδάσκαλος
924 1515 1213 1583 παννύχιος
1265 1523 1642 1589 συνεορτάζων
1691 1526 1756 1591 τῇ
1817 1524 2041 1594 ποίμνη.

485 1594 604 1647 Τῶν
634 1597 691 1648 δέ
750 1600 1057 1668 ἑσπερινῶν
1111 1608 1297 1671 αὐτοῖς
1346 1610 1530 1678 ὓμνων
1584 1613 1772 1666 ίόντων
1817 1616 1949 1683 πρὸς
1983 1617 2045 1666 τὸ

479 1685 654 1747 τέλος,
690 1689 921 1744 ἅπτεται
951 1693 1334 1751 διδασκαλικοῦ
1359 1701 1519 1767 λόγου
1544 1705 1637 1755 καὶ
1663 1705 1879 1772 ὁμιλίας
1909 1706 2044 1773 πρὸς

477 1774 602 1837 τοὺς
636 1781 910 1848 παρόντας
939 1796 954 1810 ⁸
1006 1785 1226 1840 πάντων
1267 1791 1310 1841 δ’
1344 1789 1750 1862 ἐξηρτημένων,
1791 1797 1868 1858 ὡς
1901 1798 2040 1862 ἔθος,

477 1866 576 1935 τῆς
604 1868 951 1938 διδασκαλίας
983 1880 1076 1929 καὶ
1112 1880 1220 1931 τῶν
1267 1883 1429 1950 ίερῶν
1481 1889 1744 1956 σειρήνων
1785 1890 1991 1941 ἐκείνου
2020 1907 2033 1921 ⁶

478 1957 600 2012 ἐπεὶ
654 1965 744 2013 καὶ
795 1966 828 2033 ἡ
862 1967 950 2017 τὸν
1009 1969 1288 2039 ὀφθαλμὸν
1343 1976 1622 2045 πάσχουσα
1679 1983 1885 2050 μοναχὴ
1945 1985 2042 2036 σὺν

480 2053 599 2114 ταῖς
649 2054 837 2116 ἄλλαις
893 2062 1058 2114 αὑτοῦ
1112 2083 1212 2118 που
1269 2075 1667 2140 παρισταμένη.
1712 2076 1805 2127 τοῦ
1853 2079 2043 2130 νέκτα-

488 2158 579 2210 ρος
609 2144 717 2196 τῶν
752 2143 925 2216 λόγων
975 2154 1181 2208 ἐκείνου
1224 2161 1470 2227 μετέσχε,
1524 2164 1767 2232 θάμϐους
1797 2167 1896 2233 μὲν
1949 2170 2041 2220 καὶ

487 2237 831 2303 κατανύξεως
863 2242 960 2308 τὴν
1006 2244 1204 2314 ψυχὴν,
1243 2249 1491 2320 δακρύων
1541 2253 1586 2305 δ’
1632 2255 2039 2326 ὑποπλησθεῖσα

479 2327 606 2388 τοὺς
638 2330 972 2400 ὀφθαλμοὺς,
1006 2340 1252 2404 μεγάλας
1285 2344 1539 2397 ἀπεδίδου
1594 2347 1711 2416 Θεῷ
1740 2351 1838 2410 τὰς
1876 2350 2038 2418 εὐχαο

485 2418 713 2485 ριστίας,
743 2424 825 2475 ὅτι
854 2443 912 2476 τε
937 2429 1030 2480 τὸν
1053 2433 1294 2485 τοιοῦτον
1321 2436 1717 2505 φιλανθρώπως
1749 2443 2040 2510 παρελθεῖν

479 2512 558 2571 εἰς
591 2513 787 2578 μέσους
814 2519 1053 2582 ἐκείνους
1085 2527 1376 2592 πεποίηκε,
1399 2531 1494 2581 καὶ
1521 2531 1601 2582 ὅτι
1621 2532 1715 2583 καὶ
1747 2535 1882 2602 αὑτὴ
1912 2552 2039 2590 κατ-

478 2597 703 2666 ηξίωται
770 2606 877 2656 τῶν
945 2611 1202 2663 τοιούτων
1256 2616 1315 2666 ἐν
1366 2623 1566 2688 μετοχῇ
1615 2625 1931 2688 γεγονέναι·
1972 2627 2034 2678 οὐ

483 2697 589 2761 μὴν
617 2697 754 2749 άλλά
785 2703 874 2755 καὶ
928 2705 1034 2757 τῶν
1070 2711 1190 2759 κατ’
1234 2711 1396 2762 αὐτοῦ
1447 2717 1742 2782 χρωμένων
1775 2718 1924 2770 ἔστιν
1961 2713 2036 2772 ὧν

480 2786 789 2850 Βυζαντίων
835 2795 1149 2860 ἀκολάστως
1199 2804 1264 2869 τῇ
1320 2803 1554 2874 γλώττῃ,
1612 2809 1706 2859 καὶ
1764 2812 1828 2862 τὰ
1879 2813 2034 2865 τοῦδε

478 2879 755 2950 διασύρειν
775 2886 1216 2956 ἐπιχειρούντων.
1239 2895 1428 2948 ἀνοιαν
1453 2899 1688 2967 ἐσχάτην
1711 2904 1800 2953 καὶ
1835 2905 2034 2973 θράσος

480 2971 571 3022 καὶ
598 2974 798 3044 τόλμαν
829 2982 1309 3047 καταγινώσκουσα
1347 2990 1440 3040 καὶ
1481 2992 1820 3051 δυσσέϐειαν.
1849 2971 2032 3064 χεῖρας

481 3066 716 3130 ἱκεσίους
768 3071 866 3122 σὺν
919 3074 1132 3138 πολλοῖς
1176 3094 1238 3143 γε
1287 3083 1398 3144 τοῖς
1447 3083 1680 3151 δάκρυσι
1731 3087 1866 3152 πρὸς
1897 3089 2027 3141 Θεὸν

2151 605 2418 671 κρείττων
2452 604 2549 671 μέν
2597 599 2717 671 ἦνό
2768 605 2942 670 μέγας
2987 604 3076 654 τοῦ
3119 605 3578 673 προσδοκηθέντος
3611 606 3710 657 θα-

2151 697 2333 752 νάτου,
2369 694 2507 746 Θεοῦ
2558 694 3121 762 θαυματουργοῦντοτ,
3163 697 3299 761 ὅπερ
3327 694 3486 761 ἔφην,
3519 697 3716 762 προδή-

2151 787 2275 851 λως,
2312 787 2598 838 ὑπενόστει
2654 789 2710 840 δέ
2751 790 2842 839 καὶ
2874 786 2934 837 τὸ
2984 787 3235 838 πλεῖστον
3270 789 3369 854 τῆς
3419 787 3598 850 νόσου,
3633 788 3714 839 ἔτι

2149 883 2218 932 τὰ
2247 881 2474 945 λείψανα
2513 883 2826 949 περιφέρων
2861 883 3097 946 ἐκείνης,
3130 882 3521 945 ἀναγκάζεται.
3546 882 3714 932 πολλά

2149 972 2430 1038 δεηθέντος
2477 973 2570 1023 τοῦ
2604 973 2918 1036 θαυμαστοῦ
2975 973 3260 1038 βασιλέως,
3297 974 3391 1024 καὶ
3437 970 3592 1028 αὖθις
3634 975 3713 1030 εἰς

2149 1064 2246 1132 τὴν
2273 1065 2382 1115 τῶν
2410 1067 2618 1116 πόλεων
2667 1064 3060 1131 βασιλεύουσαν
3090 1065 3323 1127 ἀνιέναι,
3371 1066 3448 1130 τῷ
3479 1066 3711 1133 κηδεστῇ

2148 1169 2204 1204 τε
2236 1156 2330 1206 καὶ
2365 1154 2576 1222 βασιλεῖ
2601 1154 3094 1223 πρεσϐευσάμενος,
3121 1155 3216 1206 καὶ
3245 1157 3474 1208 σπονδὰς
3507 1157 3712 1222 εἰρηνι-

2149 1245 2250 1306 κάς
2288 1247 2620 1313 ἀμφοτέρων
2668 1249 2870 1315 μεταξὺ
2906 1248 3107 1302 θύσων.
3162 1249 3299 1301 Ἀλλ’
3329 1251 3357 1301 ό
3409 1250 3519 1300 τῶν
3552 1251 3677 1316 βασι

2148 1338 2284 1389 λέων
2322 1339 2580 1400 Βασιλεὺς
2608 1340 2815 1392 ἀνωθεν
2846 1342 2940 1392 καὶ
2989 1343 3190 1405 Κύριος
3222 1344 3331 1393 τῶν
3359 1342 3585 1406 κυρίων,
3613 1343 3710 1399 τὰς

2152 1427 2252 1492 μὲν
2298 1425 2372 1487 ὡς
2429 1427 2691 1494 περιττὰς
2743 1431 3134 1496 ἀποδοκιμάζει
3182 1432 3245 1483 τό
3281 1449 3342 1496 γε
3400 1432 3494 1483 νῦν
3546 1428 3709 1491 ετνιι,

2160 1516 2565 1583 Ἀχαιμενίδαις
2602 1519 2656 1570 δὲ
2686 1522 2796 1580 τοῖς
2844 1523 3063 1588 μακρὰν
3093 1525 3501 1591 ἀπῳκισμένοις
3545 1525 3710 1574 αὑτοῦ

2147 1610 2225 1677 τῷ
2252 1612 2350 1675 τῆς
2407 1611 2642 1672 πίστεως
2675 1614 2838 1682 λόγῳ,
2871 1615 2964 1664 καὶ
3013 1613 3077 1682 δὴ
3125 1616 3219 1665 καὶ
3255 1617 3366 1676 τοῖς
3407 1618 3711 1682 κατεχομέ-

2148 1719 2257 1762 νοις
2291 1703 2382 1754 ὑπ’
2431 1705 2610 1755 αὐτῶν
2653 1706 3042 1773 αἰχμαλώτοις,
3079 1709 3476 1775 εὐαγγελιστήν
3501 1725 3556 1757 τε
3622 1712 3714 1759 καὶ

2150 1795 2364 1861 κήρυκα
2408 1797 2502 1848 καὶ
2559 1801 2785 1863 μεσίτην
2828 1800 2924 1850 καὶ
2969 1800 3295 1867 διαλλακτὴν
3323 1801 3392 1851 δι’
3429 1801 3714 1868 αἰχμαλω-

2151 1888 2270 1948 σίας
2301 1889 2462 1940 αὺτὸν
2488 1889 2818 1956 θαυμαστῶς
2839 1893 3158 1944 ἀποστέλλει
3183 1907 3198 1923 ο
3229 1895 3320 1946 καὶ
3343 1894 3559 1947 ἄπεισιν
3594 1897 3712 1962 αἰχ-

2150 1977 2397 2042 μάλωτος
2447 1979 2526 2038 εἰς
2599 1980 2803 2038 Ἀσίαν,
2873 1983 3273 2049 Ἀχαιμενίδαις
3326 1986 3435 2045 τοῖς
3501 1985 3712 2036 κάκιστ’

2147 2068 2561 2134 ἀπολουμένοις.
2616 2071 2808 2138 ὥσπερ
2853 2068 2932 2134 εἷς
2980 2091 3064 2134 τις
3101 2076 3212 2126 τῶν
3264 2076 3501 2136 πάντων,
3554 2076 3581 2124 ὁ
3615 2075 3714 2143 τὴν

2145 2159 2260 2210 ἀνω
2296 2161 2460 2210 πάλαι
2489 2161 2791 2229 πλουτήσας
2816 2163 3130 2231 ἐλευθερίαν
3160 2166 3253 2216 καὶ
3289 2167 3592 2233 βασιλείαν,
3623 2171 3716 2220 καὶ

2144 2251 2429 2313 πλείστους
2479 2255 2613 2317 πρὸς
2658 2255 2876 2321 ἐκείνην
2911 2257 3089 2318 καλῶς
3132 2259 3403 2326 όδηγήσας
3441 2261 3517 2327 τῷ
3549 2249 3711 2327 λόγῳ,

2145 2342 2231 2394 ἵνα
2263 2345 2423 2395 κάκεῖ
2470 2345 2621 2395 ταῦτ’
2677 2347 3001 2415 ἐργάσηται,
3042 2350 3135 2400 καὶ
3195 2351 3482 2411 πλείστους
3541 2353 3713 2403 ἀπαλ-

2143 2433 2276 2503 λάξῃ
2327 2435 2394 2486 δι’
2446 2436 2643 2488 ἐαυτοῦ
2687 2438 2786 2505 τῆς
2845 2441 3039 2508 νοητῆς
3087 2441 3464 2510 αἰχμαλωσίας
3503 2461 3560 2495 τε
3621 2448 3714 2497 καὶ

2143 2526 2408 2588 δουλείας.

2229 2618 2391 2671 Ἀλλά
2415 2622 2578 2673 καλὸν
2609 2623 2674 2674 ἂν
2697 2625 2781 2692 εἴη
2811 2626 2909 2689 τῆς
2955 2626 3244 2693 καλλίστης
3277 2630 3368 2678 καὶ
3409 2630 3560 2696 ἱερᾶς
3591 2630 3708 2680 δια-

2142 2707 2338 2758 κοῦσαι
2368 2711 2460 2760 καὶ
2499 2709 2654 2774 αὖθις
2696 2715 2943 2784 γλώττης
2989 2717 3160 2784 αὐτῆς
3201 2719 3438 2787 ἐκείνης,
3480 2720 3548 2772 τά
3585 2722 3705 2772 καθ’

2142 2799 2342 2870 ἑαυτὴν
2379 2807 2470 2855 καὶ
2520 2806 2620 2874 τὴν
2669 2810 3045 2876 αἰχμαλωσίαν
3093 2814 3194 2880 τὴν
3246 2814 3438 2881 καινὴν
3490 2815 3708 2881 ἐκείνην

2135 2890 2464 2964 διεξιούσης.
2521 2900 2658 2966 Φησὶ
2699 2901 2991 2970 τοιγαροῦν
3024 2905 3083 2954 ἐν
3129 2906 3193 2972 τῇ
3231 2905 3363 2970 πρὸς
3417 2906 3514 2973 τὴν
3567 2907 3708 2956 ἰδίαν

2148 2972 2474 3055 Ἐκκλησίαν
2516 2990 2799 3062 ἐπιστολῇ,
2842 2995 3071 3062 γράφων
3102 2994 3309 3047 οὔτιν’(

479 3159 665 3223 ἐκίνει,
697 3161 772 3224 ὡς
801 3163 867 3216 ἂν
894 3169 1013 3225 ταῖς
1058 3170 1245 3238 εὐχαῖς
1281 3174 1444 3227 αὐτοῦ
1483 3177 1577 3228 καὶ
1606 3182 1670 3247 τῇ
1718 3180 1852 3248 πρὸς
1880 3183 2040 3236 αὑτὸν
2069 3185 2110 3240 C
2216 3165 2452 3220 Τοιαῦτα
2504 3171 2596 3220 καὶ
2645 3171 2714 3221 τὰ
2752 3171 2893 3222 κατὰ
2936 3171 3034 3240 τὴν
3091 3173 3468 3241 αἰχμαλωσίαν
3515 3175 3712 3224 παλαί-

480 3254 784 3323 παρρησία,
817 3258 909 3308 καὶ
952 3260 1049 3311 τοῦ
1083 3264 1397 3332 συνέχοντος
1446 3267 1649 3330 πάθους
1679 3273 2041 3339 ἀπαλλαγείη,

485 3343 577 3392 καὶ
610 3345 701 3395 τὸν
747 3347 1024 3416 ὀφθαλμὸν
1058 3354 1276 3422 ἐνεργὸν
1319 3357 1394 3419 ὡς
1436 3359 1497 3410 τὸ
1540 3361 1811 3430 πρότερον
1843 3366 2044 3418 ἀπολά-

483 3438 589 3490 ϐοι.
619 3439 774 3494 Οὕτω
803 3445 900 3511 τῆς
926 3448 1117 3508 νυκτὸς
1159 3451 1293 3518 αὐτῇ
1335 3452 1734 3518 διαγεγονυίας,
1768 3458 1863 3508 καὶ
1920 3459 2042 3525 μεθ’

481 3529 621 3582 οὕτω
668 3532 935 3604 λαμπρῶν
982 3537 1091 3590 τῶν
1128 3541 1386 3593 ἐλπίδων·
1421 3546 1540 3597 οὐδὲ
1600 3547 1704 3614 γὰρ
1741 3550 2040 3619 δισταγμοῦ

481 3636 534 3672 τι
567 3623 800 3704 προσῆν,
829 3627 1012 3695 φησιν,
1046 3629 1156 3680 οὐδ’
1182 3632 1513 3698 ἀμφιϐολίας
1538 3652 1552 3667 ο
1604 3641 1724 3690 ἐπεὶ
1752 3641 1846 3692 καὶ
1887 3644 1917 3711 η
1943 3645 2042 3709 τῆς

487 3715 636 3781 ἱερᾶς
667 3716 888 3785 τελετῆς
930 3721 1025 3772 καὶ
1068 3721 1180 3773 τῶν
1226 3726 1508 3790 μυστικῶν
1555 3731 1736 3797 παρῆν
1775 3731 1916 3801 ὥρα,
1965 3728 2041 3786 ὧν

488 3804 765 3875 ὑπηρέτης
790 3827 847 3861 τε
875 3812 968 3862 καὶ
1000 3815 1290 3883 τελειωτὴς
1312 3819 1339 3868 ὁ
1364 3820 1650 3889 ἀρχιερεὺς
1679 3819 1767 3892 ἦν,
1795 3828 2042 3894 πρόσεισι

490 3896 582 3984 και
630 3897 769 3984 αὑτὴ
817 3901 955 3953 κατὰ
984 3903 1081 3970 τὴν
1138 3906 1540 3976 αἰμορῤοοῦσαν
1594 3912 1760 3964 πάλαι
1799 3915 2039 3984 Χριστῷ,

491 3983 727 4037 λαθοῦσα
765 3987 995 4041 καθόσον
1027 3987 1139 4042 οἷόν
1167 4010 1228 4045 τε
1282 3997 1503 4064 καὶτῆς
1547 4001 1824 4069 ἱερατικῆς
1862 3983 2043 4072 ἡρέμα

489 4075 681 4144 στολῆς
707 4077 959 4149 ἁψαμένη
1001 4082 1099 4149 τῆς
1129 4084 1224 4136 τοῦ
1266 4087 1526 4154 μεγάλου,
1563 4092 1820 4160 κάκείνην
1852 4096 2044 4148 ἐπιϐα-

485 4166 650 4218 λοῦσα
691 4167 769 4235 τῷ
809 4170 1069 4238 πάσχοντι
1119 4172 1294 4242 μέλει,
1329 4178 1426 4244 τὴν
1473 4179 1688 4234 ἐκεῖθεν
1724 4183 2044 4246 ἐξελθοῦσαν

485 4260 781 4313 ἐπισπᾶται
814 4260 1045 4330 δύναμιν
1084 4265 1414 4333 θαυμαστῶς
1456 4274 1549 4322 καὶ
1594 4273 1692 4341 τὴν
1725 4275 2043 4343 θεραπείαν,

486 4352 578 4402 καὶ
603 4347 671 4420 ἦν
702 4353 800 4420 μὲν
830 4353 1040 4423 ἀφανὴς
1083 4355 1163 4408 ἔτι
1201 4359 1360 4421 τέως,
1400 4361 1500 4428 τῆς
1531 4362 1588 4414 δὲ
1621 4366 1810 4427 νυκτὸς
1853 4368 2042 4420 ἐπιού-

486 4458 607 4508 σης,
634 4444 791 4496 ὑπνοῖ
822 4447 919 4497 σὺν
949 4446 1162 4510 πολλοῖς
1199 4452 1311 4512 τοῖς
1349 4451 1580 4520 δάκρυσι
1634 4458 1725 4507 καὶ
1767 4461 1888 4520 ταῖς
1931 4461 2040 4511 ἰκε-

2147 3258 2329 3325 σματά
2353 3276 2412 3310 τε
2449 3263 2542 3310 καὶ
2565 3261 2946 3329 ἀγωνίσματα,
2989 3264 3079 3314 καὶ
3110 3266 3164 3315 αἰ
3197 3265 3511 3332 θαυμασταὶ
3541 3265 3710 3323 νίκαι,

2146 3350 2331 3400 καὶτὰ
2359 3350 2500 3402 κατά
2538 3350 2634 3418 τῆς
2682 3351 2892 3419 πλάνης
2941 3356 3180 3421 τρόπαια
3232 3355 3532 3423 Γρηγορίου
3567 3359 3712 3424 φημὶ

2143 3438 2239 3490 τοῦ
2296 3441 2570 3508 μεγάλουί
2612 3444 2705 3494 καὶ
2757 3442 2898 3494 οῦτω
2943 3445 3102 3496 κάκεῖ
3147 3447 3474 3515 στεφανίτης
3512 3450 3540 3499 ὁ
3579 3451 3708 3515 ἐμίις

2146 3530 2448 3599 παλαιστὴς
2484 3536 2550 3602 τῇ
2583 3535 2835 3603 ἐνεργείᾳ
2864 3537 2960 3588 καί⁸
2990 3536 3218 3603 δυνάμει
3242 3538 3338 3588 τοῦ
3370 3539 3707 3599 ἐνοικοῦντος

2144 3621 2294 3690 αὑτῷ
2342 3625 2654 3692 [Ινεύματος
2714 3627 2978 3694 ἀνεφάνη,
3013 3629 3205 3680 ἐαυτὸν
3247 3629 3448 3681 ὡσανεὶ
3497 3631 3592 3682 καὶ
3622 3649 3710 3699 μι-

2147 3714 2414 3782 μούμενος
2462 3718 2762 3787 πανταχοῦ,
2818 3721 2912 3770 καὶ
2948 3720 3038 3772 διὰ
3082 3721 3299 3784 πάντων
3327 3723 3383 3773 ἐν
3429 3724 3603 3774 ἅπασι
3643 3724 3706 3774 τὸ

2144 3807 2299 3874 νικᾷν
2338 3807 2474 3876 ἔχων
2497 3810 2657 3860 οίονεὶ
2688 3811 3217 3878 συγκεκληρωμένον
3248 3813 3426 3880 ἐαυτῷ
3453 3817 3542 3864 καὶ
3568 3815 3704 3881 ξυμ-

2145 3896 2408 3962 πεφυκός.
2439 3899 2547 3949 Καὶ
2580 3898 2754 3951 ταῦτα
2785 3900 3001 3968 διῆλθον
3048 3901 3139 3951 ἐπὶ
3172 3902 3380 3970 μακρὸν
3428 3902 3574 3955 οὕτω
3616 3907 3708 3958 καὶ

2144 3989 2281 4039 κατὰ
2322 3990 2509 4055 μέρος,
2547 3989 2644 4059 οὐχ
2680 3990 2746 4041 ἵν’
2779 3992 2969 4058 ἐκείνῳ
3003 3992 3098 4043 καὶ
3128 3995 3240 4054 τοῖς
3291 3997 3499 4047 ἐκείνου
3529 3998 3707 4062 λόγοις

2143 4079 2364 4144 προσθῶ
2400 4097 2521 4132 τινα
2544 4080 2726 4145 δόξαν,
2757 4081 2831 4144 ῶς
2865 4082 2931 4134 ἂν
2965 4083 3224 4136 ὑπολάϐοι
3258 4101 3339 4145 τις
3362 4101 3376 4114 ⁸
3413 4089 3566 4138 ποῖον
3597 4089 3702 4156 γὰρ

2142 4172 2236 4237 οὑχ
2293 4171 2496 4237 ὑψηλὸν
2543 4171 2653 4222 τῶν
2688 4173 2901 4224 ἐκείνου
2958 4176 3053 4226 καὶ
3103 4175 3268 4239 θεῖον,
3319 4176 3394 4236 ὡς
3444 4178 3538 4228 καὶ
3578 4178 3700 4244 μεθ’

2144 4263 2446 4331 ὑπερϐολῆς
2481 4263 2710 4315 ἕκαστον
2753 4264 2881 4326 τούς
2921 4282 2980 4316 τε
3022 4265 3275 4332 λέγοντας
3305 4269 3423 4334 ἃμα
3463 4267 3705 4330 καὶτοὺς

2142 4354 2435 4416 ἀκούοντος
2485 4355 2630 4423 ἐχειν
2685 4356 3031 4426 ἐκπλήττειν,
3082 4357 3183 4408 κάν
3226 4357 3286 4409 τὸ
3340 4358 3702 4424 σμικρότατον

2143 4443 2202 4495 ὃν
2232 4447 2390 4515 τύχῃ,
2423 4445 2520 4496 καὶ
2551 4447 2659 4497 τῶν
2687 4448 2749 4498 ἐκ
2775 4447 3053 4516 παρέργου
3079 4450 3172 4500 καὶ
3199 4450 3272 4518 μὴ
3304 4451 3444 4501 κατά
3470 4451 3706 4518 σπουδὴν

487 4535 649 4596 cia”,
682 4540 770 4587 και
801 4539 868 4606 τῇ
925 4538 1043 4606 μετ’
1083 4540 1300 4607 εκείνην
1344 4543 1546 4612 ἡμέρᾳ,
1599 4545 1707 4598 τῶν
1747 4549 2040 4618 ὑπερφυῶν
2074 4530 2342 4604 υέκείνῳ
2415 4535 2686 4603 ῥηθέντων
2740 4554 2800 4590 τε
2854 4539 2948 4590 καί¹
3009 4540 3396 4606 πραχθέντων;
3451 4541 3566 4592 ἀλλ’
3618 4540 3704 4592 ἴνα

487 4641 600 4690 σου,
635 4628 902 4690 Δέσποτα,
938 4630 1031 4682 καὶ
1065 4632 1268 4683 καινῶν
1295 4633 1499 4701 ἐργωνί
1534 4635 1820 4704 τηλαυγῶς
1860 4641 2041 4705 ἐξανί-

487 4736 678 4772 σταται
707 4720 1019 4788 καθορῶσα,
1051 4724 1290 4792 καθαρόν
1320 4743 1377 4777 τε
1413 4728 1507 4778 καὶ
1551 4728 1679 4796 ὑγιᾶ
1711 4732 1802 4782 τὸν
1840 4734 2041 4800 ὀφθαλο

489 4813 587 4880 μον
618 4815 927 4882 κεκτημένη
953 4815 1227 4882 καθάπαξ,
1263 4819 1338 4879 ὡς
1367 4820 1499 4886 μηδέ
1526 4820 1700 4874 δοκεῖν
1725 4824 1886 4876 αὑτὸν
1912 4827 2043 4877 ἀπε-

489 4904 748 4972 σϐηκέναι
791 4909 944 4968 ποτὲ,
991 4909 1085 4959 καὶ
1116 4907 1215 4976 τῆς
1245 4909 1386 4963 κατά
1419 4911 1582 4978 φύσιν
1630 4915 1906 4984 ἐνεργείας
1941 4918 2044 4971 κᾶν

490 4993 624 5066 πρὸς
651 4995 831 5060 ὀλίγον
862 4996 1233 5064 ἐπιλελῆσθαι.

570 5086 848 5148 Ἐνιαυτός
894 5082 962 5157 ἧν
993 5087 1140 5156 αὑτῷ
1185 5091 1397 5158 παριὼν
1431 5095 1488 5146 ἐν
1518 5095 1726 5157 τούτοις
1777 5099 1917 5165 μετά
1944 5099 2045 5169 τὴν

488 5183 550 5234 ἐκ
579 5183 900 5248 Βυζαντίου,
932 5185 1093 5252 φημὶ,
1125 5187 1368 5250 κάθοδον,
1398 5190 1492 5240 καὶ
1520 5195 1639 5253 ταῖς
1667 5196 1885 5260 συχναῖς
1911 5197 2046 5247 ἀπο-

488 5273 708 5342 δημίαις
759 5275 855 5326 καὶ
910 5279 1020 5337 τοῖς
1059 5282 1387 5344 πειρασμοῖς
1439 5281 1533 5332 καὶ
1581 5285 1692 5342 τοῖς
1746 5285 2044 5348 ἀνενδότοις

492 5369 673 5428 πόνοις
704 5368 761 5419 τὸ
797 5367 952 5436 σῶμα
1003 5371 1418 5437 κατεργασθεὶς,
1477 5376 1568 5426 καὶ
1623 5375 1822 5442 σφόδρα
1863 5379 2046 5430 ταλαι-

488 5459 770 5524 πωρήσας,
804 5459 944 5522 νόσῳ
987 5462 1306 5528 περιπίπτει
1355 5461 1501 5529 δεινῇ
1553 5464 1645 5514 καὶ
1673 5464 2002 5532 πολυημέρῳ
2027 5479 2042 5494 ⁸

488 5551 581 5602 καὶ
610 5550 806 5609 πάντες
861 5553 960 5616 μὲν
995 5553 1430 5619 ἀπαγορεύουσιν
1465 5554 1579 5621 ἅμα
1626 5554 1798 5619 τούτῳ
1836 5555 1895 5606 τὺ
1924 5556 2043 5625 (ff).

487 5645 619 5704 Θεὸς
652 5643 696 5695 δ’
725 5644 866 5711 ὑπὲρ
899 5643 1076 5704 πάσας
1127 5644 1348 5699 ἐλπίδας
1377 5646 1469 5696 καὶ
1515 5644 1671 5706 αὖθις
1701 5645 1858 5698 τοῦτο
1888 5647 2044 5716 χαρί-

489 5735 660 5797 ζεται,
697 5738 828 5803 πρὶς
864 5735 1079 5800 ἀγῶνας
1111 5736 1203 5788 καὶ
1236 5736 1395 5787 πάλιν
1437 5737 1654 5803 ἐτέρους
1688 5739 1780 5789 καὶ
1815 5739 2044 5806 δρόμους

491 5833 582 5880 καὶ
622 5827 969 5895 παλαίσματα
1022 5828 1457 5894 παρασκευάζων
1497 5829 1584 5878 τὸν
1631 5829 1866 5897 ἀθλητήν
1893 5843 1906 5858 ·
1952 5832 2044 5883 καὶ

2146 4627 2437 4680 κάντεῦθεν
2458 4629 2517 4679 τὸ
2542 4629 2638 4694 τῆς
2664 4627 2939 4695 θεολογίας
2969 4631 3295 4700 ὑψηλότερόν
3320 4649 3378 4683 τε
3404 4633 3498 4684 καὶ
3528 4635 3704 4700 ἀσφα-

2143 4718 2399 4770 λέστατον
2431 4719 2539 4781 τοῖς
2574 4718 2832 4783 ἀγνοοῦσι
2865 4719 3136 4789 διαδειχθῇ
3173 4723 3266 4773 τοῦ
3304 4723 3514 4791 ἀνδρὸς,
3557 4726 3704 4787 ὅπως

2144 4825 2203 4859 τε
2233 4811 2300 4860 τά
2331 4810 2540 4861 ἐκείνου
2577 4810 2845 4879 σύμφωνα
2885 4814 3063 4865 πάντα
3091 4815 3200 4875 τοῖς
3231 4815 3612 4878 ἀποστολικοῖς
3644 4835 3702 4869 τε

2146 4901 2240 4952 καὶ
2277 4902 2570 4969 Πατρικοῖς
2602 4903 2842 4971 δόγμασι
2877 4905 2968 4956 διὰ.
3002 4905 3255 4957 πάντων⁹
3290 4907 3381 4958 καὶ
3399 4907 3480 4958 ὅτι
3503 4925 3682 4977 μοναρ-

2147 4977 2269 5061 χίας
2326 4994 2420 5045 καὶ
2472 4995 2601 5061 μιᾶς
2656 4995 3086 5062 τρισυποστάτου
3143 4997 3238 5048 καὶ
3294 4998 3701 5067 παντοδυνάμου

2147 5089 2394 5155 θεότητος
2420 5089 2475 5140 ἐν
2505 5086 2674 5139 ἀπασι
2705 5087 2799 5139 καὶ
2825 5087 2961 5157 πρὸς
2985 5088 3191 5149 πάντας
3219 5090 3494 5156 πανταχοῦ
3530 5090 3704 5157 κῆρυξ

2146 5180 2372 5241 ἐκεῖνος,
2429 5180 2541 5231 ἀλλ’
2587 5180 2707 5247 οὐχὶ
2762 5179 3095 5249 πολυαρχίας
3149 5198 3207 5233 τε
3261 5183 3356 5233 καὶ
3416 5183 3702 5244 πολυθεῖτς

2147 5271 2286 5323 κατὰ
2320 5271 2444 5330 τοὺς
2475 5269 2766 5330 πολυθέους
2799 5268 3039 5328 ἐκείνους
3079 5268 3248 5331 ὅντως
3280 5271 3372 5322 καὶ
3402 5268 3706 5339 λατρευτάς

2145 5363 2254 5413 τῶν
2284 5363 2435 5414 ἰδεῶν
2457 5379 2516 5412 τε
2553 5361 2646 5412 καὶ
2679 5361 2786 5412 τῶν
2823 5361 3155 5428 κτισμάτων,
3188 5361 3280 5413 καὶ
3313 5362 3411 5426 τῆς
3444 5362 3704 5430 ἀληθινῆς

2148 5456 2402 5523 λατρείας
2429 5472 2486 5506 τε
2521 5454 2611 5504 καὶ
2644 5452 2891 5520 θεότητος
2927 5453 3208 5520 ὑϐριστὰς,
3247 5451 3340 5514 οὓς
3373 5454 3465 5504 καὶ
3493 5453 3705 5522 φθάσας

2147 5553 2174 5603 ὀ
2205 5550 2361 5616 λόγος
2408 5548 2506 5617 ἠδη
2539 5548 2607 5600 δι’
2637 5549 2849 5599 ἐκείνου
2906 5548 2996 5599 καὶ
3045 5547 3142 5598 σὺν
3201 5547 3395 5614 ἐκείνῳ
3445 5548 3703 5608 πολλάκις

2151 5642 2480 5710 ἐξήλεγξεν·
2528 5641 2651 5691 ἐπεὶ
2697 5640 2832 5708 μηδέ
2871 5639 3045 5699 ἄλλως
3101 5638 3270 5706 ἐχρῆν
3319 5641 3443 5707 σιγῇ
3498 5657 3557 5691 τε
3612 5643 3706 5693 καὶ

2149 5735 2286 5804 λήθῃ
2320 5737 2386 5786 τά
2415 5734 2638 5786 τοιαῦτα
2670 5733 3062 5799 παραδοθῆναι,
3100 5731 3400 5799 μυστήριον
3424 5731 3704 5792 εὐσεϐείας

2149 5829 2407 5896 ἄντικρυς
2448 5827 2595 5891 ὂντα,
2650 5825 2740 5878 καὶ
2783 5824 2874 5877 τοῦ
2921 5825 3042 5877 καθ’
3070 5826 3213 5893 ἡμᾶς
3267 5822 3411 5892 ἱεροῦ
3460 5823 3615 5889 λόγου
3645 5841 3704 5880 τε
