4448 6450
775 387 877 449 621

2035 397 2417 459 UREGORll
2453 397 2776 466 PALAM/K

3918 414 4024 476 628

771 512 866 562 καὶ
898 511 994 580 τῆς
1022 513 1259 575 πίστεως
1291 514 1452 584 μέρος
1487 515 1548 568 οὐ
1573 517 1633 569 τδ
1664 517 2049 588 σμικρότατον.
2089 519 2232 574 Ἀλλ’
2254 521 2348 574 ἐπὶ
2373 525 2424 583 Α
2451 523 2688 593 εὐλαϐής
2736 543 2794 578 τε
2830 532 2922 580 καὶ
2964 530 3182 592 συνετὸς
3227 529 3323 594 ῶν,
3358 529 3449 583 καὶ
3499 530 3575 600 τῷ
3612 532 3752 602 ἀγὶῳ
3782 533 4017 603 συνήθης

771 606 831 653 τὸ
867 605 1231 670 προκείμενον
1261 607 1576 676 ἐπανίωμεν
1601 603 1778 670 αὖθις.

860 693 1135 758 Ἑνιαυτὸς
1179 696 1299 758 ὅλος
1351 699 1550 769 ῆνυστο
1597 700 1937 769 τῷ.γενναὶῳ
1993 703 2342 771 αἰχμαλωσίᾳ

771 801 832 835 τε
875 785 967 836 καὶ
997 789 1111 847 τοῖς
1137 789 1236 855 τῆς
1269 790 1643 858 αἰχμαλωσίας
1675 791 1871 853 δεινοῖς
1918 794 2341 861 προσταλαιπω-

774 876 952 942 ροῦντι
979 893 993 907 ο
1024 879 1115 931 καὶ
1145 877 1241 930 νῦν
1286 882 1385 948 μὲν
1416 883 1544 945 τοὺς
1593 885 1839 946 εὐσεϐεῖς
1879 887 2015 955 πρὸς
2061 885 2340 954 ὑπομονὴν

769 971 1128 1036 ὐπαλείφοντι
1187 976 1280 1026 καὶ
1336 976 1562 1043 ἀνδρίαν
1623 977 1719 1032 καὶ
1768 978 1872 1046 τῆς
1925 979 2095 1047 ἀλλης
2159 980 2340 1049 πάσης

765 1062 970 1130 ἀρετῆς
1002 1066 1258 1131 ἄσκησιν,
1314 1067 1380 1134 τῇ
1412 1083 1472 1119 τε
1517 1068 1628 1121 τῶν
1658 1068 1965 1137 μελλόντων
2017 1069 2215 1132 ἐλπίδι,
2245 1072 2340 1122 καὶ

769 1155 1008 1221 μάλιστα
1042 1156 1117 1223 τῷ
1147 1156 1269 1208 καθ’
1320 1158 1515 1211 ἑαυτὸν
1555 1160 1913 1230 ὑποδείγματι
1938 1179 1953 1194 ο
1984 1162 2180 1216 νῦν“δέ
2213 1163 2340 1224 τοὺς

766 1246 986 1305 ἀσεϐεῖς
1016 1246 1375 1316 ἐξελέγχοντι,
1417 1251 1514 1303 καὶ
1559 1251 1618 1304 τδ
1648 1255 1949 1324 μυστήριον
1980 1257 2040 1306 τὸ
2060 1254 2159 1322 τῆς
2203 1255 2342 1309 πλά-

770 1355 865 1406 νης
897 1338 985 1390 διὰ
1034 1339 1243 1392 πολλῶν
1274 1343 1418 1409 μάλα
1445 1340 1713 1413 λαμπρῶς
1757 1344 2172 1415 θριαμϐεύοντι,
2201 1347 2270 1399 δι’
2304 1346 2340 1402 ἀ

767 1429 941 1496 δήπου
981 1431 1074 1482 καὶ
1099 1433 1316 1498 πληγὰς
1338 1432 1641 1502 ὑπομείνας
1669 1434 1960 1504 διαφόρους
1985 1437 2080 1489 καὶ
2109 1437 2338 1506 θλίψεις,

769 1523 912 1574 καθὰ
944 1522 1008 1590 δὴ
1043 1525 1136 1574 καὶ
1179 1524 1284 1592 πρὸ
1309 1522 1541 1595 βραχέος
1564 1524 1702 1596 ἔφθη
1732 1526 1909 1589 δείξας
1937 1529 1965 1579 6
1995 1528 2171 1596 λόγος,
2204 1529 2342 1598 μάρ-

768 1628 866 1675 τυς
895 1613 1238 1681 ἀναίμακτος
1270 1617 1368 1668 καὶ
1411 1619 1512 1686 τῆς
1541 1617 1824 1681 εὐσεϐείας
1868 1617 2121 1688 λαμπρὸς
2173 1619 2344 1690 ἀθλη-

770 1705 869 1774 τὴς
906 1700 998 1775 ἦν.
1028 1707 1150 1759 Τῶν
1180 1708 1236 1760 δὲ
1269 1708 1466 1762 κοινῶν
1490 1709 1834 1779 πραγμάτων
1857 1709 2047 1780 ὥσπερ
2069 1711 2129 1765 ἐν
2159 1712 2342 1765 κύϐων

773 1799 1037 1864 στροφαῖς
1094 1797 1249 1861 αὖθις
1308 1802 1733 1868 μεταπεσόντων
1800 1803 2116 1871 Ῥωμαίοις,
2175 1822 2342 1875 μετα-

771 1857 933 1955 ϐολῆς
969 1857 1029 1942 τε
1087 1857 1535 1964 προσγενομένης
1581 1895 1698 1963 ἅμα
1733 1898 1798 1965 τῇ
1852 1857 2116 1967 βασιλειαν
2151 1857 2338 1969 καιτῇ
2373 1857 2415 1915 Β

769 1982 924 2048 κοινῇ
973 1980 1296 2054 Ἐκκλησία,
1355 1988 1448 2039 καὶ
1498 1985 1606 2038 τῶν
1662 1987 1870 2055 σφόδρα
1926 1989 2344 2053 σπουδαζόντων

772 2071 916 2141 ὺπέρ
942 2077 1041 2143 τῆς
1079 2075 1394 2146 ἐλευθερίας
1433 2078 1646 2131 ἐκείνου
1693 2079 1886 2145 πόῥρω
1921 2083 2222 2148 γεγονότων
2246 2082 2344 2148 τῆς

771 2166 950 2234 ἀρχῆς
994 2168 1093 2237 ῆδη
1127 2170 1220 2222 καὶ
1266 2169 1362 2238 τῆς
1409 2170 1517 2223 τῶν
1553 2171 1751 2223 κοινῶν
1791 2173 2148 2236 πρυτανείας,
2195 2190 2346 2241 τηνι-

770 2259 949 2311 καῦτα
1000 2259 1153 2329 παρὰ
1203 2263 1384 2325 πάσας
1424 2262 1645 2328 ἐλπίδας
1690 2265 1877 2319 λύεται
1913 2266 2012 2334 τῆς
2059 2267 2346 2333 αίχμαλω-

770 2351 929 2417 σίας,
994 2352 1086 2404 ὅτε
1156 2358 1248 2406 καὶ
1295 2355 1360 2406 τὰ
1424 2357 1532 2408 τῶν
1601 2356 1832 2410 ἐλπίδων
1875 2358 2056 2410 αὐτῶν
2108 2360 2344 2412 εἱσάπαν

770 2444 968 2515 ἐρῤύη,
999 2446 1134 2499 Θεοῦ
1160 2451 1512 2517 κεκινηκότος
1547 2449 1606 2512 ἐξ
1635 2450 1930 2518 ὑπερορίας
1951 2449 2173 2518 δυτικῆς
2211 2451 2342 2520 Τρι-

771 2540 1002 2600 ϐαλλούς
1051 2556 1202 2602 τινας
1238 2541 1270 2609 ἢ
1312 2542 1621 2612 Δαλμάτας,
1667 2543 1867 2612 ἄνδρας
1923 2542 2123 2606 καλοὺς
2170 2547 2343 2610 κάγα-

772 2630 921 2697 θοὺς,
983 2634 1076 2684 καὶ
1116 2632 1258 2701 ὑπὲρ
1309 2632 1369 2684 τὸ
1420 2636 1682 2705 σφέτερον
1726 2634 1907 2686 αὐτῶν
1944 2636 2120 2703 γένος,
2168 2637 2341 2689 οἱκαὶ

771 2725 1057 2795 πόρρωθεν
1088 2727 1263 2789 ὄντες,
1312 2729 1383 2780 τά
1411 2745 1470 2780 τε
1520 2729 1784 2798 χρήματα
1829 2726 2070 2797 δαψιλῶς
2105 2727 2342 2781 κατεϐά-

771 2820 928 2871 λοντο
974 2822 1085 2882 τοῖς
1135 2821 1452 2890 βαρϐάροις,
1494 2823 1586 2874 καὶ
1626 2821 1718 2873 τὸν
1764 2821 1921 2888 ἆγιον
1975 2820 2337 2879 ἀνεσώσαντο,

773 2910 844 2964 ἶν’
874 2913 957 2981 είη
997 2912 1090 2964 καὶ
1117 2912 1275 2964 τοῦτο
1303 2912 1558 2982 καθαρῶς
1584 2912 1694 2965 τῶν
1725 2914 1850 2982 περὶ
1889 2912 2057 2967 αὐτὸν
2083 2912 2178 2966 τοῦ
2203 2912 2340 2965 Θεοῦ

774 3003 1098 3072 θαυμάτων,
1127 3002 1220 3054 τοῦ
1251 3002 1424 3055 πάντα
1457 3005 1596 3056 κατὰ
1624 3004 1687 3057 τὸ
1723 3005 2016 3074 εἱρημένον
2060 3002 2343 3066 ποιοῦντός

779 3112 838 3148 τε
880 3097 974 3148 καὶ
1007 3094 1511 3162 μετασκευάζοντος
1544 3095 1690 3165 μόνῳ
1717 3096 1794 3164 τῷ
1829 3096 2138 3164 βούλεσθαι.

2445 610 2535 684 ἦν,
2567 621 2660 669 καὶ
2686 617 2868 670 πυκνά
2901 619 3037 688 πρὸς
3079 620 3240 673 αὐτὸν
3266 621 3478 691 ἐφοίτα,
3508 623 3602 675 καὶ
3634 623 3740 675 τῶν
3774 625 4019 692 ποτίμων

2444 703 2544 772 τῆς
2571 707 2816 776 γλώττης
2854 708 3021 761 αὐτοῦ
3077 714 3294 780 μετεῖχε
3350 713 3636 782 ῥευμάτων
3686 714 3873 782 ἡδέως.
3908 717 4020 781 Τῆς

2443 796 2498 849 δὲ
2567 797 2892 866 δεσποτικῆς
2943 800 3436 869 Μεταμορφώσεώς
3501 820 3633 856 ποτε
3689 805 4020 873 τελουμένης

2444 887 2651 950 αὐτοῖς,
2692 889 2766 950 ὠς
2797 889 2942 953 ἔθος,
2966 891 3088 944 καθ’
3113 893 3182 961 ἢν
3208 893 3318 961 ἄρα
3346 895 3438 946 καὶ
3469 894 3562 946 τὸν
3592 896 3898 964 Πορφύριον
3923 896 4018 947 καὶ

2445 979 2884 1043 διανυκτερεύειν
2913 983 3011 1036 σὺν
3039 987 3152 1046 τοῖς
3187 985 3393 1048 λοιποῖς
3445 991 3700 1057 μοναχοῖς
3758 989 3887 1050 ἔδει,
3921 991 4016 1039 καὶ

2444 1073 2733 1140 ἱερατικῶς
2783 1074 3260 1143 ἐξυπηρετείσθαι,
3309 1077 3505 1146 ἀθρόον
3544 1078 3702 1146 ὀδύνη
3748 1095 3832 1140 τις
3868 1077 4017 1143 αὐτῷ

2444 1164 2585 1217 κατά
2612 1165 2712 1234 τὴν
2737 1164 3022 1234 εὐώνυμον
3063 1167 3308 1237 πλευρὰν
3354 1170 3760 1238 προσϐαλοῦσα,
3797 1173 3888 1223 καὶ
3917 1171 4016 1233 τῆς

2445 1257 2597 1324 ἱερᾶς
2628 1258 2935 1327 ὑπηρεσίας
2977 1262 3070 1312 καλ
3099 1262 3199 1329 τῆς
3242 1261 3554 1329 ἀγρυπνίας
3602 1262 3759 1330 ὁμοῦ,
3797 1264 3891 1315 καὶ
3918 1263 4018 1328 τῆς

2442 1348 2504 1399 ἐν
2534 1348 2611 1416 τῷ
2637 1349 2751 1416 ναῷ
2777 1350 3017 1412 στάσεως
3049 1352 3254 1402 ἐκεῖνον
3290 1353 3515 1422 ἀπεῖρξε
3547 1369 3560 1382 ·
3602 1354 3799 1420 μᾶλλον
3830 1354 3886 1406 δὲ
3918 1355 4018 1421 τὴν

2446 1440 2548 1508 μὲν
2579 1440 2731 1510 ίεράν
2754 1442 3007 1506 ἀφείλετο
3037 1442 3258 1512 τελετὴν
3281 1446 3375 1498 καὶ
3395 1444 3494 1511 τὴν
3526 1447 3582 1497 ἐν
3612 1445 3688 1513 τῷ
3714 1446 3827 1514 ναῷ
3851 1464 4020 1514 προσ-

2443 1533 2681 1600 εὸρείαν,
2722 1534 2787 1602 τῇ
2829 1533 2876 1584 δ’
2905 1534 3183 1604 ἀγρυπνίᾳ
3232 1536 3328 1587 καὶ
3386 1535 3696 1605 προσέθηκε
3747 1538 4015 1598 πλεῖστον,

2442 1620 2518 1682 ὡς
2551 1623 2683 1689 μηδὲ
2730 1627 3036 1691 συγχωρεῖν
3065 1625 3158 1675 ἐπὶ
3193 1625 3384 1693 κλίνης
3434 1626 3753 1679 ἀνακεῖσθαι
3795 1627 4015 1684 τελείως

2443 1714 2522 1783 τῷ
2553 1713 2770 1784 σφοδρῷ
2815 1718 2910 1769 καὶ
2944 1717 3169 1786 ἀκμαίῳ
3197 1717 3291 1770 τοῦ
3339 1719 3569 1781 πάθους.
3609 1721 3673 1772 Ἥ
3702 1721 3796 1784 νὺξ
3832 1720 4014 1786 ἐκείνη

2445 1805 2671 1877 παρῄει,
2700 1808 2792 1860 καὶ
2824 1807 2891 1861 τὰ
2922 1808 3020 1876 τῆς
3055 1809 3249 1878 ὀδύνης
3276 1811 3550 1863 οὐδοτιοῦν
3583 1813 3814 1864 ἐνεδίδου
3842 1827 3856 1842 ο
3890 1813 4013 1862 ἐπεὶ

2443 1897 2487 1950 δ’
2515 1900 2544 1950 6
2569 1898 2680 1950 τῶν
2723 1899 3040 1968 μυστηρίων
3089 1901 3280 1970 καιρὸς
3321 1901 3583 1970 προσιὼν,
3625 1902 3715 1953 τὸν
3747 1903 4015 1969 ἀρχιερέα

2444 1986 2540 2040 τοῦ
2583 1989 2718 2042 Θεοῦ
2749 1991 2883 2058 πρὸς
2908 1991 3219 2061 ἱερουργίαν
3266 1993 3472 2057 ἐκάλει,
3519 1994 3612 2045 καὶ
3639 1994 3666 2045 6
3705 1993 4014 2061 Πορφύριος

2444 2079 2522 2142 ὡς
2553 2075 2698 2148 εἶχεν
2729 2081 2890 2143 εὐθὺς
2922 2081 3000 2151 τῷ
3027 2082 3119 2134 τοῦ
3158 2085 3411 2151 σεμνείου
3447 2085 3826 2152 παρεπόμενος
3856 2102 4017 2151 προε-

2445 2171 2634 2235 στῶτι,
2693 2173 2769 2233 εἱς
2807 2174 2933 2235 τοὺς
2981 2173 3074 2225 ὐπ’
3109 2175 3316 2226 ἐκεῖνον
3371 2175 3700 2238 ἐπισκόπους
3744 2176 4012 2236 τελοῦντι,

2444 2263 2540 2316 καὶ
2570 2265 2978 2334 συνιερουργεῖν
3023 2265 3488 2336 προσκεκλημένῳ
3518 2267 3787 2334 συνήθως,
3819 2266 3916 2333 τῆς
3951 2282 4010 2315 τε

2451 2356 2720 2425 μυστικῆς
2750 2357 3063 2428 ἱερουργίας
3091 2357 3335 2426 ἐπόπτης
3362 2358 3572 2425 γίνεται
3596 2359 3687 2410 καὶ
3715 2359 4008 2424 ἀκροατὴς.

2445 2446 2614 2509 ἑστὼς
2650 2444 2816 2497 αὐτοῦ
2865 2463 2968 2499 που
3001 2447 3152 2516 παρά
3199 2446 3275 2515 τῷ
3311 2446 3444 2516 ἱερῷ
3491 2447 3878 2515 θυσιαστηρίῳ,
3916 2448 4013 2500 καὶ

2443 2537 2553 2590 τῶν
2600 2539 2877 2606 μυστικῶν
2925 2538 3324 2600 τελεσθέντων,
3382 2538 3664 2605 πρόσεισιν
3717 2535 3878 2599 εὐθὺς
3932 2537 4011 2603 τῷ

2442 2628 2607 2696 ἁγίῳ,
2643 2628 2746 2696 τήν
2777 2645 2836 2679 τε
2871 2626 3168 2689 πιέζουσαν
3195 2627 3471 2696 ὀδυνηρῶς
3507 2626 3868 2694 ἀπαγγέλλων
3889 2626 4011 2678 ὀδύο

2445 2736 2561 2788 νην,
2598 2719 2693 2770 καὶ
2721 2718 2818 2786 τὴν
2868 2717 3161 2786 θεραπείαν
3205 2718 3280 2780 ὠς
3304 2720 3539 2786 τάχιστα
3584 2719 3672 2770 διὰ
3703 2717 3801 2784 τῆς
3844 2715 4008 2768 αὐτοῦ

2447 2811 2631 2878 χειρός
2656 2825 2715 2860 τε
2741 2811 2835 2862 καὶ
2874 2810 2974 2878 τῆς
3015 2810 3178 2879 εὐχῆς
3209 2810 3459 2873 ἐξαιτῶν.
3517 2809 3648 2862 ’0δέ
3681 2809 3871 2878 πρῶτα
3912 2809 4010 2873 μέν

2444 2901 2792 2963 ἀνεϐάλλετο,
2821 2902 2911 2953 καὶ
2935 2901 3035 2971 τὴν
3055 2901 3278 2964 ἀξίωσιν
3306 2901 3549 2962 εὐλαϐῶς
3580 2901 3845 2962 διωθεῖτο,
3878 2900 4009 2968 μηδὲ

2444 2993 2766 3062 δεδυνῆσθαι
2822 2993 3123 3062 διενεργείν
3180 2993 3344 3055 αὐτὸς
3390 2993 3460 3044 τὰ
3513 2991 3739 3045 τοιαῦτα
3795 2991 4006 3056 λέγων,

2447 3084 2582 3152 μηδέ
2615 3084 2873 3146 τοιαύτας
2924 3084 3012 3136 τὸν
3048 3083 3353 3154 Πορφύριον
3385 3083 3528 3151 ἔχειν
3572 3083 3670 3144 τάς
3713 3082 4008 3150 ὑπολήψεις

863 3187 953 3239 Ἕν
991 3186 1047 3238 δὲ
1074 3187 1142 3255 τῇ
1183 3186 1292 3238 τῶν
1334 3186 1540 3238 πόλεων
1577 3186 1813 3255 βασιλίδι
1843 3187 2131 3257 γενόμενος
2161 3185 2339 3250 αὖθις,
2370 3193 2416 3253 C
2446 3175 2576 3242 περὶ
2607 3173 2770 3227 αὑτοῦ
2820 3174 2986 3237 ἀξιῶν
3012 3192 3026 3208 ⁸
3058 3175 3132 3234 ὡς
3170 3175 3215 3228 δ’
3245 3177 3452 3236 ἐκεῖνος
3505 3175 3756 3227 ὲ’πέιιειτθ
3806 3172 4009 3238 μᾶλλον

775 3279 868 3331 τόν
898 3295 957 3330 τε
984 3277 1122 3348 πρὸς
1167 3277 1428 3340 Λατίνους
1462 3279 1590 3347 περὶ
1643 3279 1740 3348 τῆς
1777 3277 1872 3331 τοῦ
1908 3279 2054 3331 θείου
2087 3279 2343 3348 Πνεύμα-

774 3389 870 3434 τος
895 3369 1278 3436 ἐκπορεύσεως
1311 3371 1366 3422 ἐν
1398 3369 1625 3438 βιϐλίοις
1666 3369 1786 3422 δυσὶ
1828 3371 2158 3441 θαυμαστῶς
2199 3371 2342 3424 ἐκδί-

775 3466 912 3515 δωσι
935 3461 1323 3529 λόγονλκαινόν
1339 3479 1459 3514 τινα
1484 3463 1575 3515 καὶ
1596 3463 1694 3514 ὐπε
1706 3464 1867 3533 ρφυᾶ,
1891 3463 1986 3514 καὶ
2007 3456 2118 3514 οἷον
2133 3461 2343 3514 οὐδέπω

777 3554 1045 3623 πρότερον
1077 3554 1216 3621 ὑπὲρ
1264 3552 1374 3604 τῶν
1404 3553 1660 3606 τοιούτων
1693 3556 1726 3622 η
1766 3553 1888 3605 καθ’
1918 3555 2064 3622 ἡμᾶς
2100 3552 2344 3622 ἑώρακεν

790 3643 1089 3711 Ἐκκλησία
1110 3659 1124 3674 ·
1153 3643 1353 3712 μᾶλλον
1372 3641 1441 3707 δ’,
1480 3642 1547 3696 ἵν’
1569 3645 1706 3697 εἴπω
1738 3645 1990 3713 τάληθές,
2013 3645 2115 3710 ἔξω
2144 3644 2345 3706 παντὸς

776 3734 1246 3803 προκαλύμματός
1274 3751 1331 3786 τε
1351 3737 1444 3788 καὶ
1465 3737 1830 3803 προσωπείου,
1862 3731 1973 3787 οἷον
1986 3738 2107 3797 τοὺς
2127 3735 2233 3803 πρὸ
2249 3735 2346 3785 αὐ-

780 3828 876 3880 τοῦ
913 3827 1049 3898 πρὸς
1083 3827 1344 3889 Λατίνους
1383 3827 1519 3895 ὀμοῦ
1559 3829 1768 3889 πάντας
1811 3827 2033 3880 παιδιάν
2065 3826 2344 3890 ἀποδεῖξαι

777 3920 877 3973 καὶ
937 3919 1234 3989 πρόσχημα
1290 3918 1596 3982 διαλέξεως.
1634 3915 1822 3972 Ταῦτά
1864 3935 1924 3970 τε
1977 3918 2157 3970 τοίνυν
2203 3918 2347 3971 οὓτω

781 4011 1115 4078 θαυμαστῶς
1161 4012 1256 4062 καὶ
1312 4010 1482 4075 ἀξίως
1533 4009 1836 4080 ἐξενεγκὼν
1875 4011 2066 4063 ἑαυτοῦ
2117 4013 2210 4064 καὶ
2252 4012 2346 4065 τοῦ

778 4103 1076 4165 λαλοῦντος
1110 4106 1166 4155 ὲν
1188 4103 1337 4171 αὐτῷ
1363 4102 1698 4171 Πνεύματος,
1727 4104 1818 4154 καὶ
1841 4103 1950 4155 τῶν
1970 4103 2182 4155 ὀπαδῶν
2208 4104 2348 4173 Βαρ-

779 4193 930 4262 λαάμ
957 4209 1013 4244 τε
1037 4193 1131 4244 καὶ
1165 4191 1493 4256 Ἀκινδύνου,
1524 4193 1634 4252 τοῖς
1662 4191 1740 4243 ἔτι
1764 4191 2034 4260 περιοῦσι,
2060 4192 2155 4254 τὰς
2189 4194 2348 4261 ἐσχά-

781 4301 883 4346 τας
917 4284 1079 4335 οἱονεὶ
1113 4282 1328 4352 πληγὰς
1358 4281 1629 4344 δεδωκὼς,
1657 4281 1714 4334 ἐν
1742 4299 1799 4334 τε
1835 4283 2012 4351 λόγοις
2043 4284 2137 4337 καὶ
2168 4286 2349 4353 γράμ-

786 4392 918 4440 μασι
971 4374 1064 4425 καὶ
1115 4373 1385 4440 διαλόγοις
1421 4371 1888 4441 αὐτοπροσὼποις,
1944 4374 2036 4425 καλ⁸
2086 4373 2350 4440 βασιλέως

783 4468 951 4518 αὐτοῦ
985 4467 1077 4517 καὶ
1112 4464 1319 4516 πολλῶν
1355 4463 1461 4517 τῶν
1491 4465 1548 4515 ἐν
1573 4463 1716 4516 τέλει
1753 4465 2050 4533 παρόντων,
2077 4465 2152 4527 ὡς
2183 4465 2347 4534 μηδὲν

2444 3266 2541 3333 τὴν
2599 3265 2754 3333 ἱερὰν
2789 3265 3064 3333 ἐπιζητῶν
3115 3268 3213 3334 τῆς
3249 3267 3428 3336 χειρὸς
3477 3265 3688 3317 ἐκείνου
3740 3266 4009 3332 σφραγῖδα

2445 3359 2538 3410 καὶ
2580 3357 2679 3425 τὴν
2735 3359 2922 3426 εὐχὴν,
2953 3362 3020 3428 τῇ
3076 3359 3171 3411 τοῦ
3220 3360 3519 3427 πάσχοντος
3565 3360 3593 3408 ὀ
3643 3358 3815 3423 μέγας
3861 3355 4010 3418 εἴξας

2445 3449 2684 3521 ἀνάγκῃ,
2744 3451 2868 3513 τοὺς
2909 3452 3006 3517 μὲν
3061 3450 3373 3519 ὀφθαλμοὺς
3418 3451 3554 3517 πρὸς
3613 3447 3864 3516 Χριστὸν,
3911 3445 4010 3513 τὴν

2444 3543 2502 3596 δέ
2554 3545 2714 3613 χεῖρα
2759 3547 2825 3614 τῇ
2859 3544 2952 3596 τοῦ
3003 3544 3378 3614 πρεσϐυτέρου
3426 3543 3636 3612 πλευρᾷ
3700 3539 4010 3607 σταυρικῶς

2446 3633 2679 3698 ἐπιθεὶς,
2711 3634 2780 3687 τὰ
2824 3633 2916 3685 τοῦ
2947 3633 3092 3686 θείου
3132 3635 3226 3686 καὶ
3277 3633 3421 3701 ἱεροῦ
3457 3633 3646 3701 μέλους
3681 3630 3889 3681 ἐκείνου
3917 3644 4012 3678 πε-

2450 3727 2702 3797 ριπαθῶς
2751 3727 2947 3791 ἔλεγε·
2996 3744 3015 3776 ε
3080 3725 3509 3795 Σταυρούμενος,
3581 3723 3846 3781 Δέσποτα,
3901 3720 4010 3779 τοῖς

2452 3820 2550 3890 μέν
2581 3820 2730 3886 ἥλοις
2776 3817 2880 3888 τὴν
2922 3818 3062 3886 ἀράν
3093 3818 3191 3887 τὴν
3224 3817 3344 3868 καθ’
3388 3816 3545 3884 ἡμῶν
3594 3813 3900 3882 ἐξήλειψας,
3944 3812 4009 3878 τῇ

2447 3912 2504 3964 δὲ
2532 3911 2702 3981 λόγχῃ
2729 3912 3050 3978 νυττόμενος
3075 3911 3174 3977 τὴν
3203 3909 3467 3977 πλευρὰν,
3516 3907 3690 3973 Ἀδὰμ
3736 3905 3797 3956 τὸ
3831 3905 4011 3972 χειρό·

2449 4017 2663 4068 γραφον
2712 3999 3032 4069 διαρρήξας,
3095 4000 3186 4049 τὸν
3249 3998 3450 4066 κόσμον
3513 3996 3931 4064 ἠλευθέρωσας·
3989 4013 4004 4044 ι

2451 4086 2589 4154 εἶτα,
2624 4092 2719 4145 καὶ
2755 4092 2816 4143 τὸ
2853 4090 2945 4142 τοῦ
2998 4091 3300 4158 κορυφαίου
3338 4089 3446 4141 τῶν
3491 4088 3806 4140 ἀποστόλων
3838 4087 4012 4136 ἐκεῖνο

2450 4184 2587 4251 πρὸς
2639 4184 2729 4237 τὸν
2781 4182 3091 4252 παράλυτον
3127 4179 3396 4246 ἐπειπὼν,
3437 4182 3521 4244 τὸ,
3556 4198 3572 4228 ι
3597 4181 3762 4231 ’ἰᾶταί
3810 4195 3868 4229 σε
3910 4176 4012 4244 Ἰη-

2451 4275 2578 4337 σοῦς
2618 4277 2646 4327 6
2684 4276 2936 4343 Χριστὸς,
2979 4300 2997 4326 ε
3050 4273 3151 4342 τῆς
3196 4274 3398 4340 πικρᾶς
3450 4272 3642 4340 ὀδύνης
3699 4271 3913 4337 ἐκείνης
3948 4270 4010 4320 οὐ

2453 4367 2615 4434 σχολῇ
2651 4366 2748 4418 καὶ
2785 4365 2925 4417 κατὰ
2959 4366 3175 4434 μικρὸν,
3209 4364 3344 4416 ἀλλὰ
3390 4363 3610 4425 τελείως
3648 4361 3807 4422 εὐθὺς
3841 4361 4014 4414 ἀπαλ-

2450 4456 2635 4510 λάττει
2665 4458 2758 4509 τὸν
2813 4458 3088 4526 πάσχοντα
3129 4456 3206 4518 ὡς
3241 4457 3331 4508 καὶ
3385 4455 3521 4523 πρὸς
3575 4455 3674 4522 τὴν
3721 4453 3899 4504 οἰκίαν
3953 4468 4011 4502 τε

781 4555 945 4629 ἦττον
995 4556 1158 4608 αὐτὸν
1194 4554 1340 4624 παρά
1393 4555 1609 4608 πάντων
1647 4554 2026 4623 θαυμασθῆναι
2075 4557 2178 4608 κάν
2220 4556 2344 4607 τού-
2380 4569 2422 4624 υ
2450 4551 2543 4601 καὶ
2572 4550 2633 4601 τὸ
2691 4551 3081 4616 φροντιστήρον
3125 4548 3245 4601 ὅλον
3293 4547 3421 4615 ὑγιᾶ
3461 4562 3518 4598 τε
3569 4546 3662 4598 καὶ
3702 4544 4012 4614 ἐρρωμένον

780 4667 916 4711 τοις,
964 4651 1042 4709 είς
1089 4645 1488 4714 Θεσσαλονίκην
1530 4645 1629 4714 τὴν
1682 4646 1820 4698 ἱδίαν
1871 4646 2202 4716 ὑποστρέφει
2256 4649 2349 4701 καὶ

783 4741 965 4804 αὐθις,
1003 4739 1244 4808 διψῶσαν
1271 4755 1386 4800 πως
1414 4739 1478 4790 ἂν
1507 4737 1680 4797 εῐποις
1699 4737 1886 4790 τοῦτόν
1911 4755 1965 4790 τε
2002 4741 2095 4793 καὶ
2132 4741 2198 4792 τά
2224 4740 2347 4792 τού-

783 4849 901 4893 του,
941 4830 1034 4882 καὶ
1076 4829 1318 4897 σφοδρῶς
1370 4830 1732 4898 ἐκκαιομένην
1760 4829 1837 4898 τῷ
1883 4830 2050 4898 πόθῳ.
2093 4829 2244 4883 Ἐπεὶ
2292 4830 2349 4883 δέ

785 4926 880 4975 καὶ
926 4923 1136 4975 ὑδάτων
1186 4922 1294 4973 τῶν
1343 4921 1548 4974 ἀνωθεν
1599 4921 1869 4992 αἰσθητῶς
1915 4922 2155 4991 διψῶσαν
2200 4923 2351 4975 οὐδὲν

783 5008 948 5083 ἦττον
979 5012 1149 5080 αὐτὴν
1183 5008 1327 5080 εὗρε,
1362 5014 1454 5063 καὶ
1503 5013 1696 5081 αὐχμῷ
1729 5015 2058 5082 τηκομένην,
2105 5012 2222 5065 λύει
2254 5014 2351 5082 μέν

788 5105 926 5172 αὐτῇ
958 5107 1026 5156 τὰ
1056 5105 1154 5172 τῆς
1191 5103 1454 5172 αίσθητῆς
1499 5105 1800 5174 ἀνομϐρίας
1829 5104 2010 5166 εὐθὺς,
2046 5105 2231 5172 εὐχαῖς
2260 5107 2352 5156 καὶ

785 5197 1003 5264 δεήσεσι
1025 5197 1116 5247 τὶν
1139 5197 1477 5263 Δτμιουργὸν
1504 5197 1856 5265 δυσωπήσας,
1884 5196 2091 5260 ποτίζει
2121 5197 2166 5248 δ’
2189 5196 2354 5265 ἀφθό-

788 5304 893 5347 νως
924 5293 1014 5339 καὶ
1042 5289 1131 5339 τὸν
1150 5290 1508 5358 εὐφραίνοντα
1539 5291 1762 5358 καρδίαν
1783 5291 2011 5353 ζωτικὸν
2032 5290 2207 5357 λόγον,
2226 5291 2353 5351 τοὺς

788 5379 1046 5433 ⁶πλεῖστον
1079 5381 1180 5450 ῆδη
1220 5385 1409 5448 χρόνον
1442 5380 1630 5434 τοῦτον
1663 5381 1953 5449 διψῶντας,
1981 5380 2271 5448 θεραπεύει
2300 5381 2354 5433 δέ

797 5473 1044 5539 συνήθως
1079 5474 1174 5524 καὶ
1211 5471 1368 5535 αὖθις
1401 5473 1497 5524 σὺν
1528 5474 1646 5534 ταῖς
1675 5471 1874 5542 ψυχαῖς
1901 5473 1992 5524 καὶ
2031 5473 2098 5526 τὰ
2130 5472 2354 5541 σώματα

792 5562 958 5631 ῥᾴους
988 5563 1155 5614 ποιῶν
1183 5565 1588 5633 ἀμφοτέρωθεν.

867 5655 1112 5725 Μοναχός
1148 5671 1231 5716 τις
1261 5655 1354 5707 καὶ
1384 5657 1492 5726 γὰρ
1521 5656 1618 5727 τὴν
1645 5657 1801 5721 ἀξίαν
1837 5655 2228 5726 πρεσϐύτερος,
2259 5654 2357 5724 τὴν

795 5747 988 5815 κλῆσιν
1025 5748 1348 5816 ΙΙορφύριος,
1387 5749 1465 5819 τῷ
1498 5747 1590 5799 τοῦ
1639 5749 2178 5818 ’Υπομιμνήσκοντος
2223 5749 2358 5798 ἐνοι-

802 5838 915 5892 κῶν
951 5839 1182 5908 σεμνείψ
1240 5837 1332 5889 καὶ
1364 5837 1503 5893 θύων
1528 5841 1582 5892 ἐν
1615 5841 1786 5908 τούτῳ
1826 5841 1889 5892 τὰ
1918 5838 2176 5909 μυστικὰ,
2206 5830 2356 5898 οὗτος

2451 4640 2773 4712 παραδόξως
2799 4640 3134 4695 ἐπανελθεῖν.

2533 4736 2766 4805 Ἡμέραι
2822 4737 2960 4804 μετά
3015 4735 3174 4786 τοῦτο
3227 4733 3506 4802 παρῆλθόν
3539 4749 3714 4794 τινες,
3768 4733 3795 4784 ό
3853 4732 4015 4794 αὐτὶς

2453 4827 2761 4895 Πορφύριος
2811 4825 2985 4893 ἔλεγε,
3038 4826 3135 4877 καὶ
3186 4825 3338 4886 νόσος
3396 4823 3740 4891 ἐπιγίγνεταί
3793 4841 3885 4890 μοι
3937 4823 4017 4891 τῷ

2453 4917 2666 4984 σώματί
2697 4933 2802 4979 τις,
2904 4918 2995 4969 καὶ
3040 4916 3606 4984 προσταλαιπωρήσας
3653 4913 3865 4983 ἡμέρας
3917 4929 4015 4964 συ-

2454 5010 2606 5077 χνὰς,
2653 5009 2740 5060 ὅτε
2775 5011 2869 5060 καὶ
2919 5009 3056 5077 πρὸς
3106 5009 3405 5077 παρακμήν
3456 5024 3515 5059 τε
3553 5008 3645 5060 καὶ
3695 5005 4018 5073 ἀπαλλαγὴν

2453 5099 2656 5166 ταύτης
2691 5100 2918 5153 ἔϐλεπον
2957 5101 3079 5169 ἤδη,
3117 5101 3236 5152 τότε
3271 5100 3336 5168 δὴ
3367 5100 3458 5151 καὶ
3493 5098 3856 5167 σφοδροτάτης
3895 5097 4018 5150 καθ’

2457 5187 2764 5259 ὑπερϐολὴν
2790 5189 2999 5257 ἐκείνης
3027 5189 3307 5257 πειρῶμαι
3337 5204 3351 5219 ο
3377 5189 3436 5239 τὸ
3461 5189 3568 5257 γὰρ
3597 5187 3843 5256 ἐνοχλοῦν
3872 5188 4021 5239 ἀπαν

2456 5280 2558 5348 τῆς
2589 5279 2740 5351 ὕλης,
2789 5279 2976 5348 ῶσπερ
3005 5281 3254 5349 ἐπίτηδες
3284 5280 3478 5350 ἀθρόον
3511 5280 3649 5332 κατά
3677 5279 3773 5332 τοῦ
3817 5279 4020 5348 λάρυγρ

2455 5388 2552 5440 γος
2594 5371 2813 5438 ρεὖσαν,
2843 5372 3042 5424 ὡσανεί
3101 5389 3220 5424 τινα
3251 5372 3472 5424 παιδιὰν
3524 5371 3733 5423 ἐδείκνυ
3780 5373 3847 5423 τα
3882 5370 4018 5438 πρό-

2461 5465 2621 5518 σθεν·
2655 5467 2746 5518 τόν
2778 5482 2834 5518 τε
2867 5465 2974 5534 γὰρ
3027 5463 3257 5531 φυσικὸν
3309 5464 3407 5532 τῆς
3467 5462 3674 5532 τροφῆς
3728 5463 4020 5515 ἀπέκλεισε

2460 5559 2645 5627 πόρον,
2677 5558 2752 5620 ὠς
2785 5558 2916 5626 μηδέ
2945 5555 3134 5617 ὕδατος
3157 5555 3287 5624 γοῦν
3312 5556 3396 5624 ἐφ’
3417 5556 3564 5617 ὅλαις
3594 5555 3825 5625 ἡμέραις
3853 5555 4020 5618 ὀκτὼ,

2462 5649 2596 5717 μηδέ
2631 5649 2804 5719 βραχύ
2835 5649 2969 5701 τιτὸ
3008 5650 3270 5715 παράπαν
3306 5647 3627 5714 προσέσθαι,
3663 5646 3756 5698 καὶ
3788 5647 4024 5714 χαλεπὸν

2459 5748 2550 5798 τὸν
2581 5745 2649 5797 δι’
2677 5744 2912 5811 ἀγχόνης
2944 5742 3157 5809 ἠπείλει
3185 5742 3434 5794 θάνατον.
3478 5739 3629 5791 Ἐπεὶ
3663 5739 3715 5790 δέ
3748 5742 3893 5790 πᾶσα
3925 5740 4024 5807 μὶν

2465 5839 2695 5891 ἐκ.νεῖτο
2734 5837 2864 5906 πρδς
2895 5835 3192 5906 θεραπείαν
3226 5833 3456 5902 ἐπίνοια,
3507 5835 3654 5886 πᾶσα
3685 5832 3727 5886 δ’
3761 5832 4022 5895 ὡσαύτως
