4448 6450
441 392 545 468 63⁸7

1413 398 1830 464 ENCOMIUM
1871 403 2094 464 AUCT.
2125 403 2570 465 PHILOTHEO
2596 403 2706 466 CP.

3596 400 3700 464 638

439 518 621 589 ψυχὴν
651 519 748 572 καὶ
794 518 895 588 τήν
941 517 1162 588 ἐκείνης
1207 520 1488 591 σωτηρίαν
1534 523 1870 586 ἀνεκαλειτο,
1918 529 2014 577 καὶ
2044 527 2088 580 Α
2120 542 2221 578 σαν
2255 525 2326 578 δι’
2360 526 2526 580 αὑτοῦ
2579 523 2825 592 μεγάλην
2881 521 2992 573 τῶν
3040 519 3338 590 θαυμάτων
3386 522 3693 590 ἐνέργειαν,

439 611 746 673 ταλανίζων
772 611 966 664 ἑαυτὸν
991 613 1110 682 άμα
1135 613 1235 682 τῆς
1255 629 1314 665 τε
1343 613 1724 682 παρελθούσης
1751 616 2012 683 ἀμελείας

439 703 534 756 τοῦ
562 703 679 773 βίου
701 705 797 757 καὶ
823 705 934 757 τῶν
959 706 1316 776 σφαλμάτων,
1349 709 1444 761 καὶ
1465 709 1548 762 ὅτι
1576 709 1710 780 μηδι
1741 710 2010 764 τελευτῶν

442 795 556 863 ιχει
585 800 676 848 τὸν
722 796 1091 864 συναλγοῦντα
1127 799 1224 850 καὶ
1255 799 1706 869 συμπονούμενον
1736 804 1866 869 περί
1914 803 2012 871 τὴν

439 887 673 954 δυνατὴν
716 889 855 950 τέως
884 890 983 967 τῆς
1019 889 1202 960 ψυχῆς
1238 891 1576 962 θεραπείανο
1619 889 1735 944 εἶτα
1786 893 1879 946 καὶ
1915 892 2010 946 τοῦ

445 981 687 1048 μεγάλου
744 980 1008 1049 μνησθεὶς
1041 983 1134 1034 ἐπὶ
1178 984 1412 1047 τούτοις,
1444 984 1540 1035 καὶ
1581 985 1680 1052 τῆς
1727 984 2012 1053 ἁγιότητος

441 1073 538 1127 καὶ
573 1077 674 1143 τῆς
706 1075 950 1143 μεγάλης
982 1077 1355 1144 ποιμαντικῆς
1389 1077 1486 1130 καὶ
1515 1078 1838 1140 ἐπιστασίας
1870 1079 2008 1131 ἐκεί.

442 1183 534 1218 νου
556 1181 569 1194 ·
600 1159 669 1235 ἦν
711 1165 821 1236 γάρ
869 1168 963 1220 καὶ
999 1167 1110 1219 τῶν
1143 1167 1443 1238 γνωρίμων
1492 1183 1552 1220 τε
1591 1169 1687 1221 καὶ
1728 1169 1972 1237 συνήθων
1995 1185 2008 1198 ’

443 1259 538 1310 καὶ
563 1258 646 1309 ὅτι
671 1258 808 1327 μηδέ
850 1259 950 1327 τὴν
985 1259 1304 1312 τελευταίαν
1351 1258 1487 1328 πρὸς
1513 1258 1647 1312 Θεὸν
1686 1258 2010 1327 ἐκδημοῦντι

441 1351 520 1421 τῷ
550 1351 804 1420 μακαρίῳ
833 1352 1051 1422 παρῆνο
1080 1349 1118 1424 ἦ
1162 1353 1271 1421 γὰρ
1308 1353 1395 1418 ἂν,
1443 1353 1601 1421 φησι,
1637 1352 1734 1406 καὶ
1761 1351 1870 1405 τῶν
1922 1351 2011 1417 ἐξ·

443 1444 600 1496 οδίων
649 1443 812 1498 αὑτοῦ
850 1445 1116 1514 ῥημάτων
1149 1446 1243 1498 καὶ
1285 1445 1395 1498 τῶν
1445 1443 1606 1516 ιερῶν
1648 1445 1823 1514 εὐχῶν
1854 1461 2014 1514 μετα-

445 1535 589 1605 σχὼν
638 1536 784 1601 τότε,
832 1537 1038 1599 ταύτας
1095 1537 1218 1591 ἀντὶ
1276 1536 1646 1606 φυλακτηρίου
1683 1535 1882 1595 παντὸς
1917 1537 2013 1590 καὶ

443 1627 794 1696 ἀμυντηρίων
816 1627 999 1681 ὅπλων
1027 1629 1148 1680 νυνὶ
1173 1629 1543 1698 προῖστάμην.
1581 1626 1751 1681 Ταῦτ’
1769 1628 2013 1682 ἐπειπὼν

443 1719 472 1770 6
510 1718 923 1788 πρεσϐύτερος,
975 1719 1074 1772 καὶ
1123 1719 1314 1772 ἐαυτὸν
1361 1715 1472 1772 οἷον
1520 1719 2012 1788 ἀποκλαυσάμενος

448 1810 588 1877 ὑπὲρ
647 1809 878 1872 τούτων,
941 1810 1002 1863 τὸ
1057 1809 1370 1864 τελευταῖον
1425 1810 1721 1879 κατάγεται
1782 1811 1879 1866 καὶ
1932 1813 2013 1874 εἰς

2120 621 2214 675 καὶ
2250 619 2334 674 δτι
2372 619 2448 689 τῷ
2483 620 2694 672 ἐκείνου
2734 617 2919 671 πολλοὶ
2967 619 3283 686 προσιόντες
3319 615 3494 682 τάφῳ.
3536 618 3695 682 χαλε-

2120 729 2240 764 πων
2293 711 2754 779 ἀρρωστημάτων
2805 709 2898 762 καὶ
2958 709 3187 778 χρονίων
3259 705 3450 760 παθῶν
3494 705 3693 774 ἀθρόον

2118 799 2363 863 ἐξάντεις
2404 801 2664 869 ὁρῶνται,
2715 799 2812 852 καὶ
2845 801 2873 850 6
2923 799 3148 867 πάσχων
3197 799 3255 849 ἐν
3299 797 3548 865 αἰσθήσει
3583 795 3693 849 τῶν

2115 888 2465 959 λαλουμένων
2525 891 2723 943 αὐτίκα
2785 890 3098 958 γενόμενος,
3157 892 3252 942 καὶ
3311 890 3542 956 δάκρυσι
3597 890 3690 941 καὶ

2119 981 2361 1049 ῥήμασιν
2405 979 2660 1041 ἐλεεινοῖς
2693 980 2784 1032 τὸν
2816 981 2974 1046 ἆγιον
3011 982 3092 1042 εἰς
3120 980 3305 1033 οῖκτον
3345 979 3652 1044 ἐξεκαλεῖτο
3672 996 3686 1010 ·

2131 1070 2381 1140 Ἰσχύεις,
2438 1072 2694 1139 ἄνθρωπε
2743 1070 2837 1124 τοῦ
2889 1071 3049 1133 Θεοῦ,
3099 1071 3292 1138 λέγων,
3329 1071 3423 1124 άτε
3477 1070 3540 1140 δή
3597 1072 3687 1123 καὶ

2116 1163 2357 1229 Χριστοῦ
2395 1164 2640 1233 μιμητὴς
2680 1165 3100 1234 άκριδέστατος,
3135 1164 3182 1216 εἰ
3212 1165 3306 1217 καὶ
3339 1163 3413 1232 μὴ
3454 1163 3689 1232 πάρειμι

2117 1254 2212 1306 καὶ
2258 1254 2389 1308 αὐτὸ
2419 1253 2514 1306 νῦν
2563 1254 2705 1308 κατά
2750 1257 2876 1318 τοὺς
2919 1256 3115 1318 ἄλλους
3145 1256 3223 1325 τῷ
3259 1253 3335 1325 σῷ
3383 1256 3558 1324 τάφῳ,
3595 1257 3689 1307 καὶ

2116 1347 2216 1415 τῆς
2246 1347 2405 1400 νόσου
2439 1347 2533 1400 καὶ
2563 1348 2660 1416 τῆς
2703 1347 2852 1417 ῶρας
2900 1350 3215 1417 εἰργούσης,
3259 1348 3355 1402 καὶ
3386 1349 3688 1417 ἐπισκέψα-

2119 1437 2243 1490 σθαι
2276 1438 2368 1490 καὶ
2402 1436 2741 1508 θεραπεῦσαι
2772 1439 2867 1490 καὶ
2912 1440 3012 1507 τῆς
3053 1441 3257 1508 πικρᾶς
3285 1438 3479 1506 ὀδύνης
3514 1439 3690 1492 ἀπαλ-

2117 1527 2276 1593 λάξαι
2314 1528 2408 1580 καὶ
2436 1528 2532 1580 τοῦ
2579 1530 3035 1599 προσδοκωμένου
3069 1531 3322 1584 θανάτου.
3375 1529 3561 1583 Ταῦτα
3595 1531 3692 1584 καὶ

2117 1618 2438 1671 τὰτοιαῦτα
2485 1618 2694 1686 μεταξὺ
2739 1620 2935 1688 λέγων,
2971 1621 3050 1682 εἰς
3096 1620 3265 1674 ὕπνον
3317 1622 3555 1692 ἐτράπη,
3594 1622 3691 1674 καὶ

2118 1709 2420 1780 Γρηγόριος
2477 1711 2637 1774 εὐθὺς
2668 1714 2695 1764 6
2739 1714 2917 1781 μέγας
2949 1713 3134 1782 παρῆν
3183 1715 3242 1766 ἐν
3282 1717 3524 1783 σχήματι
3555 1731 3690 1783 πρε-

2120 1803 2379 1872 σϐυτέρου
2412 1804 2506 1856 καὶ
2536 1804 2773 1874 μοναχοῦ
2801 1823 2945 1868 τινος
2974 1805 3084 1858 τῶν
3113 1807 3351 1867 οἰκείων,
3375 1805 3688 1874 ὁμωνύμως

449 1871 636 1962 ὕπνον,
672 1899 816 1953 καὶό
864 1898 1032 1977 ὕπνος
1078 1898 1202 1968 δψιν
1259 1899 1424 1960 εὐθὺς
1483 1871 1733 1970 ἐπιφέρει
1777 1871 2007 1952 τοιάνδε.
2041 1871 2086 1927 Β
2112 1896 2315 1967 δηλαδὴ
2367 1871 2806 1966 Γρηγορίουηκαλ.
2851 1899 3019 1950 αὑτοῦ
3061 1871 3422 1967 καλουμένου,
3463 1871 3689 1952 καὶτῶν

456 1989 735 2052 Ἑδόκουν,
763 1992 922 2057 φησὶ,
948 1989 1090 2042 κατά
1114 1989 1206 2042 τὸν
1234 1987 1327 2042 τοῦ
1358 1988 1674 2057 θαυμαστοῦ
1693 1989 2008 2059 Δημητρίου

443 2079 602 2142 νεὼν,
639 2079 786 2131 ινδον
824 2077 1072 2149 έστηκὼς
1113 2079 1223 2131 τῶν
1273 2078 1508 2142 ἀδύτων,
1541 2079 1635 2132 τδν
1683 2078 1859 2146 μέγαν
1894 2077 2012 2147 βλέ-

445 2185 569 2221 πειν
619 2168 907 2238 ἀρχιερέα,
941 2170 1010 2237 τῇ
1042 2167 1166 2238 θείᾳ
1196 2174 1270 2220 ’τε
1318 2171 1706 2238 παρεστηκότα
1737 2169 2007 2238 τραπέζῃ,

444 2259 541 2312 καὶ
575 2259 822 2328 συνήθως
859 2257 1250 2328 ίερουργοῦντα
1299 2261 1366 2313 τά
1420 2261 1691 2329 μυστικά·
1741 2253 1786 2327 ᾧ
1827 2259 2010 2330 δήκαὶ

448 2359 776 2421 προσπεσὼν
807 2351 974 2422 εὐχῆς
1002 2352 1156 2422 ἰερᾶς
1175 2351 1475 2422 ἀξιωθῆναι
1505 2355 1634 2422 παρ’
1662 2352 1828 2406 αὐτοῦ
1854 2367 2011 2422 περι-

447 2444 636 2507 παθῶς
687 2443 1009 2514 ἐπεζήτουν.
1060 2444 1120 2498 Ὀ
1148 2445 1205 2499 δὲ
1235 2445 1431 2514 πρῶτα
1479 2446 1576 2513 μὶν
1606 2446 1716 2498 οὐδ⁹
1743 2446 2012 2515 ἐπεστρά-

445 2537 576 2604 φθαι
601 2537 741 2606 πρδς
779 2537 878 2607 τὴν
925 2537 1143 2606 αίτησιν
1174 2537 1313 2600 ὅλως
1351 2537 1547 2604 ἐδόκει,
1594 2536 1733 2590 ἀλλά
1770 2537 1880 2590 τῶν
1916 2554 2010 2607 μυ·

444 2627 683 2697 στηρίων
721 2626 921 2696 μᾶλλον
951 2628 1047 2679 καὶ
1080 2627 1178 2696 τῆς
1229 2627 1384 2696 ἱερᾶς
1425 2626 1761 2697 ἐξηρτῆσθαι
1794 2627 2010 2698 τραπέ-

442 2719 543 2787 ζης
602 2718 879 2781 κάκείνοις
933 2719 1226 2789 προσέχειν
1275 2717 1369 2771 τὸν
1424 2718 1580 2771 νοῦν*
1637 2719 1832 2788 μικρὸν
1855 2718 1925 2771 δέ’
1957 2735 2009 2772 τι

440 2813 724 2876 διαλιπὼν,
755 2814 1073 2882 ἐπιστρέφει
1122 2813 1259 2881 πρός
1297 2829 1387 2883 με,
1445 2812 1542 2866 καὶ
1582 2813 1660 2883 τῷ
1708 2814 2010 2885 ἐπισκηνίῳ

443 2906 542 2973 τήν
572 2904 754 2968 δεξιάν
782 2903 1012 2966 ἐπιθεὶς,
1046 2903 1173 2957 ινθα
1205 2901 1272 2973 δὴ
1302 2903 1394 2958 καὶ
1423 2903 1484 2957 τό
1525 2905 1635 2958 πᾶν
1659 2905 1836 2959 ἐδόκει
1884 2905 2008 2959 τότε

443 2997 774 3067 συνδραμεῖν
801 2996 899 3066 τῆς
921 2997 1140 3066 ὀδύνης,
1176 2995 1270 3050 τὸν
1293 2995 1388 3049 τοῦ
1413 2996 1556 3050 θείου
1580 2996 1818 3066 σταυροῦ
1839 2996 2010 3049 τύπον

440 3089 770 3158 ἐγχαράττει
808 3105 897 3155 μοι
934 3089 1047 3151 τοῖς
1074 3088 1362 3151 δακτύλοις
1381 3104 1397 3120 ·
1434 3090 1544 3142 τῶν
1571 3089 1617 3142 δ’
1648 3089 1811 3153 εὐθὺς
1830 3089 2010 3143 ἔλαιόν

2112 1991 2383 2044 συνόντων
2411 1989 2565 2060 αύτῷ
2591 1990 2756 2044 πάλαι
2791 1992 3024 2059 μοναιχόν
3055 2008 3113 2045 τε
3170 1992 3264 2045 καὶ
3313 1993 3561 2046 διάκονον
3589 1992 3685 2044 ινα

2110 2083 2234 2137 τινά
2269 2082 2656 2150 παρεπόμενον
2687 2083 2826 2151 ἔχων
2847 2099 2861 2114 ο
2894 2082 2944 2136 οἳ
2970 2083 3031 2152 δὴ
3064 2084 3158 2137 καὶ
3192 2084 3361 2153 αύτῷ,
3395 2085 3559 2154 φημὶ,
3608 2085 3700 2151 τῷ,

2111 2174 2377 2243 πάσχοντι
2436 2173 2689 2242 συνήθεις
2749 2173 3047 2243 ἐτύγχανον
3097 2175 3272 2237 ὀντες.
3330 2175 3437 2228 Τοῦ
3500 2176 3684 2229 τοίνυν

2110 2265 2414 2334 Γρηγορίου
2443 2264 2672 2333 φιλικῶς
2709 2266 2874 2316 αὐτὸν
2898 2264 3178 2332 ἐρομένου,
3223 2267 3265 2318 Τ
3273 2267 3288 2317 ί
3322 2283 3451 2318 ποτε
3484 2267 3593 2335 ἄρα
3620 2267 3683 2320 τὸ

2112 2355 2354 2421 λυποῦν,
2405 2357 2501 2409 καὶ
2544 2356 2627 2416 τίς
2662 2358 2697 2426 ή
2737 2356 2830 2408 τοῦ
2877 2356 3105 2425 θορύϐου
3159 2358 3255 2409 καὶ
3305 2358 3402 2428 τῆς
3449 2357 3678 2426 τοσῆσδε

2110 2448 2356 2518 ταραχῆς
2404 2447 2501 2500 καὶ
2559 2449 2656 2516 τῆς
2703 2447 2950 2516 ἀνάγκης
3001 2448 3181 2511 αἰτίας
3218 2449 3331 2518 Ούχ
3391 2451 3522 2520 ὁρᾷς
3578 2468 3673 2518 με,

2111 2540 2278 2608 φησιν
2303 2541 2334 2591 ὀ
2359 2541 2606 2608 πάσχων,
2635 2539 2794 2610 ὀδύνῃ
2823 2539 3178 2608 συνεχόμενον
3216 2542 3557 2612 πικροτάτης
3589 2542 3683 2595 καὶ

2109 2632 2213 2702 τῆς
2250 2633 2350 2701 μὶν
2381 2633 2531 2700 ζωῆς
2560 2633 2967 2703 ἀφαιρούμενον
2997 2635 3102 2688 ὑπὸ
3131 2634 3334 2704 ταύτης
3367 2636 3585 2704 ἀθρόον,
3615 2636 3684 2688 τά

2109 2722 2166 2775 δέ
2231 2722 2503 2790 φίλτατα,
2570 2722 2704 2792 φεῦί
2787 2723 2972 2793 ἔρημα
3037 2724 3442 2780 καταλείποντα
3497 2729 3681 2794 πάσης

2109 2813 2433 2882 ἡστινοσοῦν
2490 2815 2855 2883 προστασίαςς
2900 2817 3060 2869 Ἀλλά
3116 2818 3191 2886 μὴ
3248 2818 3434 2882 δέδιθι,
3487 2822 3680 2887 φησιν,

2109 2898 2154 2958 ὦ
2177 2896 2349 2968 οὗτος,
2375 2907 2442 2957 τά
2463 2905 2685 2958 τοιαῦτα
2717 2907 2777 2957 τό
2811 2924 2871 2970 γε
2929 2906 3023 2958 νῦν
3069 2901 3208 2959 εἶναι
3231 2908 3396 2974 ’,ἔξει
3443 2911 3540 2963 καὶ
3570 2909 3681 2979 γάρ

2111 3011 2193 3048 σοι
2220 2996 2400 3058 καλῶς
2434 2997 2528 3047 καὶ
2560 2996 2682 3049 κατ’
2713 2997 2878 3064 εὐχὴν
2909 2999 3046 3066 μετά
3090 2999 3289 3067 μικρὸν
3330 3000 3531 3060 πάντα,
3563 3005 3679 3064 τοῖς

2110 3085 2476 3154 ὀδυνωμένοις
2529 3087 2736 3155 μορίοις
2791 3088 2884 3140 τοῦ
2944 3089 3208 3157 παρόντος
3259 3090 3677 3160 ἐπιϐληθέντος,

440 3196 495 3231 τι
530 3180 732 3242 καινῶς
762 3180 982 3249 ἐκρυέν,
1034 3180 1099 3232 τά
1136 3180 1403 3248 πρόσωπα
1447 3181 1763 3249 καταχρίειν
1810 3180 2005 3234 ἐδόκει.
2039 3200 2082 3259 c
2115 3175 2256 3241 εἰπε,
2294 3178 2388 3231 καὶ
2423 3179 2618 3247 τμῆμά
2657 3196 2705 3230 τι
2747 3179 2845 3246 τῆς
2878 3179 3024 3248 αύτῴ
3067 3182 3235 3234 πάλαι
3263 3183 3680 3252 καινουργηθεί-

443 3272 552 3324 ιὶαὶ
587 3272 760 3324 ταῦτα
786 3272 885 3341 μιν
915 3273 943 3324 6
964 3289 1023 3324 τε
1072 3270 1259 3336 ὕπνος,
1306 3274 1399 3325 καὶ
1425 3274 1457 3340 ή
1494 3273 1612 3342 ἰερά
1649 3273 1769 3340 ὀψις
1803 3273 2007 3341 ἐκείνη.

471 3363 513 3413 0
559 3361 604 3412 δ’
637 3362 840 3423 εὐθέως
874 3362 1192 3426 ἐξαναστάς,
1232 3362 1324 3416 καὶ
1367 3361 1461 3415 τοῦ
1497 3362 1728 3418 θανάτου
1775 3363 1868 3414 καὶ
1910 3364 2009 3430 τῆς

441 3451 634 3518 ὀδύνης
687 3452 784 3504 καὶ
837 3452 946 3506 τῶν
1007 3453 1266 3523 λυπηρῶν
1327 3454 1554 3506 ἐκείνοιν
1613 3453 1752 3522 ὀμοῦ
1792 3454 2008 3506 πάντων

444 3543 642 3612 ἀθρόον
691 3545 786 3597 καὶ
836 3544 978 3614 ὺπέρ
1037 3545 1219 3608 πάσας
1272 3545 1492 3606 ἐλπίδας
1540 3546 1894 3613 ἀπαλλαγεὶς,
1931 3545 2008 3608 ὡς

446 3627 578 3703 μηδέ
619 3635 763 3702 ῖχνος
791 3633 1015 3687 ἐκείνων
1047 3635 1333 3704 μηδοτιοῦν
1363 3636 1724 3704 ἐλλελεῖφθαι,
1757 3637 1877 3706 Θεῷ
1903 3639 2002 3689 καὶ

442 3723 518 3789 τῷ
543 3723 753 3776 ἐκείνου
777 3722 1072 3800 θεράποντι
1101 3726 1346 3796 μεγάλας
1367 3728 1706 3798 ἀνωμολόγει
1726 3729 1824 3792 τάς
1847 3729 2007 3799 χάρι-

441 3837 560 3878 τας.

517 3909 710 3973 ’Δλλος
756 3925 841 3971 τις
896 3910 1005 3962 τῶν
1057 3911 1158 3979 τῆς
1214 3911 1424 3976 πόλεως
1454 3914 1754 3985 οἰκητόρων
1791 3916 1852 3969 οὐ
1897 3917 2008 3970 τῶν

440 4001 691 4067 ἀσήμων,
741 3999 879 4052 ἀλλά
915 4001 1007 4053 καὶ
1053 4001 1164 4053 τῶν
1221 4003 1565 4074 εὐπατριδῶν
1587 4023 1646 4057 τε
1687 4009 1780 4061 καὶ
1813 4009 2005 4075 ἐπισή-

445 4109 560 4158 μων
611 4091 686 4152 ὡς
727 4092 986 4158 μάλιστα.
1022 4095 1241 4159 γυναικί
1289 4112 1348 4147 τε
1389 4099 1482 4150 καὶ
1533 4096 1748 4157 τέκνοις
1806 4097 2003 4165 συζῶν,

441 4183 534 4233 καὶ
563 4181 742 4242 οἰκίας
765 4180 1220 4249 ἐπιμελούμενος,
1242 4182 1401 4255 ὀδύνῃ
1433 4186 1621 4256 χρονίᾳ
1651 4185 1877 4255 κάτοχος
1901 4182 1968 4256 ἦν
1986 4203 2002 4218 ·

441 4274 680 4339 κωλικήν
704 4291 834 4340 φασι
858 4274 1061 4343 ταύτην
1093 4276 1294 4346 ἰατρῶν
1321 4279 1529 4341 παῖδες.
1565 4279 1710 4347 Αὕτη
1733 4281 1810 4347 τῷ
1832 4281 2006 4350 χρόνῳ

441 4363 862 4430 συναυξηθεῖσα,
915 4364 1160 4433 μεθόδοις
1201 4368 1470 4436 ἰατρικαῖς
1512 4371 1608 4422 καὶ
1637 4372 2004 4440 φαρμακείαις

436 4455 620 4507 ούκέτι
667 4455 728 4505 τὸ
750 4456 1012 4524 παράπαν
1049 4457 1264 4521 ὑπεῖκε,
1299 4459 1444 4512 καθά
1469 4459 1542 4530 ’δή
1593 4463 1687 4514 καὶ
1729 4462 1999 4531 πρόσθενο

2115 3289 2213 3341 σης
2265 3273 2417 3337 ίερᾶς
2476 3272 2690 3338 στολῆς,
2745 3267 2889 3344 ᾗπερ
2927 3273 3084 3341 ἔφην,
3133 3274 3227 3326 τοῦ
3281 3275 3481 3327 κόλπου
3517 3276 3678 3341 δόξας

2111 3365 2434 3431 ἐξενεγκεῖν,
2467 3367 2717 3430 σταυροῖς
2750 3365 2909 3418 ἐννέα
2945 3368 3166 3435 χρυσοῖς
3209 3368 3674 3437 ἐντετυπωμένον,

2109 3455 2388 3524 ἐπιτίθησι
2419 3455 2496 3524 τῷ
2527 3455 2790 3525 πάσχοντι
2839 3457 3032 3524 μέρει·
3068 3461 3096 3510 6
3143 3459 3189 3511 δ’
3237 3462 3343 3528 ἄρα
3368 3462 3617 3522 διάκονος
3646 3465 3674 3515 6

2109 3546 2489 3616 παρεπόμενος
2516 3547 2709 3616 τούτῳ,
2743 3548 2976 3615 σταυρὸν
3021 3550 3113 3602 καὶ
3159 3551 3322 3610 αὐτὸς
3364 3552 3470 3603 ἀπὸ
3503 3551 3675 3619 κηροῦ

2107 3638 2267 3705 δόξας
2315 3641 2521 3709 φέρειν,
2563 3641 2676 3703 τοῖς
2725 3639 2818 3691 τοῦ
2869 3642 3168 3710 πάσχοντος
3217 3644 3526 3707 ἐπιτίθησιν
3555 3647 3679 3697 ὀπι-

2111 3729 2306 3795 σθίοις,
2341 3729 2419 3798 τῷ
2441 3729 2824 3800 ύπερκειμένῳ
2847 3731 2946 3798 τῆς
2971 3732 3132 3800 ἔδρας
3157 3733 3298 3801 ὀστῷ
3334 3733 3674 3801 προσφύσας,

2111 3821 2255 3890 ἱερὸν
2293 3821 2451 3875 τοῦτό
2483 3839 2646 3890 φασιν
2679 3823 2879 3891 ἰατρῶν
2916 3825 3128 3886 παῖδες.
3181 3826 3286 3876 Καὶ
3324 3827 3351 3876 6
3391 3825 3491 3894 μὲν
3523 3825 3678 3878 ταῦθ’

2106 3912 2250 3967 οὕτω
2280 3912 2604 3982 θαυμαστῶς
2634 3913 2934 3981 ἐνεργήσας
2971 3913 3250 3983 Πνεύματι
3281 3915 3408 3979 θείῳ
3440 3917 3532 3968 τοῦ
3566 3919 3676 3968 πάι

2108 4016 2327 4068 σχοντος
2361 4001 2420 4062 ἐξ
2463 3999 2760 4067 ὀφθαλμῶν
2814 3996 2916 4068 ἦν·
2957 4003 2985 4052 ὀ
3022 4001 3069 4053 δ’
3100 4004 3320 4065 αὐτίκα,
3355 4004 3460 4056 τῶν
3493 4005 3677 4058 ὕπνων

2106 4088 2269 4140 αὐτὸν
2312 4089 2646 4149 ύπανέντων,
2700 4087 2948 4142 νύττεται
2988 4090 3084 4160 τὴν
3123 4093 3387 4162 γαστέρα,
3431 4094 3526 4146 καὶ
3578 4097 3674 4161 τῆς

2105 4178 2388 4231 νοσοποιοῦ
2423 4173 2754 4248 θαυμαστῶς
2777 4182 3106 4251 κενωθείσης
3141 4183 3293 4251 ῦλης,
3329 4185 3404 4247 ὡς
3429 4188 3521 4238 καὶ
3550 4189 3674 4247 τοὺς

2105 4268 2374 4338 παρόντας
2407 4271 2811 4340 καταπλήττειν
2845 4273 3051 4334 πάντας
3079 4277 3144 4343 τῇ
3174 4275 3388 4344 θέᾳ,·τό
3409 4293 3467 4327 τε
3503 4277 3673 4337 πάθος

2103 4358 2268 4422 εὐθὺς
2294 4359 2643 4429 δραπετεύει,
2685 4363 2775 4414 καὶ
2822 4364 2849 4414 6
2898 4365 3125 4431 πάτχων
3171 4365 3454 4435 ἐλεύθερος
3491 4367 3550 4418 ού
3579 4366 3670 4418 τοῦ

2107 4449 2568 4518 προσδοκηθέντος
2631 4455 2792 4520 μόνον
2843 4454 3073 4507 θανάτου
3131 4459 3223 4508 καὶ
3289 4459 3385 4526 τῆς
3451 4460 3670 4527 χρονίας

437 4548 552 4599 ἀλλ’
587 4545 850 4615 ἠλέγχετο
894 4547 1054 4600 πάνθ’
1107 4550 1243 4618 δμοῦ
1277 4549 1356 4619 τῷ
1396 4551 1607 4621 σφοδρῷ
1642 4553 1740 4621 τῆς
1781 4530 1998 4623 δδύνης,
2025 4530 2078 4591 Ῐ)
2103 4539 2318 4608 ἐκείνης
2345 4541 2540 4609 ὀδύνης
2567 4543 2838 4608 καθάπαξ,
2866 4546 3000 4597 άλλά
3045 4547 3138 4598 καὶ
3165 4547 3425 4617 εύσθενής
3456 4567 3535 4610 τις
3574 4553 3668 4602 καὶ

436 4637 544 4690 τῶν
575 4636 817 4705 φυσικῶν
875 4639 1270 4709 ἐμφραγέντων
1334 4644 1522 4712 πόρων
1569 4645 1848 4713 καθάπαξ,
1909 4649 2005 4701 καὶ

436 4730 549 4789 τοῖς
588 4727 967 4797 περιττώμασι
996 4730 1095 4797 τῆς
1122 4733 1359 4802 γαστρὸς
1387 4735 1627 4806 μηδεμιᾷ
1655 4753 1765 4791 τινι
1789 4740 2002 4810 μηχανῇ

435 4820 533 4888 τήν
557 4820 737 4884 ἔξοδον
773 4823 1224 4891 συγχωρούντων.
1261 4825 1338 4887 ὡς
1368 4828 1464 4880 καὶ
1501 4829 1609 4880 τῶν
1652 4831 1853 4896 ἰατρῶν
1876 4835 2005 4897 τοὺς

434 4909 692 4976 δοκίμους
727 4909 847 4961 τότε
878 4912 1153 4978 παρόντας
1182 4911 1315 4984 ῦλην
1343 4915 1463 4969 τινὰ
1497 4919 1776 4988 μοχθηρὰν
1823 4920 2002 4986 λέγειν

436 5003 516 5062 εἰς
558 4999 757 5068 ἑαυτὴν
793 5003 1102 5063 συστᾶσαν,
1157 5006 1252 5056 καὶ
1306 5011 1688 5075 συμπαγεῖσαν
1741 5013 1820 5074 εἰς
1853 5013 2000 5066 λίθου

439 5090 766 5157 μεταϐαλεῖν
820 5092 1005 5158 φύσιν,
1048 5094 1300 5148 κάκεῖνον
1353 5099 1443 5150 τὸν
1499 5100 1598 5167 τῆς
1633 5103 1865 5170 φυσικῆς
1913 5109 2001 5156 ἐκ·

436 5181 667 5248 κρίσεως
714 5181 1086 5250 ἀποφράττειν
1143 5186 1334 5254 πόρον.
1367 5189 1539 5260 Ἐκτη
1603 5193 1704 5257 μὲν
1752 5189 1847 5246 οὖν
1899 5195 1997 5266 ήδη

435 5271 634 5339 παρῄει
666 5272 856 5342 τάνδρὶ
887 5273 1082 5336 δεινῶς
1116 5275 1220 5328 ὑπὸ
1249 5278 1348 5347 τῆς
1392 5280 1586 5350 ὀδύνης
1621 5284 2000 5354 στροϐουμένῳ

432 5364 500 5413 τα
531 5364 697 5427 ἔιδον,
729 5367 822 5418 καὶ
853 5367 983 5418 αὑτό
1017 5383 1080 5434 γε
1110 5370 1171 5420 τδ
1214 5369 1315 5439 ζῇν
1355 5373 1490 5440 προς
1513 5374 1758 5443 ἑσπέραν
1794 5377 1997 5448 ταύτης

437 5457 854 5523 ἀπαγορεύοντι.
888 5459 1009 5510 Τῶν
1038 5461 1094 5512 δέ
1128 5463 1512 5530 προσηκόντων
1552 5469 1672 5518 καθ’
1701 5465 1862 5537 αἷμα,
1906 5473 1998 5524 καὶ

431 5546 540 5596 τῶν
571 5547 745 5607 ἄλλως
793 5548 915 5601 καθ’
945 5551 1221 5621 ἑταιρείαν
1267 5555 1486 5607 οἰκείων
1515 5573 1573 5608 τε
1612 5560 1706 5611 καὶ
1742 5561 1995 5632 συνήθων

433 5635 917 5704 παρακαθημένων
952 5655 1011 5690 τε
1056 5641 1150 5693 καὶ
1187 5642 1636 5712 συμπασχόντων,
1668 5645 1744 5707 ὡς
1770 5646 1910 5710 ἔθος,
1938 5651 1995 5701 ἐν

427 5727 539 5783 τοίς
563 5726 843 5790 τοιούτοις,
898 5727 1114 5780 καὶτὸν
1154 5728 1298 5782 θεῖον
1342 5733 1401 5782 ἐν
1449 5733 1659 5798 τούτοις
1702 5737 1782 5799 εἰς
1831 5739 1994 5806 μέσον

429 5815 496 5884 ιέ
523 5817 728 5884 ἶγὸριον
757 5819 1146 5889 παρηχούντων
1178 5821 1256 5892 τῷ
1286 5822 1446 5894 λόγῳ,
1483 5825 1574 5879 καὶ
1605 5826 1706 5897 τὴν
1737 5830 1991 5899 ἐνεργοῦ·-

2109 4634 2386 4701 ρωμαλέος
2425 4636 2515 4688 ἐπὶ
2559 4635 2652 4689 τὸν
2683 4638 2853 4705 τάφον
2890 4639 2985 4690 ἰὼν
3027 4639 3120 4691 τοῦ
3156 4641 3414 4708 μεγάλου,
3447 4643 3512 4694 ίι’
3540 4643 3666 4694 ἐαυ-

2104 4722 2197 4773 τοῦ
2232 4739 2290 4774 τε
2317 4724 2544 4795 λαμπρᾷ
2575 4729 2641 4796 τῇ
2677 4731 2825 4798 φωνῇ
2852 4729 2910 4780 τὸ
2945 4729 3037 4781 τοῦ
3077 4730 3352 4799 θαύματος
3392 4733 3664 4801 ὑπερφυὲς

2107 4818 2270 4868 πᾶσιν
2303 4820 2714 4888 ἀνακηρύττων,
2744 4824 2834 4873 καὶ
2858 4821 2974 4891 Θεῷ
3018 4825 3110 4876 καὶ
3146 4825 3221 4894 τῷ
3253 4827 3462 4878 ἐκείνου
3499 4827 3667 4896 θερά-

2103 4926 2258 4963 ποντι
2293 4911 2435 4963 θύων
2458 4913 2526 4964 τὰ
2557 4915 2917 4983 χαριστήρια.

2187 5001 2244 5052 ’0
2276 5003 2372 5069 τῆς
2412 5004 2551 5054 κατά
2582 5005 2984 5076 Θεσσαλονίκην
3032 5009 3330 5078 ἐκκλησίας
3362 5013 3471 5063 τῶν
3507 5013 3662 5079 ἰερὼν

2103 5092 2363 5162 ᾀσμάτων
2389 5110 2447 5144 τε
2479 5096 2573 5146 καὶ⁵
2615 5096 2796 5164 μελῶν
2827 5097 3075 5166 ἔξαρχος,
3119 5101 3210 5152 καὶ
3241 5101 3336 5152 τοῦ
3365 5102 3524 5171 χοροῦ
3560 5104 3662 5154 τῶν

2100 5185 2336 5255 ᾀδόντων
2382 5187 2623 5255 ἀρχηγός
2653 5206 2710 5241 τε
2754 5190 2847 5242 καὶ
2898 5195 3217 5260 κορυφαῖος,
3269 5196 3660 5264 Δομέστικονὴ

2102 5279 2356 5346 συνήθεια
2383 5279 2571 5333 τοῦτόν
2604 5299 2793 5351 φησιν,
2841 5285 3108 5354 ἐπίσημος
3148 5286 3194 5336 δ’
3226 5287 3284 5336 ὲν
3325 5290 3436 5347 τοῖς
3480 5288 3660 5340 τοιού-

2098 5388 2210 5434 τοις
2250 5373 2475 5436 ἐκεῖνος,
2510 5377 2604 5426 καὶ
2654 5377 2828 5444 χρόνῳ
2863 5382 2956 5430 καὶ
2999 5379 3162 5448 πείρᾳ
3214 5381 3306 5430 καὶ
3357 5380 3516 5447 φύσει
3567 5381 3660 5433 καὶ

2096 5464 2259 5533 τέχνῃ
2307 5466 2398 5516 καὶ
2448 5468 2609 5517 παντὶ
2638 5466 2717 5534 τῷ
2764 5469 3104 5521 συντελοῦντι
3154 5472 3291 5538 πρὸς
3326 5473 3521 5533 ταῦτα,
3567 5471 3662 5524 καὶ

2095 5556 2412 5620 διδάσκαλος
2441 5561 2796 5629 χρηματίζων
2841 5561 2950 5613 τῶν
2998 5563 3185 5628 ὀντων,
3232 5565 3326 5616 καὶ
3358 5566 3498 5618 κατά
3531 5565 3663 5618 πάν-

2095 5666 2204 5701 των
2231 5651 2290 5702 τὸ
2313 5654 2599 5720 πρεσϐεῖον
2639 5654 2938 5723 φερόμενος
2960 5670 2973 5685 ·
3012 5638 3170 5720 οὖτος
3205 5657 3494 5727 τοιγαροῦν
3520 5661 3661 5727 νόσῳ

2094 5742 2198 5793 τινὶ
2225 5743 2528 5812 συσχεθεὶς,
2555 5744 2612 5808 ἐξ
2643 5744 2772 5816 ῦλης
2797 5748 3076 5816 μοχθηρᾶς
3113 5768 3257 5814 τινος
3284 5752 3378 5804 καὶ
3407 5750 3667 5820 δριμείας,

2095 5834 2292 5906 ἐχούσῃ
2324 5836 2418 5898 τὰς
2453 5837 2727 5908 ἀφορμὰς,
2754 5840 2996 5893 ἐνιαυτόν
3028 5842 3148 5896 ὅλον
3181 5845 3366 5915 σχεδὸν
3400 5843 3660 5913 ἀκίνητος
