4434 6460
710 399 816 458 639

711 603 900 672 ψυχρᾷ
946 606 1146 675 διαίτῃ,
1176 608 1267 661 καὶ
1314 609 1378 678 δὴ
1426 611 1520 662 καὶ
1550 614 1672 675 ταῖς
1707 613 1896 675 ἄλλαις
1945 615 2288 684 ἐπιμελείαις

711 698 820 745 τῶν
857 699 939 748 ίατ
952 699 1079 763 ρῶν,
1116 698 1209 750 τοῦ
1238 699 1336 768 μὲν
1363 701 1772 772 δαπανηθέντος
1801 705 1902 772 τῆς
1942 706 2098 776 ὕλης,
2127 707 2221 760 τοῦ
2244 709 2290 761 δ’

718 789 1101 850 ἀλλοιωθέντος
1128 791 1267 843 κατά
1316 795 1535 861 μικρὸν,
1585 797 1645 848 τὸ
1676 797 2040 866 καταλειφθὲν
2073 799 2291 869 ἐκείνης

716 885 1123 952 ἀκατέργαστόν
1153 903 1210 936 τε
1243 887 1337 938 καὶ
1389 888 2050 958 ἄπεπτον,*ἐλαυνόμενον
2092 889 2293 944 ὡσανεὶ

717 975 1054 1041 καταφεύγει
1109 978 1244 1044 πρὸς
1309 978 1377 1030 τά
1439 978 1533 1031 τοῦ
1591 979 1844 1048 σώματος
1901 981 2136 1050 πέρατα,
2199 982 2294 1035 καὶ

719 1070 977 1132 παρεῖντο
1008 1069 1194 1129 δεινῶς
1224 1071 1283 1121 τὸ
1309 1070 1521 1133 λοιπὸν,
1551 1073 1612 1124 αῖ
1646 1090 1703 1124 τε
1736 1076 1918 1143 χεῖρες
1946 1075 2082 1143 ὁμοῦ
2117 1075 2210 1127 καὶ
2243 1075 2293 1127 οί

718 1159 882 1223 πόδες
914 1161 988 1228 τῷ
1013 1164 1295 1230 κορυφαίῳ
1336 1164 1443 1214 τῶν
1479 1166 1756 1233 μελῳδῶν.
1806 1167 2049 1237 Ἡμέραι
2085 1168 2296 1236 παρῆλ-

717 1253 808 1304 θον
837 1255 892 1318 ἐξ
932 1256 1141 1306 ἐκείνου
1176 1257 1390 1324 συχναὶ,
1431 1258 1525 1308 καὶ
1562 1259 1660 1323 τῆς
1689 1259 1956 1321 νοσώδους
1997 1261 2292 1329 ἐλαυνομέ-

719 1362 816 1410 νης
854 1344 984 1414 ὕλης
1027 1348 1303 1410 κάκεῖθεν,
1360 1349 1428 1399 τὰ
1482 1349 1577 1416 μὲν
1610 1349 1744 1400 ἄλλα
1804 1351 1946 1420 μέρη
1990 1353 2081 1403 καὶ
2131 1353 2296 1421 μόρια

718 1437 812 1488 τοῦ
849 1438 1058 1499 πάθους
1087 1439 1342 1509 καθαρῶς
1373 1441 1798 1504 ἀπαλλάττεται,
1828 1446 1940 1505 τοῖς
1971 1443 2027 1496 δέ
2057 1461 2120 1512 γε
2149 1445 2296 1514 τρισὶ

720 1530 814 1582 καὶ
854 1531 1092 1599 πρώτοις
1121 1533 1404 1596 δακτύλοις
1440 1533 1541 1602 τῆς
1572 1535 1772 1600 δεξιᾶς,
1803 1536 1882 1604 τῷ
1927 1554 1984 1589 τε
2031 1538 2296 1606 ἀντίχειρί

721 1640 864 1690 φημι
905 1624 997 1675 καὶ
1032 1629 1143 1686 τοῖς
1197 1627 1312 1693 μετ’
1362 1629 1589 1687 ἐκεῖνον,
1639 1631 1737 1696 τῆς
1781 1630 2049 1692 νοσώδους
2082 1631 2297 1700 ἐκείνης

723 1715 855 1779 ῦλης
901 1717 1066 1784 μέρος
1119 1735 1165 1770 τι
1220 1721 1572 1788 παραμεῖναν
1612 1722 1706 1773 καὶ
1755 1723 2056 1789 προσφυέν,
2091 1724 2299 1792 ἀργοὺς

721 1809 817 1859 καλ⁸
839 1810 1067 1875 νεκροὺς
1097 1811 1340 1873 ἐκείνους
1370 1813 1502 1882 πρὸς
1537 1815 1721 1866 πᾶσαν
1745 1815 1995 1881 ἡντινοῦν
2012 1817 2298 1885 ἐνέργειαν

1986 409 2029 465 G
2047 405 2371 467 REGORH
2401 409 2486 468 ΡΛ
2502 408 2588 466 LA
2603 407 2725 470 ΜᾸὶ

712 515 803 564 ἐπὶ
835 514 1131 581 σκίμποδος
1167 516 1557 587 κατακείμενος
1587 513 1673 586 ἦν.
1705 521 1782 590 Τῇ
1811 522 1854 573 δ’
1889 522 2286 592 ἀντιπιπτούσῃ
2325 530 2362 582 Α
2396 524 2542 592 πρὶν,
2597 524 2798 587 ζῶντες

3865 407 3974 470 640

2853 522 3049 590 ἁθρόον
3093 523 3184 574 καὶ
3221 523 3531 590 κινούμενοι
3587 520 3982 590 καθεωρῶντο,

2397 613 2490 662 καὶ
2518 613 2584 662 τά
2609 614 2787 664 οἰκεῖα
2812 611 3110 681 προσφυῶς
3137 612 3475 681 πράττοντες
3495 627 3507 640 ⁸
3532 610 3634 680 τὴν
3661 611 3770 678 γάρ
3795 612 3973 665 οίκίαν

2395 702 2555 764 εὐθὺς
2587 703 2774 754 εἰσιὼν
2821 703 2917 755 καὶ
2945 702 3046 770 τῆς
3079 704 3343 770 γραφίδος
3375 703 3681 772 ἁψάμενος,
3717 705 3810 756 καὶ
3839 706 3976 771 γρά-

2393 808 2510 857 φων
2538 793 2706 856 ὑγιῶς
2739 809 2796 844 τε
2826 794 2919 846 καὶ
2952 795 3267 856 ἀπταίστως
3296 795 3529 863 ἑωρᾶτο,
3558 796 3653 847 καὶ
3686 794 3785 863 τὴν
3815 798 3974 864 χεῖρα

2395 883 2532 954 πρὸς
2556 883 2622 935 τά
2654 884 2814 951 μέλη,
2842 885 2984 938 καθά
3000 887 3066 954 δὴ
3095 888 3192 938 καὶ
3226 885 3440 956 πρώην,
3472 886 3766 957 εὐρύθμως
3785 887 3973 949 κινῶν,

2395 977 2490 1030 καὶ
2523 975 2656 1029 Θεὸν
2695 977 3095 1046 ἀνακηρύττων
3140 980 3365 1048 σωτῆρα
3412 980 3647 1050 λαμπρᾷ
3681 982 3748 1049 τῇ
3794 981 3948 1048 φωνῇ

2396 1070 2490 1122 καὶ
2520 1069 2613 1120 τὸν
2639 1070 2852 1122 ἐκείνου
2886 1070 3064 1138 μέγαν
3105 1071 3437 1140 θεράποντα.

2481 1159 2648 1228 ’Δνήρ
2672 1178 2757 1223 τις
2778 1161 2887 1214 τῶν
2917 1162 3242 1230 ἁλουργίδας
3293 1165 3730 1234 ἱστουργούντων
3765 1166 3974 1235 βασιλιο

2397 1253 2498 1314 κάς
2533 1252 2640 1304 ὑπό
2669 1271 2813 1316 τινος
2843 1256 3085 1322 ἀφανοῦς
3121 1257 3519 1325 συμπεσούσης
3542 1259 3725 1320 αἰτίας
3749 1259 3848 1329 τὴν
3875 1277 3977 1326 φυ-

2399 1347 2562 1415 σικὴν
2592 1347 2700 1398 τῶν
2735 1348 2832 1414 τῆς
2872 1348 3115 1416 γαστρὸς
3146 1350 3583 1417 περιττωμάτων
3637 1352 3731 1404 ἐπὶ
3763 1355 3980 1420 μακρὸν

2399 1437 2658 1506 ἐπέχεται
2719 1438 2950 1490 κένωσιν
2979 1439 3240 1509 ἀνορεξία
3294 1442 3514 1509 τροφῶν
3557 1442 3648 1493 ἐπὶ
3677 1445 3854 1511 τούτῳ
3885 1447 3979 1496 καὶ

2399 1529 2614 1592 πόσεως
2651 1531 2737 1600 ἐφ’
2767 1531 3002 1602 ἡμέραις
3037 1536 3282 1601 συχναῖς,
3307 1533 3403 1585 καὶ
3429 1535 3458 1586 6
3488 1535 3717 1604 πάσχων
3742 1536 3802 1588 ἐν
3834 1554 3982 1604 περι-

2401 1621 2613 1685 στάσει,
2659 1623 2877 1674 πάντων
2932 1621 3072 1691 δμοῦ
3103 1623 3214 1676 τῶν
3242 1627 3380 1694 πρὸς
3414 1625 3474 1676 τὸ
3525 1623 3627 1694 ζῇν
3664 1628 3982 1693 ἀναγκαίων

2400 1711 2500 1781 ἤδη
2531 1713 2913 1781 στερούμενος.
2947 1715 3056 1767 Καὶ
3086 1713 3151 1783 δὴ
3182 1715 3435 1784 πρόσεισί
3464 1732 3572 1769 τινι
3618 1717 3728 1768 τῶν
3769 1717 3986 1787 βασιλι-

2400 1804 2512 1856 κῶν
2571 1805 2794 1875 ίατρῶν,
2854 1805 3156 1875 θεραπείαν
3209 1807 3332 1860 τινά
3379 1809 3511 1877 παρ’
3539 1809 3710 1862 αὑτοῦ
3764 1811 3986 1879 καὶτῆς

723 1904 1132 1970 ἀπειργάσατο·
1171 1904 1360 1971 χρόνω
1397 1905 1602 1974 παρῄει
1650 1906 1863 1975 συχνὸςν
1912 1909 2004 1959 καὶ
2032 1908 2093 1959 τὸ
2125 1908 2300 1972 πάθος
2333 1939 2375 1990 Β
2399 1897 2596 1965 τέχνης
2632 1898 2800 1950 αἰτῶν
2822 1913 2836 1928 ·
2868 1899 3164 1968 φάρμακον
3194 1900 3408 1962 ἐκεῖνος
3449 1903 3636 1969 ὀρέγει
3672 1905 3943 1965 σκευάσας
3968 1918 3981 1932 ·

724 1993 996 2045 ούδοτιοῦν
1031 1995 1289 2056 ἐνεδίδου,
1326 1996 1443 2047 ἀλλ’
1465 1998 1512 2049 οί
1549 1999 1647 2063 μὲν
1680 1997 1853 2060 οὕτως
1897 2000 1984 2051 ἐπ’
2012 2000 2181 2070 ὀρθίῳ
2221 2001 2299 2071 τῷ

726 2085 964 2151 σχήματι
1001 2086 1253 2152 μένοντες
1283 2084 1442 2155 ἦσαν,
1482 2089 1725 2151 ἁκλινεῖς
1766 2107 1826 2141 τε
1878 2093 1973 2144 καὶ
2018 2093 2301 2159 ἄκαμπτοι

727 2176 821 2226 καὶ
858 2178 991 2242 πρὸς
1048 2180 1230 2230 πᾶσαν
1262 2179 1518 2248 ⁹φυσικὴν
1547 2182 1796 2249 ἀκίνητοι
1837 2184 2050 2253 κίνησιν
2075 2203 2090 2216 ·
2139 2186 2217 2254 τῷ
2247 2186 2303 2239 δὲ

725 2269 895 2316 δεινὸν
935 2272 1032 2336 μέν
1067 2287 1147 2321 τοι
1187 2271 1280 2321 καὶ
1314 2272 1523 2342 σφόδρα
1571 2273 1744 2327 δεινὸν
1783 2277 1957 2329 ἐδόκει
1989 2279 2083 2330 καὶ
2108 2279 2302 2340 ἄλλως,

726 2362 867 2411 οὕτω
903 2381 965 2428 γε
1022 2365 1152 2434 παρ’
1188 2367 1408 2428 ἐλπίδας
1467 2370 1670 2438 νεκράν
1715 2372 1915 2438 ὁρῶντι
1967 2372 2066 2439 τὴν
2105 2375 2260 2440 χεῖρα
2286 2387 2301 2402 ·

729 2454 828 2520 ἠδη
884 2457 990 2522 γὰρ
1031 2446 1231 2508 ἀπεῖπε
1283 2458 1382 2527 τὴν
1418 2458 1718 2528 θεραπείαν
1764 2461 1855 2512 καὶ
1904 2462 2122 2529 ἰατρικὴ
2157 2463 2306 2514 πᾶσα

727 2547 893 2614 τέχνη
919 2550 1012 2599 καὶ
1047 2551 1300 2616 μέθοδος·
1337 2551 1527 2604 ἐλύπει
1561 2552 1606 2604 δ’
1637 2554 1734 2622 οὐχ
1783 2550 1966 2622 ἦττον,
2007 2557 2058 2606 εί
2107 2555 2182 2622 μὴ
2215 2557 2307 2608 καὶ

735 2643 937 2708 μᾶλλον
967 2643 1150 2703 αὑτὸν,
1185 2644 1244 2696 τὸ
1279 2644 1414 2714 μηδέ
1446 2649 1512 2715 τῇ
1553 2646 1717 2715 τέχνῃ
1759 2646 2020 2705 δύνασθαι
2049 2651 2304 2718 χρῆσθαι,

733 2734 872 2784 καθὰ
906 2735 967 2801 δὴ
999 2737 1088 2786 καί
1132 2739 1192 2788 τὸ
1235 2740 1521 2807 πρότερον,
1558 2742 1691 2810 μηδὲ
1725 2744 1960 2812 γράφειν
2002 2745 2125 2814 μηδ’
2173 2745 2312 2797 ἐκδι-

730 2826 878 2878 δόναι
934 2830 1000 2880 τὰ
1037 2831 1171 2899 μέλη
1223 2835 1287 2897 τῇ
1342 2834 1573 2900 παρέσει
1630 2834 1731 2900 τῆς
1783 2834 1985 2899 δεξιᾶς.
2023 2837 2186 2890 Ὅθεν
2217 2839 2312 2890 καὶ

739 2918 921 2984 πάσης
968 2919 1318 2991 ἀνθρωπίνης
1355 2921 1556 2990 τέχνης
1595 2924 1689 2975 καλ⁵
1743 2924 1995 2994 βοηθείας
2049 2927 2143 2980 καὶ
2193 2944 2304 2995 χει-

739 3009 1000 3075 ρουργίας
1035 3011 1127 3060 καὶ
1165 3011 1476 3078 φαρμάκων
1513 3015 1819 3081 καταγνοὺς
1863 3015 1997 3081 ὁμοῦ
2040 3017 2259 3069 πάντων
2285 3018 2313 3068 6

737 3100 1001 3156 ἀσθενῶν,
1065 3102 1158 3152 ἐπὶ
1195 3103 1293 3168 τὴν
1334 3104 1487 3156 θείαν
1523 3105 1746 3172 ἀμέσως
1793 3108 2131 3174 καταφεύγει
2175 3126 2317 3177 πρυ-

737 3191 977 3256 τανείαν,
1010 3195 1102 3245 καὶ
1132 3194 1228 3263 τὴν
1254 3195 1515 3263 ἀληθινὴν
1547 3197 1758 3248 ἐκεῖθεν
1781 3199 2014 3251 αίτεῖται
2040 3199 2314 3268 βοήθειαν,

2405 1987 2540 2057 πρός
2591 2005 2654 2054 γε
2686 1989 2784 2056 τὴν
2813 1989 2917 2056 τῆς
2966 1989 3206 2059 γαστρὸς
3259 1992 3492 2043 κένωσιν
3522 1994 3550 2044 6
3583 1994 3811 2059 πάσχων
3855 1997 3982 2058 παρ’

2405 2077 2618 2130 ἐκείνου
2655 2078 2856 2141 λαϐὼν,
2897 2080 3169 2148 κρείττονι
3199 2082 3418 2142 πάντως
3449 2083 3677 2150 προνοίᾳ
3710 2085 3858 2148 παρά
3888 2085 3986 2150 τὴν

2404 2169 2499 2222 τοῦ
2535 2171 2723 2237 ίατροῦ
2750 2170 2976 2242 γνώμην
3005 2173 3184 2225 ἐκεῖνο
3228 2175 3642 2243 προσφέρεται·
3685 2178 3712 2227 6
3745 2176 3844 2242 μὲν
3880 2178 3988 2241 γὰρ

2407 2259 2499 2311 τοῦ
2524 2261 2724 2323 παντὸς
2753 2262 3012 2314 ἐκέλευσε
3049 2263 3230 2315 πίνειν
3254 2280 3266 2294 ·
3302 2265 3331 2315 6
3371 2263 3416 2316 δ’
3443 2267 3530 2317 ἐπ’
3581 2265 3731 2316 οἴκου
3760 2267 3990 2334 γενόμε-

2407 2368 2519 2414 νος,
2573 2351 2648 2421 μὴ
2690 2352 2785 2404 τοῦ
2838 2355 3061 2417 παντὸς,
3102 2355 3241 2406 ἀλλά
3291 2355 3386 2407 τοῦ
3429 2356 3675 2424 ἡμίσεως
3703 2359 3815 2409 δεῖν
3845 2353 3989 2409 εἶναι

2410 2444 2588 2495 πίνειν
2619 2444 2821 2511 μᾶλλον
2849 2445 3004 2512 ἐλεγε
3036 2448 3195 2510 τέως,
3230 2449 3326 2500 καὶ
3351 2447 3494 2500 οὕτω
3523 2449 3816 2517 διάπειραν
3848 2451 3990 2500 ἐκεί-

2411 2551 2504 2586 νου
2552 2535 2812 2601 λαϐόντα,
2860 2539 2954 2590 καὶ
2994 2539 3131 2608 πρὸς
3176 2539 3246 2591 τά
3282 2540 3472 2607 πρόσω
3522 2541 3990 2610 χωρείνοχρῆται

2411 2627 2703 2696 τοιγαροῦν
2733 2628 2810 2696 τῷ
2841 2629 3065 2698 ἡμίσει·
3100 2629 3162 2682 τὸ
3216 2631 3273 2682 δὲ
3296 2631 3396 2700 τῆς
3428 2631 3711 2692 κενώσεως
3760 2633 3990 2686 αὐτόθεν

2414 2718 2722 2787 ἀρξάμενον
2749 2718 2894 2772 οὕτω
2920 2738 3003 2773 τοι
3041 2722 3337 2792 δραστικὸν
3361 2725 3456 2775 καὶ
3477 2724 3786 2777 ἀκάθεκτον
3805 2724 3986 2793 ὤφθη,

2415 2811 2490 2871 ὡς
2516 2811 2740 2864 καὶτῶν
2773 2813 2992 2883 σαρκῶν
3027 2814 3145 2883 μετ’
3178 2813 3363 2882 ὀλίγον
3393 2815 3485 2868 τοῦ
3519 2818 3825 2886 πάσχοντος
3847 2817 3992 2884 ερα-

2417 2905 2560 2969 σθαι,
2586 2905 2681 2956 καὶ
2717 2905 3074 2974 δυσεντερίας
3107 2908 3274 2960 πάθει
3303 2909 3641 2976 περιϐαλεῖν.
3685 2910 3747 2961 ’0
3772 2910 3874 2977 μὲν
3898 2907 3993 2962 οὖν

2417 2993 2517 3045 εῖτ*
2539 2996 2750 3065 ἀμαθίᾳ
2781 2996 2895 3048 εἴτε
2918 3000 3013 3049 καὶ
3036 2998 3176 3069 λήθῃ
3201 2999 3263 3051 τὸ
3294 3000 3592 3070 φάρμακον
3614 3003 3794 3052 ἐκεῖνο
3828 3017 3886 3051 κε
3899 3002 3992 3066 ρά·

2419 3103 2518 3148 σας
2547 3087 2750 3156 ἰατρὸς,
2792 3089 3118 3158 αἰσθόμενος
3166 3091 3259 3144 τοῦ
3295 3091 3494 3156 κακοῦ,
3521 3092 3868 3153 παντοδαπός
3913 3110 3993 3153 τις

2418 3175 2506 3248 ἦν,
2547 3183 2658 3242 τοῖς
2691 3183 2958 3244 ἐναντίοις
2994 3183 3106 3234 τῶν
3133 3183 3448 3252 φαρμάκων
3482 3185 3730 3253 ἐπισχεῖν
3770 3184 3867 3251 τὴν
3901 3187 3994 3236 κε·

741 3285 1003 3348 πρέσϐεις
1043 3286 1302 3354 ίσχυροὺς
1343 3288 1480 3355 πρὸς
1515 3289 1750 3356 Χριστὸν
1796 3291 1889 3342 καὶ
1925 3297 2150 3358 μεσίτας
2189 3295 2314 3355 τοὺς
2341 3275 2387 3332 c
2422 3291 2585 3325 νωσεν
2644 3276 3076 3345 μηχανώμενος’
3134 3278 3168 3345 ἡ
3212 3277 3259 3328 δ’
3319 3277 3418 3345 οὐχ
3469 3278 3684 3340 ὑπεῖκεν
3732 3276 3998 3345 κρείττων

742 3376 952 3427 ἐκείνου
979 3375 1322 3442 θεράποντας
1358 3379 1822 3446 προϐαλλόμενος.
1881 3383 1995 3448 Νὺξ
2032 3385 2170 3452 μετά
2219 3385 2318 3454 τὴν

746 3468 958 3518 ἱκεσίαν
1006 3469 1225 3538 ἐκείνην
1273 3472 1477 3538 παρῆν,
1512 3473 1606 3524 καὶ
1661 3475 1965 3543 Γρηγόριος
2002 3477 2166 3536 εὐθὺς
2199 3477 2320 3528 ἀντὶ

745 3561 964 3613 πάντων
996 3578 1051 3612 τε
1084 3564 1176 3614 καὶ
1210 3566 1314 3632 πρὸ
1347 3565 1568 3618 πάντων
1600 3566 1750 3632 αύτῷ
1776 3570 1918 3619 κατά
1955 3570 2082 3631 τοὺς
2121 3569 2322 3631 ὕπνους

745 3655 773 3703 ὁ
807 3654 979 3719 μέγας
1018 3655 1223 3722 παρῆν,
1270 3656 1368 3723 τὴν
1404 3657 1545 3723 μετά
1600 3659 1797 3727 μικρὸν
1851 3661 2118 3729 ἐσομένην
2171 3661 2322 3712 θείαν

746 3749 1056 3815 ἐπισκοπὴν
1090 3749 1180 3800 καὶ
1207 3749 1511 3818 θεραπείαν
1537 3750 1867 3819 θαυμαστῶς
1897 3753 2324 3820 εὐαγγελιζόμε-

748 3861 836 3903 νος
858 3860 872 3874 ·
910 3842 1081 3895 ἐδόκει
1113 3846 1206 3895 καὶ
1237 3845 1346 3911 γὰρ
1385 3848 1412 3898 6
1445 3846 1671 3912 κάμνων
1712 3847 1864 3914 παρὰ
1893 3849 1982 3900 τὸν
2015 3850 2189 3915 μέγαν
2225 3849 2326 3917 τῆς

748 3936 844 3985 τοῦ
873 3935 1010 3986 Θεοῦ
1043 3936 1240 4002 Σοφίας
1286 3936 1582 4006 διατρίϐων
1638 3937 1796 3997 νεὼν,
1860 3941 1918 3990 ὲν
1965 3943 2078 4001 τοῖς
2132 3940 2326 4003 δεξιοῖς

749 4028 918 4077 αὑτοῦ
977 4045 1078 4077 που
1133 4028 1356 4096 μέρεσιν
1407 4030 1650 4096 ἐντυχεῖν
1694 4030 1788 4081 καὶ
1821 4030 1897 4095 τῷ
1936 4029 2159 4100 μεγάλῳ
2191 4031 2326 4099 τῷδε

750 4122 1017 4187 ἀρχιερεῖ,
1053 4121 1138 4172 ἵνα
1173 4121 1234 4190 δὴ
1270 4121 1362 4172 καί⁸
1397 4123 1428 4188 ἡ
1467 4122 1623 4189 σορὸς
1671 4123 1822 4190 αὐτῷ
1867 4123 2108 4190 ἵδρυται·
2162 4124 2258 4175 καὶ
2301 4125 2329 4176 6

755 4213 856 4279 μὲν
923 4213 1098 4265 ἐδόκει
1166 4213 1449 4281 πατρικῶς
1507 4215 1599 4267 καὶ
1664 4217 1902 4282 γνησίως
1935 4217 2034 4283 τὴν
2087 4216 2332 4285 κεφαλὴν

757 4304 906 4372 αὐτῷ
939 4306 1198 4374 καταψῶν
1226 4306 1294 4357 τὰ
1323 4307 1517 4374 ἥδιστά
1551 4323 1609 4358 τε
1645 4308 1737 4358 καὶ
1768 4309 2127 4359 εὐκταιότατα
2161 4325 2332 4379 προσ-

759 4399 976 4451 λαλεῖν·
1039 4401 1251 4460 Ἄπιθι,
1314 4400 1488 4465 λέγων
1542 4401 1569 4450 6
1628 4401 1738 4450 τῶν
1790 4401 2042 4470 μελῳδῶν
2081 4402 2331 4470 ἔξαρχος,

759 4492 866 4542 ἀπό
896 4508 956 4556 γε
981 4491 1073 4542 τοῦ
1115 4492 1208 4542 νῦν
1237 4493 1330 4543 καὶ
1371 4492 1552 4554 καλῶς
1580 4495 1658 4554 είς
1701 4493 1761 4543 τὸ
1799 4491 1927 4560 ἐξῆς
1968 4493 2121 4544 ἔσται
2158 4509 2274 4544 σοι·
2305 4495 2334 4544 6

757 4584 814 4635 δέ
842 4585 938 4650 τῆς
975 4586 1189 4650 ἡμέρας
1239 4585 1337 4653 ἥδη
1387 4585 1447 4636 τὸ
1503 4585 1635 4653 ἐῷον
1667 4585 2096 4655 ὑπολαμπούσης
2149 4586 2335 4636 διανα-

765 4678 918 4738 στάξ,
951 4678 1138 4729 ἄπεισι
1187 4677 1461 4744 δρομαίως
1506 4679 1585 4739 είς
1631 4679 1723 4730 τὸν
1755 4676 1912 4736 νεὼν,
1945 4677 2043 4747 τὴν
2067 4677 2218 4744 ίεράν
2240 4677 2334 4730 τοῦ

771 4770 1010 4838 μεγάλου
1043 4769 1452 4856 καταλαμϐάνει
1486 4772 1665 4837 σορὸν,
1701 4770 2058 4840 προσπίπτει,
2107 4769 2337 4837 δάκρυσι

774 4860 1137 4927 μεταμελείας
1167 4859 1303 4927 ὁμοῦ
1327 4860 1421 4912 καὶ
1448 4860 1656 4922 ἱκεσίας
1684 4859 1900 4930 ἐκείνην
1928 4860 2127 4921 [κανῶς
2159 4861 2334 4911 λούει·

768 4952 864 5004 νῦν
905 4956 1002 5016 μὲν
1054 4953 1151 5022 τὴν
1198 4954 1478 5022 ἁμαρτίαν
1513 4953 1858 5018 ἐξαγγέλλων
1905 4953 1998 5004 καὶ
2031 4955 2130 5019 τὴν
2176 4952 2342 5003 πάλαι

770 5047 891 5099 κατ’
922 5046 1084 5099 αὑτοῦ
1140 5047 1236 5111 τῆς
1288 5046 1539 5114 γλώττης
1577 5048 1949 5114 προπέτειαν·
2007 5045 2213 5112 ἔφθασε
2249 5046 2344 5098 καὶ

772 5141 902 5208 γὰρ,
927 5139 1000 5201 ώς
1023 5139 1183 5200 αὐτὸς
1215 5139 1422 5204 ἔλεγεν,
1457 5139 1536 5200 είς
1568 5139 1780 5189 ἐκεῖνον
1807 5137 1873 5187 τὰ
1902 5137 2126 5189 τοιαῦτα
2161 5139 2346 5206 ἡμαρ-

774 5231 955 5300 τηκώς
977 5249 988 5261 ·
1023 5232 1116 5284 νῦν
1152 5233 1195 5283 δ’
1229 5227 1296 5284 αὖ
1345 5234 1446 5300 τὴν
1481 5233 1817 5300 συγγνώμην
1860 5231 2089 5294 ἐξαιτῶν
2124 5232 2216 5284 καί¹
2251 5231 2346 5296 τὴν

777 5327 1073 5396 θερατείαν
1133 5326 1226 5376 τοῦ
1278 5325 1506 5384 πάθους,
1563 5325 1656 5376 καὶ
1718 5324 1795 5393 τῷ
1841 5324 1941 5391 τῆς
2000 5322 2161 5394 σοροῦ
2218 5323 2349 5392 λίθῳ

779 5421 960 5470 πυκνὰ
991 5417 1349 5486 παρατρίϐων
1395 5417 1492 5484 τὴν
1533 5415 1712 5477 δεξιάν
1736 5432 1748 5445 ·
1785 5416 1879 5466 καὶ
1928 5415 2103 5468 ταῦτα
2141 5414 2351 5483 δεηθεὶς

778 5510 864 5577 ἐφ’
899 5513 1080 5562 ἱκανὸν
1134 5511 1229 5563 καὶ
1268 5509 1459 5569 εἰπὼν,
1497 5509 1621 5560 ἐπεὶ
1654 5509 1747 5560 καὶ
1784 5509 1881 5577 τῆς
1929 5508 2108 5559 οἴκαδε
2157 5505 2353 5575 φερού-

783 5623 881 5670 σης
909 5604 1155 5670 ἐγίγνετο
1186 5603 1368 5665 πάλιν,
1416 5601 1506 5653 καὶ
1554 5603 1686 5668 πρὸς
1722 5601 1916 5654 ἐαυτὸν
1963 5598 2210 5668 ἐπανῄει,
2255 5602 2354 5667 τῆς

780 5695 1101 5763 θαυμαστῆς
1135 5712 1226 5745 σου
1263 5696 1354 5746 καὶ
1390 5694 1703 5762 ὑπερφυοῦς
1737 5694 1866 5762 περὶ
1901 5693 1992 5743 τὸν
2033 5693 2352 5760 Γρηγόριον,

2419 3365 2642 3432 ἀπάσης
2691 3367 2943 3435 μηχανῆς
2981 3368 3260 3436 ὁρωμένη,
3318 3371 3412 3420 καὶ
3461 3368 3691 3420 θάνατον
3716 3371 3775 3420 τὸ
3811 3369 4001 3419 τελευο

2421 3459 2571 3507 ταῖον
2595 3457 2896 3510 ἀπειλοῦσα
2923 3458 3002 3527 τῷ
3030 3461 3314 3527 πάσχοντι.
3345 3458 3514 3511 ’Ὅθεν
3543 3458 3637 3510 καὶ
3665 3461 3765 3526 τῆς
3787 3459 3998 3509 ἐκεῖθεν

2423 3550 2694 3616 ἀπογνοὺς
2751 3549 3003 3618 βοηθείας
3056 3550 3298 3619 ἀπάσης,
3367 3550 3506 3620 πρὸς
3552 3550 3688 3602 Θεὸν
3733 3549 3803 3602 δι’
3833 3549 3997 3616 εὐχῆς

2424 3641 2782 3707 καταφεύγει,
2849 3643 2945 3694 καὶ
2996 3643 3088 3694 τὸν
3141 3642 3351 3694 ἐκείνου
3416 3642 3590 3712 μέγαν
3643 3642 3993 3710 θεράποντα·

2426 3728 2578 3795 Οἶδα,
2629 3734 2823 3800 λέγων,
2872 3733 3125 3802 ἄνθρωπε
3155 3732 3249 3786 τοῦ
3281 3733 3442 3797 Θεοῦ,
3496 3735 3590 3786 καὶ
3632 3735 3880 3800 παρόντα
3924 3732 4001 3800 τῷ

2429 3824 2527 3893 βίῳ
2551 3827 2644 3877 καὶ
2677 3826 3046 3893 μεταστάντα,
3083 3826 3315 3878 πλεῖστά
3362 3843 3487 3877 τινα
3517 3825 3612 3876 καὶ
3644 3826 3879 3892 μέγιστα
3909 3825 4000 3876 δυο

2427 3919 2660 3983 νάμενον
2707 3921 2764 3969 ἐν
2813 3918 3064 3986 Χριστῷ·
3113 3918 3273 3985 γενοῦ
3330 3917 3625 3986 τοιγαροῦν
3673 3919 3732 3968 ἐν
3781 3920 3848 3985 τῇ
3883 3917 4003 3984 ῶρα

2429 4010 2603 4080 ταύτῃ
2647 4011 2816 4080 κάμοὶ
2869 4010 3083 4079 βοηθὸς,
3118 4011 3215 4062 καὶ
3245 4010 3354 4062 τῶν
3394 4010 3764 4077 ἐπικειμένων
3794 4013 4005 4061 τούτων

2433 4103 2696 4154 κινδύνων
2742 4103 2834 4154 καὶ
2864 4104 2958 4154 τοῦ
3011 4102 3215 4172 πικροῦ
3252 4103 3490 4155 θανάτου
3523 4104 3590 4172 τῇ
3626 4103 3692 4169 σῇ
3756 4101 4007 4168 μεσιτεία

2433 4195 2762 4265 ἐξάρπασον.
2805 4195 2996 4248 ’Υπνοῖ
3038 4195 3268 4263 μετάτά
3300 4194 3526 4262 ῥήματα
3564 4193 3738 4245 ταῦτα
3779 4197 3874 4245 καὶ
3911 4195 4006 4261 τὴν

2435 4286 2600 4355 εὐχὴν
2627 4289 2654 4339 6
2688 4287 2882 4351 νοσῶν,
2914 4287 3006 4340 καὶ
3039 4287 3130 4338 τὸν
3160 4284 3672 4354 ἐξυπηρετούμενον
3712 4285 3890 4335 πάλαι
3933 4283 4010 4351 τῷ

2433 4378 2682 4448 ἀρχιερεῖ
2728 4380 2961 4448 μοναχὸν
3012 4379 3068 4430 ἐν
3107 4379 3216 4438 τοῖς
3274 4375 3464 4431 ὕπνοις
3497 4377 3622 4444 ὁρᾷ,
3652 4377 3830 4428 τοιάδε
3876 4377 4012 4443 πρὸς

2436 4473 2599 4525 αὑτὸν
2623 4473 2855 4538 λέγοντα
2877 4489 2888 4501 ·
2925 4473 3030 4525 Τὸν
3059 4470 3153 4523 τοῦ
3185 4471 3491 4540 ἀρχιερέως
3525 4465 3700 4532 οἷκον,
3739 4472 3927 4538 φησὶν,
3968 4466 4014 4522 ὦ

2439 4559 2615 4628 οὗτος,
2641 4563 2988 4627 καταλαϐὼν,
3039 4565 3143 4631 τὴν
3173 4564 3328 4632 ἱερὰν
3372 4561 3623 4630 ἐπωμίδα
3654 4561 3868 4614 ἐκείνου
3904 4566 4015 4623 τοῖς

2445 4660 2556 4720 σοῖς
2583 4658 2768 4720 ἐπίθες
2796 4658 3037 4725 νεφροῖς,
3070 4657 3166 4709 καὶ
3191 4655 3290 4724 οὐχ
3313 4654 3656 4723 ἀμαρτήσεις
3673 4670 3738 4721 γε
3763 4653 3857 4705 τοῦ
3893 4671 4020 4706 σκο-

2441 4751 2568 4805 ποῦ.
2611 4751 2816 4804 Ἐδόκει
2851 4753 2948 4822 μὲν
2967 4750 3059 4803 οὖν
3080 4753 3108 4803 6
3136 4750 3365 4820 πάσχων
3389 4749 3469 4800 ἐτι
3499 4749 3577 4816 τῷ
3603 4747 3755 4816 ῦπνῳ
3785 4747 4020 4815 κάτοχος

2444 4846 2543 4911 ὢν,
2586 4846 2665 4907 είς
2703 4844 2798 4896 τὸν
2840 4845 2938 4896 τοῦ
2978 4844 3283 4913 ἀρχιερέως
3324 4837 3476 4894 οἷκον
3513 4842 3608 4893 καὶ
3639 4840 3865 4892 ἀπιέναι
3925 4843 4020 4891 καὶ

2444 4937 2504 4988 τὸ
2534 4937 2679 5005 ίερὸν
2721 4938 2898 4988 ἐκεῖνο
2953 4935 3118 5006 ῥάκος
3169 4935 3354 5005 ζητεῖν
3385 4933 3528 4986 κατά
3564 4932 3632 4984 τὰ
3678 4949 4021 5001 προστεταγ-

2449 5029 2610 5098 μένα,
2643 5029 2738 5081 καὶ
2773 5028 2961 5096 ἐπειδὴ
2988 5028 3062 5096 μὴ
3096 5028 3154 5080 τὸ
3181 5027 3514 5095 ζητούμενον
3546 5025 3695 5094 ἐσχε,
3742 5025 3879 5095 πρὸς
3929 5027 4021 5075 τὸν

2450 5121 2862 5191 προστεταχὸτα
2910 5120 3144 5189 μοναχὸν
3195 5118 3352 5180 αὖθις
3407 5117 3745 5176 ἐπανελθεῖν,
3783 5117 3899 5167 ἐκεῖ
3935 5117 4026 5167 ὁὸ-

2451 5214 2617 5278 ξαντα
2667 5214 3012 5283 παραμένειν
3059 5212 3163 5272 ἔτι,
3205 5213 3300 5264 καὶ
3345 5212 3444 5279 τὴν
3469 5209 3770 5278 ἀποτυχίαν
3823 5213 4023 5262 εἰπεῖν.

2453 5306 2555 5358 Τὸν
2579 5306 2635 5357 δέ
2670 5305 2972 5373 λαϐόμενον
3003 5305 3169 5357 αὐτοῦ
3199 5303 3295 5372 τῆς
3354 5304 3536 5371 χειρὸς
3585 5302 3772 5353 οὐκέτι
3815 5301 3914 5368 μέν
3947 5304 4027 5362 εἰς

2460 5401 2544 5450 τὸν
2599 5394 2745 5450 οἷκον
2779 5398 3012 5460 ἐκεῖνον,
3061 5398 3142 5458 εἰς
3190 5395 3246 5446 δὲ
3275 5397 3366 5447 τὸν
3425 5393 3589 5446 αὑτοῦ
3621 5394 3793 5459 τάφον
3823 5393 4029 5460 μᾶλλον

2456 5491 2790 5556 ἀπαγαγεῖν,
2851 5491 3013 5540 κάκεῖ
3063 5487 3161 5558 τὴν
3190 5486 3342 5556 ἱερὰν
3381 5485 3629 5552 ἐπωμίδα
3661 5489 3799 5552 μετὰ
3840 5486 4031 5553 χεῖρας

2459 5585 2713 5648 λαϐόντα,
2743 5587 2857 5645 τοῖς
2901 5583 2994 5636 τοῦ
3020 5582 3301 5642 νοσοῦντος
3337 5581 3556 5648 νεφροῖς
3605 5578 3893 5630 ἐπιθεῖναι.
3924 5579 4036 5629 Καὶ

2459 5685 2485 5734 6
2521 5684 2617 5750 μὲν
2667 5682 2839 5751 ᾤχετο
2867 5681 3042 5734 ἀπιὼν
3073 5680 3233 5741 εὐθὺς
3269 5676 3386 5745 μετ’
3421 5677 3606 5726 ἐκεῖνα
3628 5690 3641 5702 ·
3674 5674 3764 5725 τὸν
3797 5671 3840 5722 δ’
3867 5671 4037 5722 ῦπνον

783 5792 1027 5856 Χριστέ,
1076 5790 1333 5858 χάριτοςί
1395 5791 1488 5841 καὶ
1543 5791 1574 5856 ἡ
1639 5792 1757 5856 χεὶρ
1807 5787 1956 5854 αύτῷ
2004 5786 2144 5837 κατὰ
2195 5784 2357 5851 φύσιν
2463 5777 2662 5828 αὐτίκα
2719 5778 2812 5829 καὶ
2848 5778 2874 5827 ὁ
2929 5775 3098 5825 νοῦιῖιν
3148 5770 3643 5836 ἀποτινῖιξάμενοὲθ
3676 5767 3770 5817 καὶ
3811 5764 3899 5816 τδν
3939 5766 4040 5830 μὲν

783 5884 1009 5954 ἐνεργὸς
1062 5879 1145 5956 ἦν,
1196 5883 1289 5938 καὶ
1341 5885 1386 5934 οἱ
1443 5883 1627 5951 νεκροὶ
1662 5883 1752 5933 καὶ
1810 5879 2058 5948 ἀκίνητοι
2105 5878 2356 5931 δάκτυλοι

2464 5873 2707 5926 οἰκίσκον
2734 5870 2825 5922 τοῦ
2854 5867 3151 5936 ἀρχιερέως
3180 5865 3241 5918 ἐκ
3268 5881 3327 5931 γε
3362 5862 3466 5915 τῶν
3501 5860 3806 5931 ὁραθέντων
3846 5857 4042 5928 κρίνας
