4434 6460
1397 383 1814 450 ENCOMlUM
1861 379 2080 442 AUCT.
2118 373 2572 438 PHILOTHEO
2601 376 2710 434 CF.
3557 371 3661 434 646

387 404 497 468 645

396 527 592 592 ἑαυτῆς
625 519 858 590 νυμφίον
888 512 1153 578 ἀπέλαϐε,
1183 509 1500 564 συνίσταται
1527 509 1624 575 μιν
1647 503 1798 573 αὐτῷ
1824 500 1974 572 napi
2001 498 2054 557 Α
2080 493 2176 592 ξαὶ
2207 490 2266 592 ib
2287 486 2427 592 ἦθξδξ
2459 488 2568 592 m}.
2581 488 2673 592 ’ξδν
2700 484 3008 592 τῆοςκεῦχῆξ
3040 484 3391 592 δποπξξύσαί
3433 484 3659 592 “’67:?”-

804 611 883 672 είς
914 607 1096 675 φιλίαν
1129 577 1221 656 καὶ
1262 604 1290 654 6
1319 601 1450 671 πρὶν
1476 599 1603 651 ἰδεῖν
1631 595 1783 663 φίλος
1815 594 1970 647 οὐδὸν
2082 581 2166 683 ὦς.
2186 583 2248 637 οὖ
2283 581 2468 683 καλῶς
2509 578 2843 682 δῆθενοξῦδδ
2879 578 3028 683 Pis-7&-
3052 577 3289 683 σπουδῆς
3312 577 3660 683 γεγενημένα

395 705 559 778 ἧττον
589 703 753 758 αὐτοῦ
786 718 847 755 τε
896 701 990 752 καὶ⁵
1023 697 1125 766 τῆς
1157 693 1420 764 ἀληθείας
1471 689 1677 754 οὐτοσὶ,
1735 687 1877 741 καθά
1907 686 1972 758 δὴ

399 799 492 853 καὶ
527 796 813 867 προύφην·
852 793 948 844 καὶ
997 789 1106 842 τῶν
1134 788 1326 842 τούτου
1360 780 1760 850 ποτιμωτάτων
1793 780 1973 848 ναμά-

400 911 507 945 των
525 892 625 960 τῆς
658 881 1007 945 διδασκαλίας
1033 881 1396 950 γευσάμενος,
1423 875 1567 928 ἐάλω
1597 891 1656 926 τε
1686 873 1974 942 κατάκρας

401 987 480 1054 τῷ
508 985 693 1053 ἔρωτι,
726 979 822 1033 καὶ
853 976 1055 1047 μᾶλλον
1091 973 1348 1040 συνεδέθη
1377 969 1455 1038 τῷ
1477 969 1707 1040 φίλτρῳ,
1737 966 1834 1019 καὶ
1875 964 1974 1034 τὴν

401 1077 582 1147 ψυχὴν
629 1071 934 1145 ἀχὼριστος
983 1065 1086 1139 ἦν’
1119 1066 1180 1120 οὐ
1241 1064 1346 1134 μὴν
1379 1061 1513 1115 ἀλλά
1548 1064 1642 1114 καὶ
1689 1057 1785 1111 τοῦ
1833 1057 1974 1123 πρὸς

399 1169 524 1228 τοὺς
583 1164 913 1224 στασιαστὰς
973 1159 1187 1211 ἐκείνου
1242 1153 1498 1225 λαμπροῦ
1539 1153 1727 1220 ζήλου,
1758 1150 1852 1202 καὶ
1875 1150 1973 1218 τῆς

402 1257 546 1325 ὑπὲρ
598 1254 859 1324 ἀληθείας
915 1248 1222 1310 ἐνστάσεως
1268 1244 1362 1299 τοῦ
1424 1242 1620 1310 ἀνδρὸς
1677 1237 1973 1300 διακούσας

399 1369 441 1402 π
479 1349 534 1411 .3;
561 1351 674 1411 τοῖς
709 1347 890 1406 ἀλλοις
921 1345 950 1396 6
982 1343 1155 1410 μέγας
1189 1341 1402 1394 ἐπαινεῖ
1437 1352 1496 1388 τε
1529 1333 1597 1386 τὰ
1627 1332 1837 1396 είκότα,
1875 1333 1972 1385 καὶ

399 1444 658 1511 τοιαύτην
711 1439 912 1506 ἐπάγει
972 1435 1071 1505 τὴν
1100 1433 1268 1502 εὐχὴν
1324 1429 1420 1482 ἐπὶ
1449 1427 1634 1480 τέλει·
1676 1427 1780 1478 Τὸν
1831 1423 1973 1495 ὐπέρ

401 1535 658 1602 ἀληθείας
684 1533 778 1585 καὶ
799 1529 892 1584 τοῦ
916 1527 1082 1582 καλοῦ
1107 1526 1198 1578 σὸν
1219 1523 1502 1590 ἀξιόλογον
1527 1519 1707 1588 ζῆλον,
1725 1512 1770 1572 ὦ
1798 1516 1972 1587 φίλος,

403 1631 492 1679 καὶ
521 1627 620 1688 τὴν
653 1623 898 1692 μεγάλην
935 1621 1032 1688 τῆς
1056 1617 1234 1688 ψυχῆς
1277 1614 1530 1667 ἐνστασιν
1562 1612 1697 1674 Θεὸς
1741 1607 1971 1678 ἀμειϐό-

404 1737 561 1788 μενος
586 1718 740 1769 ἔσται
768 1715 924 1785 μόνος
965 1713 1133 1776 ἀξίως
1152 1727 1165 1741 ο
1203 1709 1236 1778 ἡ
1264 1708 1373 1776 γάρ
1405 1706 1537 1776 παρ’
1581 1703 1742 1774 ήμῶν
1767 1701 1971 1770 ἀμοιῦὴ

399 1811 558 1863 ὁποία
593 1809 709 1860 ποτ’
736 1809 802 1861 ἂν
821 1803 880 1880 ᾖ,
909 1803 1120 1875 σμικρά
1145 1819 1229 1864 τις
1261 1800 1414 1853 ἔσται
1447 1799 1540 1852 καὶ⁵
1564 1798 1663 1849 οὐκ
1684 1794 1968 1860 ἀνάλογος,

2080 676 2177 729 καὶ
2202 673 2574 738 κατανύξεως,
2616 669 2810 740 πρῶτα
2864 668 2965 734 μέν
3001 668 3168 740 ἤρετο
3217 667 3308 719 τὸν
3348 667 3658 737 ἄνθρωπον,

2082 770 2136 823 τί
2175 787 2306 823 ποτε
2367 768 2478 837 ἀρα
2511 768 2606 820 καὶ
2641 765 2878 833 πάσχειν
2933 763 3006 826 ὼς
3042 763 3102 818 δέ
3153 761 3215 816 τὸ
3248 760 3420 824 πάθος
3453 762 3663 822 ἐκεῖνος

2080 865 2178 934 τὴν
2206 864 2368 932 χεῖρα
2412 859 2708 930 προτείνας
2765 857 3066 922 ὑπέδειξεν,
3110 851 3226 908 Εῐθ⁹
3254 853 3398 907 οὕτω
3427 853 3664 907 κάκιστα

2081 956 2275 1018 νοσῶν,
2292 957 2321 1008 6
2346 953 2579 1024 μοναχὸς
2598 948 2756 1014 αὖθις
2779 951 2909 1020 ἐφη.
2930 951 3022 1004 καὶ
3046 950 3114 1003 τά
3131 949 3387 1017 αἴσχιστα
3410 947 3660 1016 πάσχων,

2080 1044 2141 1096 οὐ
2172 1042 2405 1112 δάκρυσι
2438 1042 2532 1096 καὶ
2560 1043 2808 1104 κοπετοίς
2839 1039 2940 1110 τὴν
2971 1040 3108 1108 πρὸς
3133 1039 3224 1092 τὸν
3255 1041 3411 1106 ᾰγιον
3449 1039 3664 1090 ίκεσίαν

2083 1135 2374 1204 συνείρεις,
2407 1133 2524 1187 ἀλλ’
2544 1134 2717 1197 οὕτως
2740 1129 3108 1199 ἀκκιζὸμενός
3137 1147 3196 1182 τε
3237 1130 3328 1182 καὶ
3353 1127 3665 1196 θρυπτόμε-

2079 1245 2170 1291 νος
2193 1226 2368 1297 τούτῳ
2392 1225 2700 1298 προσέρχῃ,
2735 1224 2832 1278 καὶ
2855 1224 3052 1276 ὡσανεὶ
3077 1221 3292 1284 παίζων
3313 1238 3326 1284 ;
3372 1220 3432 1272 Ὀ
3461 1220 3506 1271 δ’
3531 1221 3665 1271 ὐπο-

2079 1320 2280 1387 λαδὼν,
2332 1314 2475 1384 Οίδε,
2539 1320 2698 1389 φησι,
2735 1319 2940 1386 Πάτερ,
2995 1312 3174 1378 οὗτος,
3207 1315 3301 1366 τὸν
3341 1312 3498 1379 ἀγιον
3527 1313 3665 1365 ὐπο-

2080 1413 2282 1482 δείξας,
2306 1412 2427 1483 μεθ’
2448 1412 2580 1466 οίων
2602 1409 2714 1478 ἐγὼ
2734 1408 2845 1461 τῶν
2866 1408 3146 1478 λογισμῶν
3173 1407 3268 1460 καὶ
3297 1409 3395 1473 τῆς
3421 1404 3663 1466 διανοίας

2080 1523 2139 1558 τε
2167 1506 2262 1559 καὶ
2290 1505 2392 1574 τῆς
2441 1502 2736 1564 διαθέσεως
2767 1501 2867 1571 τὴν
2899 1500 3029 1568 παρ’
3059 1498 3225 1552 αὐτοῦ
3263 1497 3517 1568 βοήθειαν
3564 1498 3660 1548 καί

2079 1599 2178 1669 τὴν
2200 1596 2498 1666 θεραπείαν
2527 1594 2809 1663 αίτοῦμαι.
2836 1593 3003 1645 Ταῦτ’
3032 1591 3226 1650 εἰπὼν,
3259 1590 3425 1657 φησιν
3464 1590 3493 1640 ό
3519 1587 3665 1658 ἀνὴρ

2079 1691 2216 1761 πρὸς
2237 1692 2465 1751 ἐκεῖνον,
2494 1688 2680 1741 οίκαδε
2705 1689 2984 1754 ἐπανήκω,
3013 1684 3105 1737 καὶ
3135 1683 3235 1752 τῆς
3265 1682 3463 1744 νυκτὸς
3489 1697 3661 1744 προσ-

2081 1783 2341 1851 ἀγούσης,
2398 1780 2670 1852 τρέπομαι
2727 1778 2863 1846 πρὸς
2917 1775 3084 1828 ῦπνον
3127 1776 3398 1844 συνήθως,
3459 1775 3525 1840 τῇ
3559 1770 3658 1823 τοῦ

922 1857 1138 1966 φύσεως
1189 1857 1284 1946 καὶ
1329 1892 1616 1958 δυνάμεως
1653 1886 1806 1940 οὖσα.
1860 1857 1976 1938 Καὶ
2005 1857 2046 1912 Β
2079 1877 2320 1970 μετάξου
2354 1872 2532 1970 “Eva”
2557 1873 2747 1970 gvmfn
2774 1871 2870 1922 καὶ
2891 1871 2956 1970 τῇ
2992 1869 3127 1970 πρὸ-ἶ
3160 1868 3323 1970 ξῦτΔδν
3354 1867 3534 1970 Ῑκξσιίᾳ
3557 1865 3659 1970 τῆς

403 1996 574 2049 ταῦτα
629 1997 725 2063 μὲν
773 1996 916 2056 τότε,
953 1989 1046 2041 καὶ
1099 1987 1217 2040 οὐδέ
1247 1987 1438 2055 πόρρω
1471 1981 1625 2042 θείας
1662 1981 1808 2042 τινὸς
1851 1983 1976 2031 ἐπι·

404 2091 595 2148 πνοίας
631 2103 687 2138 τε
745 2083 839 2136 καὶ
875 2082 1252 2152 προρρήσεως,
1304 2077 1380 2136 ὼς
1427 2075 1495 2126 τὰ
1525 2073 1651 2140 ἐξῆς
1681 2072 1775 2124 τοῦ
1811 2072 1968 2136 λόγου

403 2181 657 2249 δηλώσει.
685 2177 889 2248 Χρόνου
923 2174 979 2226 δὲ
1013 2169 1207 2242 συχνοῦ
1242 2167 1448 2238 μεταξύ
1493 2165 1868 2234 διαγεγονότος
1893 2205 1908 2226 ,
1945 2165 1974 2217 6

405 2272 568 2330 καλὸς
597 2269 778 2320 οὐτοσὶ
826 2266 979 2336 φίλος
1016 2263 1179 2318 πάθει
1213 2260 1538 2330 περιπίπτει
1567 2258 1754 2327 τοιῷδε
1776 2274 1790 2288 ο
1823 2257 1973 2310 τύλοι

401 2364 493 2414 τὸν
521 2359 753 2430 ἀριθμὸν
779 2357 915 2427 ὁμοῦ
950 2354 1210 2421 τέτταρες
1238 2352 1378 2405 κατά
1404 2351 1503 2421 τὴν
1539 2349 1824 2416 εὐώνυμον
1844 2349 1976 2400 ἁνα-

401 2453 632 2505 δίδονται
686 2450 862 2517 τούτῳ
915 2446 1180 2516 παλάμην
1221 2445 1440 2514 ἀθρόον,
1485 2443 1732 2511 μέγιστοι
1763 2441 1861 2509 μὲν
1881 2439 1976 2491 τὸν

401 2547 583 2612 ὄγκον,
619 2543 846 2613 σκληροὶ
879 2541 934 2594 δέ
974 2558 1121 2602 τινες
1149 2540 1244 2591 καὶ
1269 2537 1556 2592 ἀντίτυποι
1583 2533 1682 2602 τὴν
1708 2533 1972 2596 διάθεσιν,

401 2638 500 2690 καὶ
530 2639 750 2706 τραχεῖς
781 2635 874 2688 καὶ
897 2630 1233 2691 ἀκανθώδεις
1263 2629 1330 2682 τά
1347 2629 1446 2697 τῆς
1475 2625 1970 2696 προσσολῆς⁹ἀκρα,

402 2730 476 2790 ὡς
521 2729 654 2796 μήτε
708 2726 846 2792 πρὸς
894 2723 1095 2792 ἐαυτὴν
1126 2721 1265 2776 κατά
1315 2720 1476 2789 φύσιν
1502 2720 1582 2781 εἰς
1630 2718 1855 2788 πυγμὴν
1877 2718 1973 2786 ἐᾷν

405 2816 734 2885 συνάγεσθαι
775 2815 872 2885 τὴν
923 2815 1206 2884 παλάμην,
1255 2812 1508 2882 καὶπρὸς
1538 2810 1683 2879 ἀφὴν
1710 2810 1972 2878 ἀνεπιτη-

401 2911 551 2961 δείαν
603 2907 752 2976 αὐτῷ
781 2923 839 2958 τε
869 2905 1046 2972 τούτῳ
1094 2903 1420 2972 πεφηνέναι,
1471 2901 1565 2954 καὶ
1598 2899 1677 2970 τῷ
1718 2899 1975 2965 καθάπαξ

400 3000 668 3068 ἀνωμάλῳ
695 3001 788 3052 καὶ
815 2999 1010 3066 τραχεῖ
1042 2995 1138 3049 καὶ
1169 2993 1478 3048 ἀκανθώδει
1529 2991 1636 3046 τῶν
1662 2992 1967 3058 δακτύλων,

401 3090 652 3156 καθάπερ
669 3089 805 3157 ἐφην
822 3103 838 3118 ⁸
869 3083 938 3156 ἦν
963 3086 1019 3140 δέ
1042 3086 1177 3156 πρὸς
1195 3086 1402 3146 τούτοις
1431 3083 1525 3136 καὶ
1547 3083 1723 3146 ἄλλως
1744 3083 1971 3153 αἰσχρόν

2079 1966 2339 2027 διανοίας.
2366 1965 2524 2018 Ἐπεὶ
2552 1963 2608 2017 δὲ
2646 1963 2744 2030 τῆς
2781 1961 2977 2022 νυκτὸς
3011 1961 3148 2031 πρὸς
3180 1959 3377 2029 δρθρον
3409 1959 3595 2026 ἰούσης
3629 1959 3660 2010 6

2077 2059 2271 2127 καιρδς
2294 2059 2374 2119 είς
2403 2074 2461 2109 τε
2490 2056 2582 2108 τὸν
2614 2056 2762 2123 ίερὸν
2780 2053 2918 2107 νεὼν
2950 2056 3046 2107 καὶ
3076 2055 3205 2116 τοὺς
3240 2054 3418 2114 θείους
3453 2051 3660 2119 ὕμνους

2076 2154 2260 2205 ἐκάλει
2319 2152 2588 2220 συνήθως,
2645 2149 3009 2217 ἐξανίσταμαι
3073 2147 3176 2215 τῆς
3213 2145 3532 2215 στρωμνῆς,
3564 2146 3660 2198 καὶ

2075 2246 2177 2312 τὴν
2225 2241 2518 2309 παιδίσκην
2579 2238 2724 2309 ῦδωρ
2777 2239 3030 2306 αἰτήσας,
3058 2237 3144 2305 ἐφ’
3174 2231 3302 2307 ᾧτῇ
3336 2235 3486 2307 δεξιᾷ
3521 2237 3661 2300 τέως

2077 2333 2340 2403 ἀπονίψαι
2397 2334 2467 2388 τά
2506 2333 2817 2404 πρόσωπαν
2872 2334 2905 2403 ή
2952 2333 3060 2402 γὰρ
3091 2331 3256 2401 ἑτέρα
3291 2330 3460 2384 πάλαι
3518 2330 3659 2401 πρὸς

2076 2423 2231 2476 ταῦτ’
2279 2419 2347 2492 ἦν
2380 2423 2571 2492 ἀργὸς,
2608 2423 2637 2474 6
2671 2423 2843 2492 δήπου
2895 2425 2988 2476 καὶ
3024 2421 3240 2490 φθάσας
3269 2424 3297 2475 6
3320 2423 3477 2488 λόγος
3513 2421 3658 2489 ἔφη’

2079 2517 2203 2569 ἐπεὶ
2235 2515 2440 2584 μεταξὺ
2468 2515 2818 2581 νιπτόμενος,
2849 2516 2943 2568 καὶ
2972 2516 3071 2584 τῆς
3114 2515 3270 2576 λαιᾶς
3297 2514 3548 2584 ἡψάμην,
3581 2513 3660 2576 ὡς

2076 2607 2221 2670 ἐθος,
2256 2607 2499 2676 εὑρίσκω
2523 2608 2586 2658 τὸ
2612 2607 2711 2675 μέν
2740 2607 2914 2669 πάθος
2942 2608 3142 2672 ἐκεῖνο,
3168 2607 3278 2660 τῶν
3303 2606 3508 2660 καινῶν
3535 2623 3655 2671 σου,

2076 2699 2302 2769 Χριστὲ,
2342 2699 2636 2768 θαυμάτων
2657 2701 2669 2753 ί
2702 2700 2804 2767 τῆς
2827 2700 3009 2769 χειρὸς
3031 2699 3412 2769 δραπετεῦσαν
3437 2698 3658 2767 ἀθρόον,

2076 2791 2153 2854 ῶς
2185 2790 2310 2861 μηδ’
2343 2793 2487 2862 ίχνος
2524 2792 2692 2847 αὐτοῦ
2742 2794 3108 2862 παραμεῖναι,
3160 2791 3261 2862 τὴν
3305 2791 3363 2844 δὲ
3397 2791 3661 2860 παλάμην

2075 2884 2372 2946 ἀκωλύτως
2396 2900 2456 2937 τε
2497 2883 2846 2952 κινουμένην,
2877 2885 2970 2937 καὶ
2989 2885 3070 2947 είς
3109 2884 3340 2951 πυγμὴν
3368 2884 3510 2936 κατά
3549 2883 3657 2950 φύ-

2077 2993 2164 3030 σιν
2194 2977 2594 3046 συναγομένην.
2631 2975 2817 3029 Ταῦτα
2854 2977 3218 3045 κατανοήσας,
3245 2975 3400 3044 φῶτά
3419 2991 3479 3027 τε
3504 2975 3656 3044 παρά

2076 3068 2176 3136 τῆς
2202 3066 2498 3137 παιδίσκης
2527 3065 2732 3128 εὐθέως
2753 3067 2911 3132 αἰτῶ,
2945 3067 3040 3119 καὶ
3061 3067 3159 3137 τὴν
3179 3065 3450 3134 ὀμόζυγον
3475 3067 3656 3134 ἐμαυ·

399 3196 453 3230 τι
490 3177 584 3231 καὶ
643 3156 879 3239 δυσειδὲς
915 3177 1095 3241 τοῦτο,
1132 3176 1225 3229 καὶ
1274 3173 1521 3244 ἀκοσμία
1568 3173 1646 3244 τῷ
1676 3175 1839 3227 παντὶ
1863 3173 1963 3226 σώο
1996 3181 2039 3238 ς
2075 3159 2172 3212 τοῦ
2203 3157 2465 3224 καλέσας»
2503 3158 2595 3212 καὶ
2635 3157 2775 3228 αὐτῇ
2816 3175 2878 3211 τε
2903 3158 2998 3211 καὶ
3027 3159 3143 3220 τοῖς
3167 3156 3419 3211 συνοῦσιν
3447 3156 3657 3209 ὑποδεῖ·

403 3284 554 3337 ματι.
599 3268 872 3330 Ἐνιαυτὸς
907 3265 1092 3334 δγδοος
1125 3267 1184 3318 ἐν
1220 3265 1438 3325 τούτοις
1488 3261 1716 3331 παρῄει,
1765 3263 1863 3315 καὶ
1887 3261 1974 3313 θε-

401 3358 633 3429 ραπείας
663 3357 817 3419 ἐλπίς
842 3374 924 3420 τις
957 3353 1027 3426 ἦν
1052 3353 1290 3424 οὐδαμοῦ
1315 3371 1329 3386 ο
1363 3353 1472 3407 τῶν
1501 3353 1558 3407 δέ
1585 3352 1726 3406 κατά
1750 3352 1850 3420 τὴν
1872 3351 1970 3406 τοῦ

403 3449 643 3518 μεγάλου
705 3449 862 3517 σορὸν
896 3447 1236 3516 τελουμένων
1285 3446 1580 3514 θαυμάτων
1604 3443 1878 3513 αὐτόπτης
1910 3459 1971 3496 τε

398 3542 492 3592 καὶ
521 3542 783 3610 αὐτήκοος
815 3540 1140 3608 γιγνόμενος
1197 3537 1322 3589 καθ’
1377 3537 1656 3606 ἑκάστην,
1715 3535 1968 3605 πρόσεισι

399 3628 494 3681 καὶ
517 3629 678 3691 αὐτὸς
716 3630 814 3680 σὺν
844 3629 958 3688 τοῖς
989 3627 1171 3689 ἄλλοις
1200 3626 1278 3696 τῷ
1314 3627 1494 3695 τάφῳ,
1533 3626 1628 3678 καὶ
1655 3625 1971 3696 προσκυνή-

401 3734 496 3781 σας
537 3718 744 3781 ἵστατο,
776 3717 875 3787 τὴν
903 3717 1002 3786 μὲν
1043 3717 1366 3786 πάσχουσαν
1400 3715 1671 3778 ἐπιτιθεὶς
1695 3718 1852 3786 χεῖρα
1873 3717 1970 3770 καὶ⁵

398 3813 753 3883 παρατρίὸων
815 3811 895 3880 τῷ
933 3811 1087 3882 λίθῳ,
1149 3812 1286 3881 πρὸς
1335 3811 1394 3865 δέ
1424 3811 1516 3864 τὸν
1573 3811 1716 3865 θετον
1765 3812 1971 3864 ιῖυσανεί⁵

397 3905 576 3968 ζῶντα
619 3903 839 3972 βλέπειν
887 3901 1059 3955 δοκῶν
1118 3901 1156 3954 Γ
1163 3903 1419 3973 ρηγόριον
1465 3902 1554 3955 διὰ
1593 3905 1695 3973 τῆς
1735 3903 1966 3965 εἰκόνος,

396 3995 491 4048 καὶ
541 3994 718 4047 τοιάδε
770 3991 972 4061 φιλικῷ
1018 4010 1124 4045 τινι
1161 3993 1256 4045 καὶ
1289 3993 1491 4063 ἀστείῳ
1538 3993 1616 4063 τῷ
1663 3993 1785 4063 ἤθει
1827 3993 1966 4061 μετά

397 4086 594 4152 πολλῆς
621 4085 721 4151 τῆς
753 4082 966 4144 εὐνοίας
1006 4083 1416 4154 ὑποψιθυρίζων
1443 4100 1500 4136 τε
1539 4086 1632 4138 καὶ
1669 4084 1923 4153 δεόμενος
1945 4097 1961 4112 ⁸

395 4175 504 4230 Νῦν
533 4179 630 4244 τῆς
664 4176 799 4245 πρὸς
850 4173 983 4228 Θεὸν
1026 4176 1342 4247 παρρησίας
1399 4175 1724 4246 τρανότερόν
1755 4193 1815 4228 τε
1869 4175 1965 4228 καὶ

391 4265 772 4334 καθαρώτερον
805 4265 1118 4330 ἀπολαύων,
1147 4260 1192 4318 ὧ
1224 4265 1345 4332 φίλε
1372 4265 1610 4334 Χριστοῦ
1647 4265 1838 4334 γνήσιε
1872 4267 1962 4329 σύ,

393 4356 568 4424 ῥᾷστα
620 4358 730 4416 τοῖς
759 4354 1032 4419 δεομένοις
1063 4354 1160 4416 τὰς
1205 4354 1453 4422 αἰτήσεις
1499 4351 1706 4421 ἰσχύεις
1739 4351 1961 4416 διδόναι,

392 4446 792 4515 προϊστάμενος
821 4444 917 4497 καὶ
955 4441 1279 4513 πρεσϐεύων
1320 4441 1461 4511 ὑπὲρ
1487 4443 1696 4494 τούτων
1717 4441 1960 4511 ἀμέσως·

2079 3253 2173 3319 ξας
2210 3256 2271 3307 16
2304 3253 2512 3324 θαῦμα,
2569 3254 2704 3308 Θεὸν
2744 3253 3120 3324 ἀνυμνοῦντες
3181 3253 3301 3322 μετ’
3331 3253 3653 3321 ἐκπλήξεως

2073 3344 2214 3418 ἦμεν
2241 3351 2336 3401 καὶ
2373 3347 2468 3402 τὸν
2500 3350 2675 3418 μέγαν
2704 3349 2917 3401 ἐκείνου
2947 3347 3278 3418 θεράποντα.
3329 3348 3396 3399 Τί
3411 3347 3472 3400 τὸ
3498 3347 3648 3418 ἐξῆςς

2074 3443 2338 3512 Πρόσεισι
2377 3443 2476 3512 μὲν
2509 3445 2536 3495 6
2566 3441 2704 3512 ἀνὴρ
2725 3444 2792 3512 τῇ
2836 3442 2930 3495 τοῦ
2963 3443 3120 3510 ἁγίου
3154 3442 3248 3496 καὶ
3298 3441 3453 3503 αὖθις
3483 3443 3648 3510 σορῷ,

2071 3537 2171 3606 τὴν
2201 3538 2295 3602 τῆς
2354 3537 2599 3605 μεγάλης
2654 3537 2864 3604 ταύτης
2907 3534 3237 3604 εὐεργεσίας
3289 3533 3648 3604 εὐχαριστίαν

2072 3629 2366 3691 ἀποδιδοὺς
2403 3629 2540 3695 μετά
2564 3627 2660 3680 τοῦ
2691 3628 2960 3698 προτέρου
2990 3629 3276 3697 σχήματος
3308 3627 3399 3680 καὶ
3431 3627 3525 3680 τοῦ
3549 3646 3651 3696 χα-

2076 3723 2284 3791 ρίεντος
2309 3722 2474 3790 ήθους
2497 3737 2511 3752 ’
2559 3723 2587 3774 6
2615 3721 2672 3774 δι
2704 3736 2768 3787 γε
2823 3719 3158 3791 προῤῥηθεὶς
3193 3719 3428 3789 μοναχὸς
3459 3719 3650 3771 ἐνιδὼν

2071 3815 2166 3866 καὶ
2204 3808 2382 3874 αὖθις.
2409 3813 2504 3864 καὶ
2532 3811 2686 3874 αὖθις
2717 3810 2993 3874 ὀνειδίζων
3021 3811 3290 3873 ὡσαύτως
3312 3807 3402 3881 ἦν,
3435 3811 3528 3863 καὶ
3551 3812 3651 3881 τὴν

2068 3903 2335 3972 διάχυσιν,
2370 3903 2445 3965 ὡς
2470 3902 2633 3972 ᾤετο,
2661 3903 2756 3955 καὶ⁵
2785 3904 2884 3970 τὴν
2919 3903 3320 3972 περιφρόνησιν
3373 3904 3644 3970 ἐγκαλῶν.

2080 3995 2140 4048 ’0
2179 3994 2224 4046 δ’
2256 3991 2594 4061 ὐφαπλώσας
2639 3992 2841 4056 εὐθέως
2893 3994 2991 4062 τὴν
3035 3993 3282 4046 ίαθείσαν
3335 3997 3513 4062 χεῖρα.
3551 3995 3647 4046 καὶ

2069 4087 2293 4140 σιωπῶν
2325 4087 2696 4156 ἀνακηρύττει
2742 4085 2803 4138 τὸ
2833 4083 3057 4156 θαῦμα·
3113 4087 3180 4158 ἢν
3240 4089 3512 4141 κατιδόντι
3567 4090 3645 4160 τῷ

2071 4179 2295 4249 μοναχῷ
2358 4179 2453 4231 καὶ
2497 4176 2900 4247 ἐκπλήττεσθαι
2939 4177 3033 4231 καὶ
3088 4182 3328 4248 κροτεῖν,
3365 4183 3454 4233 καὶ
3488 4186 3638 4254 φωνῇ

2064 4268 2372 4338 διαπρυσίῳ
2401 4267 2535 4320 Θεὸν
2567 4267 2738 4320 ἐποίει
2765 4267 3034 4333 δοξάζειν,
3063 4271 3161 4322 καὶ
3205 4271 3299 4324 τὸν
3333 4271 3498 4325 αὐτοῦ
3544 4291 3639 4339 με-

2065 4358 2318 4429 γαλύνειν
2341 4358 2670 4426 θεράποντα.
2695 4353 2828 4411 Είτα
2852 4360 2946 4411 καὶ
2965 4360 3032 4429 τῇ
3058 4357 3151 4411 τοῦ
3173 4360 3327 4427 ἀγίου
3348 4363 3640 4432 προσσχὼν

2064 4449 2254 4511 εἰκόνι,
2290 4446 2437 4516 Ἐγὼ
2483 4447 2608 4516 μιν,
2665 4446 2876 4515 ελεγεν,
2906 4447 3163 4519 ἄνθρωπε
3199 4449 3292 4502 τοῦ
3325 4451 3483 4515 Θεοῦ,
3521 4454 3642 4522 μετ’

392 4538 582 4606 καιρὸς
606 4535 892 4607 τοιγαροῦν
907 4535 1004 4590 καὶ
1031 4536 1173 4605 ὑπὲρ
1203 4535 1340 4601 ἐμοῦ
1367 4536 1462 4587 καὶ
1506 4533 1602 4586 τοῦ
1631 4533 1731 4605 τῆς
1777 4535 1958 4604 χειρὸς
1988 4527 2037 4587 Ι)
2063 4537 2380 4607 ἀμφισόλων
2399 4537 2566 4591 τινῶν
2580 4537 2690 4591 τῶν
2709 4537 2983 4607 λογισμῶν
3004 4539 3061 4601 ἐς
3077 4538 3240 4609 δεῦρο
3260 4542 3642 4611 προσεδρεύων

387 4631 542 4683 τοῦδε
595 4629 819 4694 πάθους,
856 4632 920 4700 τῇ
983 4629 1121 4700 πρὸς
1179 4627 1314 4684 Θεὸν
1352 4627 1525 4699 ταύτῃ
1555 4627 1865 4696 χρήσασθαί
1898 4643 1959 4680 σε

388 4720 672 4791 παρρησίᾳ
696 4721 785 4772 καὶ
809 4721 878 4790 τῇ
907 4720 1158 4790 δυνάμει,
1189 4719 1287 4772 καὶ
1312 4719 1406 4770 τὸν
1435 4717 1568 4770 Θεὸν
1595 4718 1752 4770 ίλεων
1781 4719 1958 4786 ἀπερο

387 4808 658 4870 γάσασθαι
698 4810 865 4876 κάμοὶ
894 4810 991 4860 καὶ
1021 4807 1265 4875 σωτῆρα,
1301 4803 1611 4873 μνησθέντα
1655 4805 1796 4856 κατά
1841 4820 1958 4856 και-

387 4902 479 4972 ρὸν
519 4901 625 4954 τῶν
659 4898 859 4954 σαυτοῦ
894 4899 1064 4966 λόγων
1091 4900 1182 4950 καὶ
1209 4898 1309 4968 τῆς
1354 4896 1689 4963 ἐπαγγελίας
1717 4896 1958 4965 ἐκείνης,

381 4992 450 5062 ἢν
481 4992 617 5061 πρὸς
663 4991 811 5061 ήμάς
858 4991 986 5052 τοὺς
1039 4978 1295 5052 ἀναξίους
1349 4986 1532 5039 ἐποιοῦ
1563 4985 1827 5056 τότε,,τῷ
1855 4987 1957 5056 βίῳ

382 5079 476 5137 καί
504 5086 568 5154 τῇ
613 5085 779 5154 σαρκὶ
803 5082 1013 5152 περιὼν
1045 5082 1158 5134 ἐτι⁹
1185 5080 1344 5142 Θεὸς,
1371 5079 1571 5147 λέγων,
1612 5079 1777 5142 ἀξίως
1797 5080 1956 5149 ἀμεί-

381 5176 542 5246 ψεται
571 5192 664 5228 σου
701 5173 792 5227 τὸν
824 5173 966 5246 ὑπὲρ
1007 5173 1268 5244 ἀληθείας
1313 5173 1407 5224 καὶ
1443 5171 1536 5225 τοῦ
1592 5171 1760 5224 καλοῦ
1789 5172 1954 5242 ζῆλόν

382 5285 440 5322 τε
468 5269 559 5321 καὶ
591 5267 690 5339 τὴν
723 5267 996 5320 ἔνστασιν.
1057 5264 1246 5319 Ταῦτα
1296 5265 1608 5336 χαριέντως
1645 5281 1780 5329 πως,
1816 5265 1954 5333 ὅπερ

382 5361 539 5430 ἔφην,
574 5361 668 5414 καὶ
693 5352 804 5412 οἷον
833 5357 1194 5426 ὑπομειδιῶσι
1221 5358 1334 5420 τοῖς
1358 5355 1587 5426 χείλεσι,
1609 5355 1686 5425 τῷ
1708 5357 1952 5426 περιόντι

380 5453 476 5506 τοῦ
508 5452 674 5506 πόθου
704 5468 762 5505 τε
787 5452 884 5504 καὶ
920 5451 1022 5520 τῆς
1053 5447 1549 5517 πίστεως,δεομένῳ
1577 5447 1788 5518 τάνδρὶ,
1841 5447 1950 5500 τῶν

380 5561 464 5606 τις
495 5542 972 5612 προσεδρευόντων
1003 5541 1121 5594 ἐκεί
1155 5541 1458 5611 θεραπείας
1507 5540 1669 5608 χάριν
1695 5539 1754 5603 ἐξ
1796 5538 1954 5592 ἀλλο-

378 5638 552 5706 δαπῆς
578 5635 750 5706 ἥκων,
789 5635 1023 5706 μοναχὸς
1045 5633 1142 5704 τὴν
1177 5635 1352 5698 τάξιν,
1395 5633 1668 5704 βάρϐαρος
1713 5634 1816 5702 μὲν
1852 5633 1950 5704 τὴν

382 5731 564 5796 φωνὴν
592 5729 684 5781 καὶ
721 5729 780 5780 τὸ
817 5724 968 5799 ἦθος,
1002 5727 1206 5795 ἀγαθὸς
1235 5727 1292 5778 δέ
1347 5744 1431 5788 τις
1465 5726 1608 5796 μάλα
1655 5726 1750 5778 καὶ
1781 5742 1950 5778 σπου-

378 5824 522 5884 δαῖος
575 5822 664 5874 τὸν
717 5821 937 5892 τρόπον,
981 5820 1069 5873 τὸν
1116 5818 1392 5889 ὀφθαλμὸν
1419 5817 1693 5872 ἐπιὸαλὼν
1728 5818 1942 5887 ἐκείνῳ,

2061 4628 2140 4695 τῷ
2173 4627 2250 4697 σῷ
2282 4627 2412 4698 θείῳ
2437 4628 2613 4697 τάφῳ,
2647 4629 2742 4680 καὶ
2771 4627 2859 4680 διά
2895 4628 3055 4681 ταῦτ’
3076 4628 3186 4698 ἀρα
3215 4633 3310 4682 καὶ
3346 4631 3446 4698 τῆς
3481 4634 3643 4702 αἰτή-

2063 4737 2224 4784 σεως,
2252 4719 2328 4784 ὡς
2352 4719 2519 4780 ἔοικε.
2551 4722 2644 4774 καὶ
2687 4720 2788 4790 τῆς
2837 4719 3142 4790 θεραπείας
3195 4723 3593 4791 ἀποτυγχὰνωί
3621 4763 3638 4786 ,

2060 4813 2161 4883 ἤδη
2192 4813 2442 4880 καὶπρὸς
2471 4811 2597 4872 τοὺς
2626 4812 2859 4875 οἰκείους
2889 4813 3252 4880 ὑποστρέφειν
3287 4813 3633 4884 διενοούμηνο

2057 4903 2194 4958 ἀλλά
2224 4902 2319 4955 νῦν
2361 4903 2461 4955 οὐκ
2490 4901 2761 4970 ἀφέξομαι
2814 4919 2911 4955 σου
2961 4904 3054 4955 καὶ
3083 4903 3193 4954 τῶν
3229 4903 3340 4955 σῶν
3363 4906 3635 4973 χαρισμά-

2057 5011 2167 5048 των
2189 5009 2201 5024 ’
2265 4994 2324 5045 οὐ
2383 4994 2458 5062 μὰ
2485 4994 2610 5056 τοὺς
2647 4994 2789 5064 ὐπέρ
2819 4993 3020 5064 ἀρετῆς
3066 4995 3194 5057 σούς
3222 4995 3502 5062 καμάτους
3539 4995 3638 5048 καὶ

2057 5084 2126 5136 τά
2162 5083 2374 5151 μεγαλα
2406 5085 2568 5136 ταυτὶ
2616 5083 2910 5153 θαύματα·
2972 5083 3088 5136 ἀλλ’
3139 5082 3377 5136 ἐνταῦθα
3425 5083 3490 5153 δὴ
3535 5085 3634 5137 καὶ

2056 5173 2364 5242 παραμενῶ
2393 5175 2483 5226 καὶ
2515 5172 2950 5244 προσδιατρίψω,
2987 5174 3092 5236 ἐως
3117 5173 3185 5226 ἂν
3227 5174 3323 5228 καὶ
3347 5174 3512 5238 αὐτὸς
3540 5175 3628 5228 διὰ

2057 5264 2150 5318 σοῦ
2179 5266 2275 5320 καὶ
2300 5267 2400 5334 τῆς
2430 5267 2531 5336 σῆς
2577 5265 2777 5336 δηλαδὴ
2833 5265 3119 5333 μεσιτείας
3144 5267 3296 5338 παρὰ
3329 5265 3468 5320 Θεοῦ
3518 5267 3628 5319 τῶν

2055 5357 2236 5411 αὐτῶν
2297 5357 2556 5427 ἐπιτύχω.
2624 5357 2734 5410 Καὶ
2762 5357 2860 5427 οὐχ
2889 5357 3108 5428 ἥμαρτέ
3162 5375 3226 5424 γε
3253 5359 3347 5410 τοῦ
3391 5357 3620 5423 σκοποῦ,

2054 5449 2235 5512 καλῶς
2290 5451 2491 5502 οὑτωσὶ
2546 5449 2640 5502 καὶ
2680 5449 2876 5518 κρίνας
2930 5453 3023 5502 καὶ
3052 5449 3299 5518 δεηθείς’
3361 5449 3496 5502 ἀλλά
3532 5451 3628 5502 καὶ

2051 5540 2313 5609 τυγχάνει
2341 5541 2485 5609 μάλα
2513 5540 2746 5609 ταχέως,
2781 5542 2876 5592 καὶ
2902 5539 2999 5610 τὴν
3050 5539 3350 5607 θεραπείαν
3390 5542 3626 5608 κομισά-

2055 5645 2214 5698 μενος
2235 5629 2310 5692 ὼς
2340 5627 2543 5692 ἐπόθει,
2566 5629 2769 5699 σπουδῇ
2797 5629 2931 5699 πρὸς
2948 5629 3074 5693 τούς
3097 5629 3332 5691 οἰκείους
3352 5631 3620 5685 ἐπάνεισι.

2051 5721 2162 5773 Καὶ
2191 5720 2348 5791 δῆλον
2380 5721 2623 5772 ἐκεῖθεν·
2669 5719 2762 5787 Ἐξ
2813 5720 3025 5773 ἐκείνου
3079 5723 3171 5774 καὶ
3220 5722 3347 5790 γάρ,
3381 5724 3570 5787 φησιν,
3599 5725 3626 5773 6

2052 5814 2318 5886 πρότερος
2348 5813 2514 5876 ἰαθεὶς
2541 5814 2747 5877 ἐκεῖνος
2775 5814 2872 5884 τὴν
2902 5817 3083 5883 χεῖρα,
3118 5813 3242 5868 καθ’
3275 5813 3516 5884 ἑκάστην
3548 5815 3624 5882 τις»
