4470 6450
791 371 886 433 792
1833 381 2260 442 I’HILOTIIEI
2296 386 2399 443 CP.
2449 385 2956 445 PATRIARCILE

3923 386 4027 448 792

777 483 870 548 μδς
925 482 1125 549 Nam;
1152 484 1229 544 εἷς
1276 486 1424 544 τέλος
1455 489 1889 561 ἀποτεφροῦντα.
1933 493 2094 546 Ἀλλά
2130 493 2246 556 πῶς
2279 497 2344 547 ἂν
2380 498 2418 552 Α
2448 499 2555 550 τῶν
2594 499 2660 549 τὰ
2713 499 2977 566 Βαρλαάμ
3029 502 3118 552 καὶ
3165 501 3474 554 Ἀκινδύνου
3527 501 3868 568 φρονούντων
3927 501 4019 551 ἐπὶ

777 575 1007 639 ἐκείνοις
1034 578 1196 641 αὐτὸς
1231 581 1368 650 μετά
1403 582 1498 648 τῆς
1526 586 1855 654 γιγνομένης
1884 585 2143 654 ἀληθείας
2173 603 2346 654 προσο

775 670 951 735 ἔσχες.
1001 673 1028 721 ό
1073 671 1194 738 μηδ’
1229 674 1392 726 αὐτὸν
1455 678 1665 728 τουτονὶ
1722 679 1810 728 τὸν
1860 678 2004 747 ίερόν
2057 697 2199 748 φημι
2250 683 2349 747 τῆς

780 759 1003 810 ξυνόδου
1057 762 1218 827 τόμον
1236 765 1504 830 ἀναγνοὺς
1534 768 1701 833 ὑγιῶς
1729 771 1820 820 καὶ
1849 770 2184 832 ἀπταίστως,
2213 771 2347 823 ἀλλά

778 852 1080 917 σπαράξας,
1123 857 1214 907 καὶ
1265 858 1610 923 κατατεμὼν,
1661 861 1754 911 καὶ
1799 860 1894 927 τῆς
1952 861 2243 929 συναφείας
2290 861 2348 912 τὸ

778 938 1043 1005 πλεῖστον,
1076 943 1107 1012 ἢ
1137 946 1231 997 καὶ
1253 947 1312 998 τδ
1336 949 1464 1012 πᾶν,
1497 951 1635 1018 πλὴν
1665 952 1847 1018 ὀλίγου
1873 953 1931 1018 γέ
1967 969 2132 1014 τινος,
2155 953 2348 1019 ἀφελέ-

777 1049 958 1099 μενος,
995 1035 1070 1093 ὡς
1099 1040 1376 1103 προϊόντες
1431 1043 1572 1107 μετά
1612 1046 1806 1113 μικρὸν
1837 1046 2116 1114 δείξομενς
2163 1046 2222 1098 ’0
2248 1047 2346 1114 μὲν

775 1120 870 1174 03v
897 1129 1035 1180 κατά
1055 1130 1145 1180 τεῦ
1171 1132 1264 1199 τῆς
1289 1133 1569 1197 εὐσεϐείας
1589 1138 1714 1203 ὅρου
1744 1135 1973 1189 τοιαῦτα
1997 1139 2345 1206 τετολμηκὼς

776 1218 1268 1294 ἀνακεκαλυμμένῃ
1319 1227 1384 1293 τῇ
1417 1227 1623 1294 κεφαλῇ
1668 1244 1816 1293 φασι,
1854 1229 1946 1280 καὶ
1992 1229 2116 1296 δίχα
2149 1231 2344 1290 παντὸς

777 1307 1139 1374 ἐρυθήματος,
1189 1315 1328 1365 κατὰ
1359 1315 1465 1365 τῶν
1513 1317 1671 1382 ἱερῶν
1705 1319 1928 1371 ἐκείνων
1958 1319 2137 1388 μερῶν
2163 1337 2218 1370 τε
2251 1321 2344 1371 καὶ

777 1400 1192 1466 σπαραγμάτων
1235 1404 1326 1454 τοῦ
1358 1405 1454 1472 τῆς
1490 1407 1770 1469 εὐσεϐείας
1803 1411 1927 1477 ὅρου
1962 1414 2144 1479 χωρεῖ,
2182 1411 2342 1478 διωγ-

777 1489 911 1552 μοὺς
965 1493 1056 1542 καὶ
1100 1493 1403 1560 καθείρξεις
1432 1539 1444 1560 ,
1488 1499 1583 1550 καὶ
1639 1499 1947 1568 δημεύσεις,
2002 1503 2096 1552 καὶ
2145 1502 2342 1568 φόϐους

773 1581 1156 1649 ἀναπλάττων,
1187 1587 1256 1637 τὰ
1289 1590 1556 1655 μηδαμῶς
1582 1591 1729 1652 ϐντα,
1761 1593 1856 1643 καὶ
1887 1593 2021 1660 πρδς
2043 1593 2253 1654 τούτοις
2271 1594 2343 1656 ῶς

775 1677 830 1725 ἐν
908 1682 1078 1748 σκηνῇ
1135 1679 1227 1730 καὶ
1286 1680 1523 1748 δράματι
1581 1682 1792 1750 μύστην
1851 1685 1971 1736 τινὰ
2033 1691 2129 1737 καὶ
2193 1683 2344 1751 φίλον

773 1770 914 1837 ἀωρὶ
951 1771 1163 1824 νυκτῶν
1210 1773 1420 1837 ψευδῶς
1463 1774 1699 1841 εἰσάγων
1739 1777 1870 1842 προς
1914 1777 2124 1839 ἑαυτὸν,
2153 1777 2217 1828 τά
2247 1776 2340 1828 τοῦ

2453 593 2552 659 τῆς
2586 593 2733 658 ἱερᾶς
2760 591 2974 658 ἐκείνης
3006 593 3245 656 συνόδου,
3275 593 3440 660 φησὶν
3475 594 3564 645 ἐπὶ
3607 593 3803 657 λέξεως
3843 595 3870 645 ό
3896 592 4022 645 ταύ-

2453 699 2548 748 της
2578 683 2718 748 ἱερὸς
2747 684 2909 750 τόμος
2937 681 3108 744 οὕτως
3135 699 3149 713 ο
3192 702 3209 733 ι
3252 684 3372 736 Τῶν
3402 685 3458 734 δέ
3484 684 3899 752 διαφερομένων
3927 685 4022 735 καὶ⁸

2453 773 2530 824 ἔτι
2577 773 2809 835 ἀνιάτως
2854 773 3105 841 ἐχόντων,
3145 774 3289 838 ἔδοξε
3337 775 3546 826 δίκαιον
3580 775 3794 826 σύνοδον
3826 775 4022 844 ἑτέραν

2453 861 2614 912 πάλιν
2654 863 3109 930 συγκροτηθῆναι,
3144 861 3284 914 ὥστε
3330 862 3396 914 δι’
3441 863 3738 926 ἐξετάσεως
3772 881 4020 931 φανερω-

2449 954 2612 1018 τέραν
2647 952 2900 1017 γενέσθαι
2943 952 3068 1020 περὶ
3127 951 3232 1003 τῶν
3281 953 3742 1022 προϐεϐλημένων
3778 955 3876 1022 τὴν
3922 956 4020 1022 τῆς

2451 1044 2729 1105 εὐσεϐείας
2772 1044 3029 1113 ἀλήθειαν
3081 1047 3144 1097 ἐκ
3176 1045 3283 1096 τῶν
3330 1049 3442 1107 τοῖς
3485 1047 3665 1112 ἁγίοις
3701 1047 4022 1116 τεθεολογη-

2455 1136 2648 1202 μένων.
2684 1138 2794 1188 Καὶ
2812 1137 2874 1203 δὴ
2899 1139 3216 1208 γενομένης,
3243 1138 3352 1190 τῶν
3369 1140 3824 1207 ἐτεροδοξούντων
3843 1145 4017 1195 {mav-

2449 1229 2610 1294 τῆσαι
2654 1227 2726 1296 μὴ
2761 1229 3149 1298 βουληθέντων,
3188 1230 3303 1284 ἀλλ’
3351 1232 3693 1284 ἀπειπόντων
3724 1233 3884 1286 τοῦτο
3919 1252 4018 1285 κα-

2451 1321 2650 1386 θάπαξ,
2702 1324 2728 1373 ὁ
2771 1323 3159 1384 εὐσεϐέστατος
3201 1323 3459 1374 ἐκέλευσε
3495 1323 3772 1392 βασιλεὺς,
3806 1327 4018 1379 πολλῶν

2447 1411 2791 1479 δογματικῶν
2842 1414 3147 1479 κεφαλαίων
3205 1414 3664 1483 προϐεϐλημένων
3723 1419 3802 1476 είς
3845 1417 4013 1486 ζήτη-

2451 1520 2588 1555 σιν.)

2524 1610 2541 1642 ι
2569 1591 2793 1658 Πρώτου
2830 1594 2948 1660 μὲν,
2964 1595 3010 1645 εί
3033 1595 3177 1645 ἐστιν
3195 1593 3288 1646 ἐπὶ
3309 1595 3444 1647 Θεοῦ
3473 1596 3781 1666 θεοπρεπὴς
3801 1598 4014 1667 διάκρι-

2449 1696 2530 1739 σις
2561 1679 2741 1740 οὐσίας
2775 1682 2866 1731 καὶ
2920 1682 3199 1749 ἐνεργείας
3249 1698 3264 1713 ⁶
3298 1682 3488 1735 ἔπειτα
3523 1686 3849 1754 διακρίσεως
3884 1689 4017 1739 ἀνα-

2451 1775 2734 1841 φανείσης,
2766 1775 2990 1842 πότερον
3020 1774 3052 1842 ἡ
3088 1775 3337 1842 ἐνέργεια
3387 1775 3525 1842 αῦτη
3564 1780 3754 1844 κτιστή
3788 1781 3956 1840 ἐστιν,
3981 1781 4013 1847 ἢ

776 1859 925 1925 ἱεροῦ
953 1862 1120 1929 τόμου
1149 1865 1404 1930 ῥήγματα
1430 1864 1588 1932 δῆθεν
1616 1866 1941 1929 ἐπιδιδόντα,
1968 1866 2060 1918 καὶ
2091 1867 2226 1935 πρὸς
2255 1867 2347 1918 ἀν·
2379 1871 2419 1925 Β
2449 1866 2700 1925 ἀκτιστος
2722 1881 2736 1895 ⁶
2767 1867 2951 1934 τρίτον
2981 1866 3057 1929 δέ,
3093 1867 3145 1918 εῐ
3197 1883 3257 1932 γε
3315 1870 3568 1931 ἁκτιστος
3602 1871 3946 1939 ἀποδειχθείη
3979 1874 4012 1940 ὴ

774 1954 1035 2019 τιλογίαν,
1074 1957 1404 2026 διαστροφὴν
1439 1958 1493 2010 δέ
1525 1963 1616 2011 καὶ
1649 1963 2008 2028 συκοφαντίαν
2040 1961 2239 2030 μᾶλλον
2271 1962 2343 2014 εί-

772 2049 897 2096 πεῖν
928 2047 1151 2099 ἐκείνων
1183 2050 1611 2117 παρακαλοῦντα
1640 2093 1654 2115 ,
1689 2054 1829 2104 καθά
1858 2053 1920 2121 δὴ
1949 2055 2040 2105 καὶ
2075 2054 2285 2120 φθάσας
2317 2055 2344 2106 ὀ

773 2138 929 2203 λόγος
971 2140 1229 2207 ἐδήλωσε,
1283 2142 1448 2210 τόμον
1476 2183 1488 2207 ,
1518 2143 1577 2195 ὃν
1620 2146 1816 2196 ἐκεῖνοι
1857 2147 2162 2210 φθάσαντες
2186 2146 2342 2215 ἔσχον

772 2229 890 2280 ὅλον
931 2232 1060 2297 παρ’
1092 2235 1322 2295 ἑαυτοῖς,
1356 2236 1606 2305 καθάπερ
1638 2239 1699 2305 δὴ
1742 2241 1832 2289 καὶ
1861 2239 2039 2307 ἡμεῖς.

857 2320 915 2374 Ὀ
952 2322 1078 2387 γοῦν
1107 2324 1184 2392 τῷ
1207 2325 1305 2390 τῆς
1335 2327 1589 2395 ἀληθείας
1623 2329 1894 2397 ᾑρημένος
1914 2329 2216 2396 ἀντιλέγειν
2253 2331 2340 2382 οὐ-

771 2413 906 2462 τωσὶ
939 2412 1104 2482 λόγῳ,
1142 2418 1464 2484 μαινόμενος
1493 2418 1591 2486 μὲν
1621 2420 1894 2488 ἀκρατῶς,
1925 2423 2017 2473 καὶ
2055 2423 2340 2488 σφαδάζων

774 2503 894 2554 κατ’
924 2506 987 2556 αὐ
1000 2506 1086 2556 τοῦ
1129 2509 1223 2559 καὶ
1246 2509 1424 2576 ἡμῶν,
1453 2512 1588 2578 πρὸς
1618 2512 1672 2563 δὲ
1696 2512 1792 2581 τὴν
1819 2513 1968 2580 ίσχύν
1985 2513 2192 2581 ἐκείνου
2219 2514 2339 2582 μηδ’

773 2595 1091 2663 ἀντιϐλέψαι
1138 2598 1269 2665 μηδέ
1304 2600 1460 2666 χᾶναι
1508 2600 1837 2670 δυνάμενος,
1876 2606 2010 2672 πρὸς
2053 2605 2120 2656 τά
2169 2622 2337 2656 κατα-

769 2687 1051 2753 τμηθέντα
1081 2689 1459 2754 διαγωνίζεται
1487 2692 1648 2760 μέρη,
1681 2695 2133 2762 παρακερδαίνειν
2165 2697 2342 2764 μάτην

774 2778 1026 2830 ἐντεῦθεν
1059 2781 1326 2847 οίόμενος,
1357 2782 1608 2852 καθάπερ
1643 2786 1735 2836 ἐπὶ
1777 2785 1882 2837 τῶν
1936 2789 2338 2852 στρατοπέδων,

772 2871 820 2918 οί
873 2872 992 2930 ταῖς
1029 2872 1126 2937 μὲν
1164 2872 1394 2941 φάλαγξι
1440 2875 1546 2925 τῶν
1597 2876 1874 2944 πολεμίων
1921 2876 1988 2929 δι’
2038 2879 2342 2948 ἀδυναμίαν

775 2960 1139 3029 προσϐάλλειν
1174 2964 1312 3015 κατα
1365 2965 1613 3033 μέτωπον
1648 2969 2094 3037 παραιτούμενοι,
2125 2973 2248 3032 τοὺς
2284 2971 2338 3022 δέ

777 3053 998 3115 καθένα,
1033 3058 1123 3105 καὶ
1156 3057 1347 3108 σύνδυο
1372 3059 1570 3123 μᾶλλον
1597 3060 1882 3128 λοχῶντες,
1926 3063 1956 3130 ἤ
1987 3062 2080 3114 καὶ
2107 3064 2218 3122 τοῖς
2249 3064 2339 3113 οὐ-

777 3148 964 3210 ραγοῖς
1015 3145 1288 3212 ἀνάνδρως
1333 3147 1711 3214 ἐπιτιθέμενοι.
1764 3149 1905 3216 Ἐγὼ
1936 3151 1981 3202 δ’
2015 3153 2062 3202 εί
2104 3152 2200 3219 μὲν
2232 3151 2332 3202 ἐώ-

779 3252 888 3304 ρων
925 3240 1154 3301 ἐκεῖνον,
1188 3240 1320 3307 πρὸς
1350 3241 1474 3300 ἔπος
1496 3260 1542 3292 τι
1575 3243 1764 3307 λέγειν·
1781 3243 1914 3302 ὅλως
1936 3243 2216 3308 δοκοῦντα,
2250 3244 2341 3297 καὶ

774 3329 955 3394 λόγοις
1009 3332 1331 3383 οἱστισινοῦν
1389 3335 1479 3384 καὶ
1532 3336 1791 3402 νρὴμασι,
1829 3339 1968 3388 κατά
2002 3338 2125 3398 τοὺς
2177 3338 2340 3389 αὐτοῦ

778 3427 1170 3490 μυσταγωγοὺς
1202 3427 1359 3486 ’τέως
1393 3427 1656 3489 ἐκείνους,
1688 3431 1797 3490 τοῖς
1830 3430 2008 3494 ὐγιέσι
2053 3431 2150 3496 τῆς
2185 3431 2341 3482 εὐσε-

776 3515 924 3573 ϐείας
965 3517 1312 3583 ἀντιλέγοντα
1377 3519 1668 3586 δόγμασιν,
1733 3521 1830 3571 οὐκ
1895 3521 1960 3572 ἂν
2011 3521 2129 3572 οὐδέ
2183 3522 2339 3583 αὐτὶς

774 3605 1074 3672 ἀπώκνησα
1131 3608 1265 3676 πρὸς
1317 3610 1375 3658 τὸ
1430 3611 1600 3678 μῆκος
1638 3611 1730 3661 τοῦ
1776 3611 1958 3676 λόγου,
2007 3614 2074 3679 τῇ
2112 3612 2338 3679 ἀληθεία

776 3699 915 3751 κατά
948 3697 1040 3749 τοῦ
1072 3697 1298 3765 ψεύδους
1329 3699 1401 3759 ὡς
1431 3701 1494 3751 ἂν
1521 3695 1629 3762 οἷός
1652 3719 1709 3752 τε
1742 3696 2079 3769 ὧχρώμενος
2102 3718 2113 3729 ·
2137 3703 2257 3753 ἐπεὶ
2286 3703 2339 3754 δὲ

779 3789 1039 3858 ῥημάτων
1096 3789 1267 3849 ἄλλως
1318 3789 1471 3858 ὄχλος
1525 3792 1728 3850 ἐκεῖνα,
1781 3792 1871 3841 καί
1924 3792 2206 3858 συρφετὸς,
2248 3792 2340 3841 καὶ

778 3882 1036 3949 σύγχυσις
1066 3882 1344 3952 ἄντικρυς,
1382 3883 1474 3934 καὶ
1499 3883 1652 3934 οὐδὲν
1685 3882 1856 3948 ύγιές,
1894 3883 2049 3934 τοῦτό
2073 3901 2169 3955 μοι
2197 3881 2342 3934 δοκεῖ

776 3972 1027 4040 ποιητέον
1058 3969 1217 4035 εἶναι,
1253 3973 1390 4025 καθά
1420 3972 1483 4040 δὴ
1512 3973 1604 4023 καὶ
1632 3972 1901 4041 προύφην,
1937 3973 2215 4040 προθεῖναι
2241 3972 2340 4040 μὲν

777 4063 870 4114 καὶ
899 4067 1226 4130 συναγαγεῖν
1248 4066 1327 4125 είς
1361 4064 1436 4126 ἐν,
1465 4067 1554 4116 καὶ
1577 4065 1674 4131 τὴν
1707 4063 2041 4131 γιγνομένην
2071 4063 2340 4132 ἁρμονίαν

774 4174 832 4206 τε
871 4156 966 4207 καὶ
990 4158 1089 4224 τὴν
1109 4156 1260 4219 τάξιν
1295 4156 1586 4208 ἀποδοῦναι
1613 4159 1722 4216 τοῖς
1748 4155 1840 4207 τοῦ
1879 4155 2025 4224 ίεροῦ
2057 4157 2153 4223 τῆς
2187 4155 2339 4205 εὐσε-

776 4246 928 4308 ϐείας
949 4248 1074 4314 ὅρου
1106 4247 1422 4313 κεφαλαίοις
1462 4247 1540 4307 είς
1570 4248 1707 4298 ἐπτὰ
1743 4249 1852 4308 τοῖς
1886 4249 2047 4299 πᾶσιν
2081 4248 2340 4316 ἀριθμου-

779 4340 978 4406 μένοις,
1011 4334 1090 4398 οἷς
1125 4340 1219 4388 καὶ
1253 4340 1300 4388 οί
1334 4338 1424 4389 τοῦ
1459 4338 1746 4405 φιλοσόφου
1779 4338 2048 4407 δήπουθεν
2079 4341 2338 4406 πολεμεῖν

775 4430 1198 4496 προσποιοῦνται
1248 4429 1412 4494 λόγοι.
1461 4427 1591 4479 Εἶτα
1639 4429 1731 4479 καὶ
1771 4430 1868 4497 τὴν
1898 4430 2212 4493 ἀνάπτυξιν,
2245 4430 2338 4482 καὶ

2455 1955 2762 2024 θεοπρεπὴς
2787 1957 2925 2026 αῦτη
2953 1959 3224 2025 ἐνέργεια,
3255 1960 3372 2021 πῶς
3399 1961 3464 2012 ἄν
3486 1978 3570 2024 τις
3598 1963 3824 2028 ἐκφύγοι
3848 1963 3907 2014 τὸ
3937 1966 4011 2030 μὴ

2446 2049 2592 2115 παρὰ
2628 2049 2784 2101 τοῦτο
2833 2050 3084 2104 σύνθετον
3113 2051 3204 2102 τὸν
3240 2054 3373 2105 Θεὸν
3401 2052 3544 2107 εἶναι
3585 2055 3848 2121 νομίζειν,
3873 2055 4012 2122 ὅπερ

2443 2138 2492 2190 οἱ
2535 2138 2966 2205 ἐτεροδοξοῦντες
3022 2142 3319 2210 προφέρειν
3357 2145 3600 2212 τολμῶσι
3643 2148 3706 2212 τῇ
3753 2145 3846 2196 τοῦ
3876 2146 4011 2197 Θεοῦ

2454 2232 2752 2301 Ἐκκλησία
2775 2251 2787 2264 ·
2813 2236 3073 2304 τετάρτου
3097 2237 3173 2301 δέ,
3199 2238 3252 2288 εῖ
3281 2255 3344 2304 γε
3377 2239 3409 2306 ἠ
3445 2239 3597 2306 φωνὴ
3628 2241 3724 2302 τῆς
3755 2239 4012 2306 θεότητος

2441 2326 2540 2376 οὐκ
2564 2327 2653 2377 ἐπὶ
2675 2327 2772 2395 τῆς
2797 2328 2982 2390 οὐσίας
3021 2329 3201 2397 μόνον,
3246 2331 3380 2382 ἀλλὰ
3411 2332 3502 2382 καὶ
3533 2332 3629 2397 τῆς
3677 2331 3824 2392 θείας
3852 2334 4009 2400 ἐνερο

2443 2417 2595 2483 γείας
2623 2419 2772 2487 παρὰ
2799 2419 2908 2470 τῶν
2946 2420 3211 2484 θεολόγων
3242 2421 3498 2490 ὕμνηται.
3538 2423 3634 2473 Ἐκ
3673 2423 3864 2474 τούτου
3902 2424 4012 2491 γὰρ

2440 2507 2539 2576 τὴν
2566 2508 2662 2577 τῆς
2691 2511 2896 2571 διθεῖας
2943 2512 3218 2579 ἀμορφίαν
3261 2515 3326 2580 τῇ
3385 2514 3685 2583 Ἐκκλησία
3730 2514 3824 2566 τοῦ
3872 2517 4008 2568 Θεοῦ

2443 2599 2800 2667 καταχέουσιν
2830 2603 2877 2651 οί
2907 2600 3105 2670 ταύτης
3129 2602 3376 2669 πολέμιοι
3397 2619 3410 2632 ⁸
3453 2604 3707 2672 πέμπτου
3740 2605 3818 2669 δὲ,
3850 2606 4010 2676 εἴπερ

2441 2690 2489 2740 οί
2520 2690 2755 2754 θεολόγοι
2789 2694 2927 2745 κατά
2956 2711 3006 2744 τι
3054 2693 3150 2762 τὴν
3181 2694 3369 2746 οὐσίαν
3399 2697 3495 2762 τῆς
3527 2695 3808 2764 ἐνεργείας
3842 2698 4008 2767 ὑπερ·

2442 2783 2650 2834 κεῖσθαί
2694 2801 2879 2851 φασιν,
2907 2785 3029 2838 ἐπεὶ
3077 2786 3171 2838 καὶ
3213 2785 3373 2838 τοῦτο
3424 2787 3536 2847 τοῖς
3577 2788 4009 2856 ἐναντιουμένοις

2445 2872 2551 2925 ὐπὸ
2581 2874 2784 2942 μέμψιν
2817 2877 3011 2929 τελεῖ.»

2519 2983 2536 3014 ι
2584 2966 2688 3016 Καὶ
2717 2965 2902 3017 λοιπὸν
2929 2968 3008 3019 ἔτι
3031 2966 3165 3020 Θεοῦ
3204 2971 3585 3037 μετεχομένου,
3614 2972 3843 3040 πότερον
3868 2970 4008 3024 κατὰ

2439 3055 2536 3124 τὴν
2568 3055 2753 3106 οὐσίαν
2783 3058 2813 3124 ἡ
2850 3061 3071 3126 μετοχὴ,
3104 3059 3133 3126 ἢ
3171 3059 3312 3111 κατὰ
3336 3059 3435 3128 τὴν
3465 3061 3769 3130 ἐνέργειαν.
3808 3079 3825 3110 ι

2523 3167 2538 3198 ι
2577 3149 2858 3200 Τοσούτων
2880 3152 3252 3217 προκειμένων
3271 3153 3400 3219 ἡμῖν
3427 3153 3756 3220 ζητημάτων
3778 3153 4004 3221 ἀρτίως,

2445 3241 2502 3292 οὐ
2551 3239 2655 3308 χρὴ
2709 3241 2836 3308 περὶ
2870 3242 3085 3293 πάντων
3133 3242 3267 3294 όιοῦ
3300 3244 3571 3295 ποιεῖσθαι
3625 3245 3749 3306 τοὺς
3790 3244 4005 3310 λόγους,

2448 3331 2661 3397 γένοιτο
2689 3331 2794 3398 γάρ
2824 3331 2888 3382 ἃν
2929 3331 3100 3393 οῦτως
3143 3335 3174 3401 ἠ
3207 3333 3300 3384 τοῦ
3334 3334 3668 3402 ζητουμένου
3707 3335 4007 3403 κατάληψις

2445 3423 2691 3490 οὐδαμῶς
2718 3423 2970 3492 ἀκριϐὴς,
3009 3424 3128 3476 οὐδὲ
3175 3425 3314 3477 κατά
3367 3424 3465 3493 τὴν
3501 3426 3777 3494 ἡμετέραν
3809 3426 4008 3491 πρόθε-

2448 3530 2551 3574 σιν,
2581 3513 2714 3564 ἀλλά
2746 3514 2874 3579 περὶ
2913 3514 3142 3566 ἑκάστου
3175 3515 3282 3585 ίδίᾳ
3315 3515 3684 3580 διαλαϐόντες,
3716 3517 3798 3582 ἐφ’
3819 3517 4007 3584 ἕτερον

2444 3605 2543 3672 ήδη
2577 3605 2862 3672 χωρῶμεν,
2899 3605 3109 3672 ὁδηγοῖς
3139 3606 3402 3660 ἀπλανέσι
3434 3608 3706 3676 χρώμενοι
3761 3611 3871 3671 τοῖς
3915 3625 4003 3659 σε-

2445 3698 2595 3756 πτοῖς
2631 3695 2918 3762 θεολόγοις.
2956 3715 2975 3748 ι

2522 3806 2539 3837 ι
2589 3789 2696 3839 Καὶ
2733 3789 2967 3856 πρῶτον,
3005 3790 3051 3840 εί
3096 3789 3261 3853 δοκεῖ,
3293 3792 3422 3859 περὶ
3461 3792 3554 3844 τοῦ
3593 3792 3807 3862 πρώτου
3837 3792 4008 3859 λέγω·

2447 3896 2566 3945 μεν.
2599 3874 2723 3946 Ἀρ*
2748 3880 2862 3930 ἐστι
2895 3880 3205 3949 θεοπρεπὴς
3241 3885 3329 3934 ἐπὶ
3362 3883 3497 3934 Θεοῦ
3526 3885 3794 3953 διάκρισις
3819 3886 4006 3948 οὐσίας

2443 3971 2531 4020 καῖ
2579 3969 2877 4036 ἐνεργείας,
2918 3971 3052 4037 ὅπερ
3087 3973 3196 4033 τοῖς
3232 3973 3645 4041 διαφερομένοις
3681 3976 4005 4044 ἀπείρηται.

2442 4064 2612 4116 πολλά
2635 4082 2690 4116 τε
2722 4066 2851 4118 ἀλλα
2884 4067 3079 4127 ἄτοπα,
3125 4070 3216 4118 καὶ
3248 4067 3532 4119 πολυθεῖαν
3571 4069 3633 4118 ἐκ
3664 4068 3854 4120 τούτου
3884 4084 4009 4119 συν-

2442 4156 2594 4222 άγειν
2651 4158 2934 4224 οἰομένοις,
2964 4158 2995 4226 ἢ
3037 4158 3226 4209 ταυτδν
3280 4158 3454 4226 πάντη
3486 4160 3576 4210 καὶ
3611 4158 3901 4226 ἀδιάφορον
3935 4177 3948 4221 ;
3983 4176 4001 4208 ι

2513 4249 2617 4299 Καὶ
2637 4249 2772 4316 μετά
2803 4250 3016 4317 μικρὸν,
3039 4268 3056 4299 ι
3088 4251 3192 4301 Καὶ
3211 4250 3497 4317 θεολόγων,
3520 4252 3704 4319 φησὶν,
3726 4250 3799 4312 ὡς
3822 4251 4004 4319 ἔχουσι

2442 4339 2568 4404 περὶ
2603 4337 2807 4388 τούτων
2839 4336 3085 4406 γνώμης,
3114 4341 3192 4401 είς
3238 4341 3474 4409 ἐπήκοον
3507 4343 3723 4393 πάντων
3761 4343 4004 4406 ἀναγνω-

2443 4427 2696 4493 σθέντων,
2759 4431 3070 4500 ἀπεδείχθη,
3104 4433 3184 4483 ὅτι
3217 4435 3263 4483 οἱ
3315 4433 3388 4501 μὴ
3423 4433 3562 4500 μετά
3593 4433 3684 4485 τοῦ
3716 4434 4000 4504 ἡνωμένου

773 4522 871 4588 τὴν
927 4521 1287 4589 ἐξεργασίαν,
1354 4521 1417 4571 ἐκ
1483 4521 1589 4572 τῶν
1635 4520 1724 4572 τοῦ
1792 4521 2106 4589 Πνεύματος
2165 4522 2334 4587 λόγων
2371 4525 2412 4578 ι)
2443 4523 2534 4570 καὶ
2565 4522 2623 4571 τὸ
2662 4521 3076 4589 διακεκριμένον
3132 4523 3228 4590 τῆς
3282 4523 3432 4586 θείας
3485 4526 3671 4586 οὐσίας
3721 4528 3811 4577 καὶ
3848 4528 4000 4592 ἐνερ-

774 4616 1108 4682 ἑπενεγκὼν,
1137 4615 1259 4666 καθ’
1291 4615 1412 4664 ὅσον
1442 4615 1507 4666 ἂν
1536 4616 1669 4665 αὐτὸ
1702 4616 1972 4683 παράσχοι
2001 4616 2060 4665 τὸ
2093 4614 2335 4680 Πνεῦμα,

773 4708 898 4769 τούς
937 4723 996 4758 τε
1043 4706 1346 4775 γραφικούς
1377 4705 1470 4757 καὶ
1524 4707 1824 4774 πατρικοὺς
1859 4707 2099 4767 εὐσεϐῶς
2151 4706 2338 4772 λόγους

773 4800 1148 4867 διευκρινῆσαι
1174 4839 1187 4859 ,
1223 4797 1314 4859 οὓς
1359 4800 1563 4858 ἐκεῖνος
1602 4797 1787 4857 κακῶς
1827 4797 2187 4864 ἐξηγούμενος
2220 4799 2337 4850 δια-

775 4893 1018 4958 στρέφει,
1047 4890 1139 4940 καὶ
1168 4888 1309 4940 οὕτω
1348 4891 1480 4956 πρὸς
1517 4891 1639 4950 τοὺς
1669 4892 1875 4941 ἐκείνου
1924 4891 2114 4956 λόγους
2143 4894 2238 4942 καὶ
2272 4891 2340 4940 τὰ

773 4983 872 5050 τῆς
906 4983 1140 5043 διανοίας
1172 4983 1513 5048 γεννήματα,
1549 4986 1638 5033 καὶ
1672 4985 1771 5041 τὰς
1820 4985 2126 5050 ἀντιλογίας
2164 5001 2221 5035 τε
2248 4982 2340 5035 καὶ

777 5071 1142 5138 συκοφαντίας
1179 5073 1277 5132 τὰς
1305 5069 1389 5138 ἐφ’
1424 5070 1639 5138 ἐκάστῳ
1674 5071 1873 5140 δηλαδὴ
1912 5073 2195 5141 κεφαλαίῳ
2233 5091 2340 5139 χω-

777 5171 963 5237 ρῆσαι,
992 5169 1082 5217 καί
1107 5167 1272 5229 δεῖξαι
1309 5168 1381 5235 μὴ
1411 5169 1568 5235 μόνον
1597 5169 1694 5218 οὐκ
1723 5168 2053 5236 ἀληθεύοντα
2078 5169 2135 5218 τὸ
2169 5169 2342 5236 παρὰ-

775 5278 905 5322 παν,
943 5260 1038 5311 σύν
1071 5259 1189 5328 Θεῴ
1223 5259 1279 5311 δὲ
1315 5261 1340 5310 ὁ
1374 5259 1547 5323 λόγος,
1583 5260 1715 5310 ἀλλὰ
1749 5261 1838 5311 καὶ
1876 5259 2336 5324 συκοφαντοῦντα,

776 5355 869 5402 καί
899 5350 1344 5418 βλασφημοῦντα,
1381 5352 1475 5401 καὶ
1500 5352 1640 5402 κατά
1669 5351 1843 5415 πάσης
1880 5350 2164 5416 ἱστάμενον
2191 5349 2341 5402 ἀναί-

774 5444 870 5508 ὂην
901 5445 996 5509 τῆς
1043 5442 1192 5509 ἱερᾶς
1221 5442 1328 5492 τῶν
1380 5441 1552 5507 ἁγίων
1588 5441 1887 5507 θεολογίας,
1933 5442 2024 5491 καὶ
2058 5439 2222 5491 αὐτοῦ
2285 5440 2339 5492 δέ

777 5549 918 5594 φτμι
982 5530 1075 5582 τοῦ
1145 5530 1252 5582 τῶν
1317 5532 1476 5598 ίερῶν
1524 5530 1786 5594 θεολόγων
1844 5531 1994 5590 ἐνὸς.
2032 5531 2121 5580 καὶ
2178 5529 2338 5596 μόνου

777 5622 988 5685 Πατρός
1016 5638 1074 5672 τε
1106 5621 1199 5675 καὶ
1239 5621 1552 5689 καθηγητοῦ
1582 5620 1839 5689 Χριστοῦ,
1887 5624 2024 5670 κατὰ
2057 5622 2147 5671 τ“ν
2175 5621 2338 5672 αὐτοῦ

774 5715 965 5762 τοᾷ-τον
992 5712 1166 5777 λόγον.
1203 5714 1312 5764 Καὶ
1342 5713 1401 5779 δὴ
1436 5715 1624 5779 ρητεον
1648 5708 1800 5782 ,ᾗπερ
1833 5714 1964 5780 ἔφην
1997 5715 2194 5764 ἐκεῖνα.

851 5803 1001 5855 Μετά
1041 5807 1132 5864 τὴν
1165 5805 1374 5855 εικαίαν
1413 5804 1597 5855 κατιιὸί
1642 5821 1702 5862 rp:
1739 5820 1792 5853 τε
1825 5805 1916 5853 καὶ
1955 5805 2337 5863 καταστροφὴν

2442 4614 2594 4679 γείας
2661 4615 3050 4682 πρεσϐεύοντες
3086 4616 3234 4667 ἁθεοί
3261 4617 3317 4667 τέ
3347 4617 3472 4677 είσι,
3506 4618 3597 4669 καὶ
3635 4618 3846 4680 πολλοῖς
3881 4619 4002 4669 ἀτό-

2444 4724 2564 4766 ποις
2596 4708 2815 4764 ἐαυτοὺς
2849 4706 3246 4774 περιϐαλλουσι.
3289 4726 3308 4758 ι

2520 4817 2534 4846 ι
2586 4797 2736 4848 Κατά
2795 4798 2894 4865 γὰρ
2945 4799 3031 4848 τὸν
3083 4801 3252 4865 μέγαν
3294 4801 3588 4859 Διονύσιον,
3620 4801 3681 4851 τὸ
3734 4801 4000 4868 μηδῖμίαν

2442 4887 2668 4954 δύναμιν
2708 4888 2738 4955 ἢ
2783 4890 3058 4956 ἐνέργειαν
3087 4890 3206 4958 ἕχον
3236 4891 3356 4943 οὕτε
3388 4891 3554 4952 ἐστιν,
3593 4891 3713 4942 οῦτε
3746 4891 3797 4942 τί
3834 4893 4002 4950 ἐστ.ν,

2443 4979 2565 5032 οὔτε
2607 4980 2720 5030 ἔστι
2767 4981 3044 5042 παντελῶς
3113 4982 3276 5032 αὐτοῦ
3327 4982 3496 5043 θέσις,
3539 4983 3658 5033 οὐδὲ
3690 4982 4000 5049 ἀφαίρεσις.

2444 5071 2514 5120 Τὸ
2545 5071 2599 5121 δὲ
2627 5070 2766 5138 ἔχον,
2793 5064 2851 5121 οὐ
2885 5070 2995 5138 ἔχει
3029 5074 3169 5124 κατά
3201 5090 3252 5123 τι
3284 5073 3497 5132 πάντως
3525 5073 3790 5138 διαφέρει.
3823 5072 3882 5123 Εἰ
3909 5071 4002 5121 οῦν

2442 5163 2540 5214 οὐκ
2572 5163 2684 5214 ἐστι
2720 5163 2945 5229 διαφορά
2998 5181 3076 5223 τις
3132 5163 3281 5226 θείας
3319 5164 3503 5226 οὐσίας
3557 5167 3650 5217 καὶ
3698 5164 3998 5231 ἐνεργείατ,

2441 5256 2540 5305 οὐκ
2569 5254 2714 5305 ἔστιν
2749 5255 2893 5320 ἔχειν
2929 5257 3024 5322 τὴν
3063 5257 3250 5306 οὐσίαν
3282 5256 3372 5306 τοῦ
3416 5255 3552 5308 Θεοῦ
3595 5259 3892 5323 ἐνέργειαν.
3930 5256 4005 5307 Τὸ

2441 5345 2493 5395 δέ
2537 5344 2608 5412 μὴ
2640 5344 2760 5411 ἕχον
2805 5347 3081 5412 ὲνὲργε;αν
3112 5347 3468 5416 ἀνενέργητόν
3499 5349 3635 5408 ἐστι,
3663 5348 3724 5397 τὸ
3751 5347 3804 5398 δέ
3839 5348 4003 5398 ἀνενο

2442 5434 2670 5502 έργητον
2705 5435 2797 5484 κ-ὶ
2830 5434 3194 5502 ἀνύπαρκτον.
3239 5455 3256 5484 ι

2518 5545 2533 5574 ι
2579 5526 2682 5576 Τοῦ
2701 5527 2753 5576 δὲ
2779 5527 3037 5593 θεος-όρου
3059 5524 3419 5591 Δαμασκηνοῦ
3445 5526 3768 5593 γράφοντος,
3799 5523 4004 5592 Ἐργον

2446 5619 2540 5684 μὲν
2584 5616 2731 5676 θείας
2764 5617 2972 5682 φύσεως
3006 5619 3037 5680 ὴ
3076 5616 3395 5685 προαιῶνιος
3445 5618 3719 5682 γέννησις,
3762 5614 3920 5683 ἔργον
3947 5615 4003 5665 δε

2444 5708 2588 5765 θείας
2628 5707 2893 5774 θελήσεως
2938 5709 2968 5776 ἡ
3003 5709 3174 5768 κτίσις
3205 5725 3216 5735 ·
3256 5708 3350 5758 καὶ
3381 5707 3474 5758 τοῦ
3515 5708 3671 5773 ἁγίου
3709 5708 4000 5776 Κυρᾶἲιιυ,

2552 5801 2648 5866 μὲν
2682 5804 2850 5851 ποιεῖν
2883 5802 3155 5866 ἐνεργείας
3192 5802 3324 5864 ἐστὶ,
3370 5802 3577 5869 φύσεως
3611 5800 3664 5850 δὲ
3694 5799 3758 5851 τὸ·
3782 5803 3999 5869 γεννᾲν,
