4470 6450
762 355 867 421 819

1822 353 2248 414 PHILOTHEI
2283 352 2392 414 ΟΡ.
2435 351 2949 414 ΡΑΤΒΙΛΠΟΙΙᾸΞ

3910 343 4014 406 820

1481 614 1774 699 ΠΡΟΣ
1886 617 2113 700 ΤΟΝ
2205 614 2582 701 ΑΥΤΟΝ
2710 610 3288 701 ΓΡΗΓΟΡΑΝ

1791 796 2009 849 ΛΟΓΟΣ
2051 794 2566 851 ΑΝΤΙΡΡΗΤΙΚΟΣ
2606 792 2995 856 ΤΕΤΑΡἸὉΣ,

1112 947 1211 988 δτι
1242 931 1372 1004 περὶ
1399 932 1666 1000 διαφορᾶς
1697 931 1886 995 οὐσίας
1933 931 2084 995 θείας
2110 933 2201 985 καὶ
2242 933 2547 1004 ἐνεργείας,
2598 935 2694 987 καὶ
2727 933 2880 1004 ’περὶ
2932 932 3219 1000 δυνάμεως
3267 929 3402 982 Θεοῦ
3440 930 3700 998 φυσικῆς,

1657 1052 1923 1121 ἑρμηνεία
1945 1069 2005 1104 τε
2046 1054 2154 1107 τῶν
2184 1053 2368 1122 ῥητῶν
2411 1053 2686 1123 Κυρίλλου
2733 1056 2829 1107 καὶ
2879 1055 3132 1109 Ἰωάννου

979 1170 1088 1224 τῶν
1145 1170 1311 1240 ἱερῶν
1365 1169 1634 1238 θεολόγων
1667 1185 1680 1198 ’

1744 1171 1888 1234 ἆπερ
1935 1169 1964 1220 6
2014 1169 2304 1240 Γρηγορᾶς
2360 1170 2485 1223 καθ’
2527 1170 2688 1240 ήμῶν
2717 1172 3068 1244 ὠςήμέτερα
3103 1173 3264 1240 δῆθεν
3319 1169 3668 1239 κατατεμὼν,
3714 1167 3809 1220 καί

1368 1287 1722 1357 διαστρέψας,
1775 1287 1961 1350 κακῶς
2000 1291 2309 1357 προήνεγκε
2343 1306 2354 1318 ·
2394 1290 2485 1341 καὶ
2553 1291 2681 1359 περὶ
2743 1291 2918 1344 αἰτίου
2975 1293 3070 1343 καὶ
3106 1291 3377 1353 αἰτιατοῦ,

1289 1405 1380 1455 καὶ
1434 1406 1582 1464 ὅπως
1637 1404 1686 1456 οἱ
1742 1404 1888 1470 ἆγιοι
1944 1406 2248 1473 ἐχρήσαντο
2297 1411 2414 1471 τατς
2469 1409 2750 1471 τοιαύταις
2801 1409 3010 1476 φωναῖς
3069 1407 3474 1474 θεολογοῦντες.

852 1538 1013 1591 Ἀλλά
1042 1540 1166 1605 πρὶν
1195 1539 1277 1599 εἰς
1311 1539 1439 1600 τοὺς
1481 1539 1660 1605 ἱεροὺς
1700 1539 1956 1606 ἐμϐαλεῖν
1988 1541 2181 1607 λόγους
2209 1542 2348 1593 ἐκεί·
2375 1538 2423 1597 Α
2449 1544 2676 1612 ἥγηται,
2728 1546 2821 1597 καὶ
2862 1543 3014 1597 οὐδὲν
3061 1546 3234 1596 οἴεται
3268 1539 3549 1612 διάφορον,
3577 1543 3624 1594 εἰ
3671 1541 3895 1607 θάτερον
3935 1542 4023 1594 λέ-

768 1649 912 1692 νους,
943 1632 1086 1699 φημὶ
1113 1630 1179 1700 δὴ
1209 1632 1336 1690 τοὺς
1376 1632 1504 1700 περὶ
1540 1631 1690 1691 θείας
1722 1630 1970 1692 ἑνὼσεὼς
2005 1649 2064 1684 τε
2106 1634 2201 1685 καὶ
2235 1634 2350 1685 δια-

768 1724 1025 1791 κρίσεως,
1053 1724 1146 1775 καὶ
1177 1722 1243 1774 τὰ
1270 1723 1527 1775 λείποντα
1556 1721 1650 1774 τοῦ
1685 1723 1952 1788 πολεμίου
1973 1722 2208 1788 τουτουῖ,
2235 1726 2345 1784 τοῖς

769 1813 1046 1880 φθάσασιν
1091 1814 1390 1878 ἀναγκαῖον
1439 1810 1577 1864 εἶναι
1620 1813 1828 1879 νομίζω
1879 1814 2216 1883 προσθεῖναι,
2252 1818 2346 1868 καὶ

769 1905 869 1973 τὴν
919 1903 1310 1972 συκοφαντίαν,
1362 1906 1455 1957 καὶ
1490 1905 1550 1958 τὸ
1593 1903 1808 1972 ψεῦδος,
1866 1907 1960 1959 καὶ
2006 1907 2106 1974 τὴν
2151 1909 2345 1978 ἀναιδῆ

779 1995 1131 2064 βλασφημίαν
1165 1995 1511 2064 ἀνακαλύψαι
1543 1997 1777 2048 καθόσον
1813 1994 1925 2050 οἷόν
1956 2015 2034 2050 τε·
2076 1999 2277 2067 μᾶλλον
2304 2001 2349 2053 δ’

770 2088 932 2149 αὐτὸς
981 2089 1186 2150 ἐκεῖνος
1229 2091 1256 2141 6
1292 2089 1397 2142 τῶν
1430 2089 1600 2141 κενῶν
1652 2091 1874 2143 ἐκείνων
1916 2091 2088 2159 λόγων
2127 2093 2219 2145 καὶ
2252 2093 2346 2144 τοῦ

769 2179 999 2247 ψεύδους
1030 2181 1212 2248 πατὴρ
1250 2181 1318 2233 δι’
1348 2181 1540 2236 ἑαυτοῦ
1569 2184 1638 2236 τά
1667 2185 1842 2237 οἰκεῖα
1876 2188 2196 2255 γεννήματα
2255 2189 2348 2240 καὶ

771 2274 899 2333 τοὺς
967 2273 1218 2340 καρποὺς
1302 2277 1678 2344 παραγαγέτω
1715 2278 1808 2328 καὶ
1847 2276 2035 2339 αῦθις’
2089 2279 2211 2331 οὐδὲ
2242 2281 2347 2347 γὰρ

771 2363 919 2415 ὅσιον
947 2363 1121 2427 ἄλλως
1166 2367 1277 2417 οὐδ’
1309 2367 1602 2434 εὐπρεπές.
1627 2367 1766 2434 Λέγε
1799 2369 2109 2438 τοιγαροῦν,
2140 2365 2352 2437 ῶφιλό-

775 2470 928 2519 σοφε,
959 2457 1050 2506 καὶ
1087 2457 1332 2524 προτίθει
1364 2459 1458 2509 καὶ
1489 2457 1646 2509 πάλιν
1673 2459 1740 2510 τά
1765 2458 1851 2523 σά,
1886 2461 1979 2511 καὶ
2017 2461 2225 2528 πλήρου
2259 2462 2348 2513 τὸν

775 2549 1057 2613 σύλλογον,
1121 2551 1212 2600 καὶ
1273 2551 1398 2611 τοὺς
1456 2553 1706 2619 συνετοὺς
1759 2551 1868 2604 τῶν
1925 2554 2211 2621 ἀκροατῶν
2253 2557 2349 2622 τῆς

773 2639 1037 2707 συνήθους
1074 2642 1266 2703 ἀηδίας
1297 2644 1388 2692 καὶ
1429 2643 1624 2696 πάλιν·
1654 2644 1878 2713 ἄμεινον
1912 2645 2021 2714 γὰρ
2074 2644 2139 2697 ἂν
2187 2647 2350 2707 αὐτὸς

773 2732 867 2783 καὶ
899 2730 1039 2795 ὑπὲρ
1075 2732 1198 2793 τοὺς
1234 2733 1426 2794 ἄλλους
1461 2733 1621 2786 τοῦτο
1651 2734 1925 2803 ποιήσαις.

2452 1650 2566 1700 γων
2593 1652 2700 1699 τις,
2732 1636 3181 1704 συνεισφέρεσθαι
3252 1633 3463 1701 νομίζοι
3512 1635 3608 1685 καὶ
3646 1632 3878 1700 θάτερον
3904 1630 4022 1698 ἁμα

2448 1728 2512 1794 τῇ
2549 1725 2775 1797 διανοίᾳ,
2830 1724 2888 1781 εῦ
2947 1728 3048 1796 μὲν
3095 1727 3308 1796 δρῶντα
3365 1726 3550 1790 αὑτὸν,
3587 1724 3651 1777 εὖ
3710 1725 3876 1796 δρῶσι
3931 1727 4024 1776 καὶ

2450 1816 2584 1884 ήμῖν
2647 1817 2866 1886 ἀνάγκη
2921 1819 3249 1886 συγχωρεῖν.
3319 1818 3381 1868 Εἰ
3443 1816 3488 1869 δ’
3550 1815 3740 1886 ἕτερον
3790 1815 4022 1881 θατέρου

2451 1909 2588 1960 κατά
2621 1907 2720 1976 τὴν
2775 1910 3051 1976 σημασίαν
3083 1909 3175 1960 τοῦ
3212 1909 3600 1977 ὑποκειμένου,
3654 1907 3772 1970 πῶς
3805 1907 4023 1971 ἐκείνην

2455 2002 2554 2068 μὲν
2590 2001 2687 2070 τὴν
2717 2001 2817 2069 τῆς
2866 2002 3147 2070 δυνάμεως
3175 2002 3318 2065 λέξιν
3360 2000 3465 2070 πρὸ
3502 2000 3800 2067 ὀφθαλμῶν
3840 2001 4026 2068 κειμέ-

2452 2110 2550 2159 νην
2587 2096 2710 2162 σιγῇ
2755 2094 3065 2164 παρελθὼν,
3107 2093 3483 2162 μεταϐέϐηκεν
3519 2094 3604 2160 ἐφ’
3636 2093 3703 2161 ἢν
3747 2094 3845 2145 οὐκ
3876 2092 4024 2144 ἔϐλε-

2454 2203 2553 2237 πεν
2592 2187 2895 2254 ἐνέργειαν.
2927 2187 3026 2255 τῆς
3060 2189 3152 2239 τοῦ
3184 2189 3344 2250 ἁγίου
3390 2185 3859 2254 καταψευδόμενος
3881 2186 4025 2240 ἄντι-

2453 2296 2590 2348 κρυς
2641 2280 2958 2348 ῥήσεωςςῆ
3017 2280 3232 2340 πάντως
3284 2277 3491 2340 δεδιὼς,
3530 2278 3604 2347 μὴ
3645 2277 3722 2346 τῷ
3770 2277 4023 2346 Εὑνομίῳ

2452 2373 2546 2423 καὶ
2577 2372 2738 2434 αὐτὸς
2786 2371 2982 2439 ἐκείνῳ
3028 2371 3105 2440 τῷ
3133 2372 3385 2423 δυσσεϐεῖ
3449 2371 3542 2423 καὶ
3589 2369 3758 2423 αὑτοῦ
3791 2387 3854 2435 γε
3897 2371 4025 2435 ὀμό-

2457 2480 2613 2528 φρονι
2669 2462 3219 2531 συγκαταψηφισθείη
3277 2462 3413 2530 πρὸς
3461 2461 3555 2514 τοῦ
3609 2462 3756 2514 θείου
3806 2460 4024 2528 Πατρδς

2454 2554 2756 2622 Γρηγορίου
2797 2555 2892 2606 τοῦ
2932 2555 3174 2624 Νύσσης.

2525 2649 2712 2700 Πᾶσαν
2751 2647 2950 2714 ἐφεξῆς
2975 2647 3109 2714 ὁμοῦ
3137 2648 3232 2714 τὴν
3273 2647 3430 2716 ῥῆσιν
3461 2651 3689 2713 ταυτηνὶ
3722 2647 3812 2699 τοῦ
3857 2666 4015 2700 συκο-

2453 2740 2658 2805 φάντου
2693 2738 2770 2806 τῷ
2800 2737 2943 2806 λόγῳ
2969 2737 3151 2805 φέρων
3189 2737 3442 2806 ἐπίτηδες
3475 2737 3784 2806 προῦθηκα,
3823 2737 4023 2804 μᾶλλον

859 2827 1044 2894 Ὁρᾷς,
1087 2828 1244 2892 φησὶ,
1279 2827 1393 2888 πῶς
1435 2829 1889 2897 καταχρηστικῶς
1918 2831 2011 2881 καὶ
2043 2829 2104 2882 οὐ
2142 2830 2347 2898 κυρίως
2377 2851 2424 2910 Β
2453 2829 2495 2881 δ’
2527 2828 2691 2890 αὐτὸς
2733 2829 2943 2890 ἐκεῖνος
2967 2827 3033 2880 τά
3058 2827 3253 2881 ἑαυτοῦ
3291 2829 3385 2880 καὶ
3413 2829 3648 2896 νοήμασι
3702 2826 3798 2880 καὶ
3841 2828 4022 2893 λόγοις

772 2919 833 2968 τὸ
861 2918 1006 2984 ἔχειν
1030 2922 1138 2980 τοῖς
1167 2917 1330 2982 θείοις
1362 2921 1735 2989 παρείληπται
1768 2921 2013 2990 Πατράσι
2040 2939 2099 2973 τε
2141 2923 2232 2973 καὶ
2259 2939 2344 2974 σο-

774 3013 896 3076 φοῖς
935 3012 1273 3071 διδασκάλοις
1308 3014 1464 3082 ήμῶν
1511 3014 1602 3065 ἐπὶ
1639 3014 1736 3081 τῆς
1779 3013 1955 3083 ἁπλῆς
1988 3016 2082 3066 καὶ
2117 3015 2347 3068 ἀσυνθέ-

772 3120 866 3154 του
914 3103 1066 3165 θείας
1120 3106 1338 3172 ἐκείνης
1399 3105 1656 3173 φύσεως;
1703 3107 1764 3159 '0
1795 3107 1840 3159 δ’
1893 3107 2114 3177 ἀμαθὴς
2164 3108 2346 3160 οὑτοσὶ

772 3194 1114 3262 λογογράφος
1192 3195 1286 3246 καὶ
1337 3196 1539 3261 ἀσεϐὴς
1599 3196 1988 3266 δογματιστής,
2037 3196 2239 3259 αὐτούς
2285 3214 2346 3249 τε

773 3284 1079 3337 διαϐάλλων
1105 3285 1166 3337 οὐ
1218 3286 1361 3353 μάλα
1395 3287 1646 3351 αἰδεῖται,
1678 3287 1787 3339 κάκ
1823 3286 1932 3339 τῶν
1982 3287 2346 3357 ἀνθρωπίνων

776 3378 868 3427 καὶ
913 3376 1183 3428 συνθέτων
1237 3377 1654 3446 ὑποδειγμάτων
1699 3376 1764 3429 τὰ
1801 3379 1900 3446 τῆς
1941 3379 2089 3440 θείας
2124 3380 2346 3448 Γραφῆς

774 3469 1110 3536 κιϐδηλεύων
1154 3470 1214 3522 οὐ
1248 3470 1462 3538 φρίττει
1507 3472 1802 3539 μυστήρια,
1836 3471 2128 3523 κάντεῦθεν
2181 3473 2347 3524 ποιῶν

777 3563 1039 3630 κάκείνην
1098 3565 1197 3629 τὴν
1263 3563 1431 3632 μόνην
1485 3563 1659 3632 ἁπλῆν
1733 3565 1828 3616 καὶ
1876 3565 2129 3617 ἀκτιστον
2186 3565 2349 3626 φύσιν

777 3656 1034 3707 σύνθετον
1062 3656 1198 3723 ὁμοῦ
1253 3658 1348 3709 καὶ
1405 3657 1645 3726 κτιστήν.
1679 3656 1752 3708 Τὸ
1808 3657 1915 3724 γὰρ
1966 3657 2196 3727 διαιρεῖν
2251 3659 2350 3728 τὴν

776 3749 1088 3818 ἀδιαίρετον
1121 3749 1474 3815 αὐτοσοφίαν,
1508 3751 1601 3802 καὶ
1651 3750 2010 3816 αὑτογνῶσιν,
2049 3752 2144 3802 καὶ
2187 3753 2350 3803 αὺτο-

775 3844 1028 3911 δὺναμιν,
1065 3844 1157 3894 καὶ
1207 3842 1615 3911 αὑτενέργειαν,
1676 3845 1771 3896 καὶ
1827 3843 2128 3913 αὑτοζωὴν,
2185 3846 2350 3899 ποίαν

776 3936 876 3987 οὐκ
930 3935 996 3987 ἂν
1043 3933 1304 3988 ἀσέϐειαν
1360 3933 1814 4002 ὑπερϐέϐληκεν;
1882 3933 2022 4000 Ἐγὼ
2073 3935 2118 3986 δ’
2175 3937 2352 3989 ἐκεῖνο

781 4028 985 4093 μᾶλλον
1013 4026 1252 4094 ἐγέλασα
1281 4026 1372 4079 τοῦ
1397 4024 1641 4094 ἀμαθοῦς
1665 4026 1895 4089 ἐκείνου,
1927 4027 2088 4079 ὁπότε
2119 4027 2217 4096 τὴν
2252 4029 2350 4096 μὲν

778 4119 1083 4187 αὑτοζωὴν,
1152 4119 1245 4169 καὶ
1314 4117 1739 4184 αὐτενέργειαν,
1804 4119 1897 4170 καὶ
1965 4119 2346 4187 αὐτοδύναμιν,

2451 2922 2674 2981 οἰκείοις
2701 2916 2856 2981 αὖθις
2886 2921 3039 2988 ήμῖν,
3071 2919 3145 2981 ὡς
3197 2919 3410 2988 δρᾶται,
3467 2920 3809 2989 προτίθησιν,
3868 2919 3933 2971 ἵν’
3967 2923 4024 2970 ἐν

2447 3012 2628 3077 ταυτῷ
2686 3013 2780 3063 καὶ
2817 3013 2913 3080 τὴν
2953 3011 3228 3080 διαϐολὴν,
3258 3013 3351 3065 καὶ
3402 3014 3463 3065 τὸ
3496 3013 3712 3082 ψεῦδος.
3781 3015 3870 3065 καὶ
3922 3014 4021 3081 τὴν

2447 3104 2589 3157 κατά
2641 3104 2776 3157 Θεοῦ
2833 3106 2927 3158 καὶ
2973 3107 3083 3160 τῶν
3114 3105 3282 3172 ἁγίων
3320 3107 3485 3158 αὑτοῦ
3522 3107 3893 3175 βλασφημίαν,
3928 3107 4024 3158 καὶ

2445 3194 2543 3264 τὴν
2567 3195 2858 3248 ἀλλόκοτον
2895 3197 3073 3265 ὓϐριν,
3105 3199 3504 3266 ἐναργέστερον
3536 3198 3820 3266 γνοίημεν.
3878 3198 4024 3264 Πλὴν

2448 3288 2573 3340 ὅσον
2600 3288 2658 3340 οὐ
2689 3287 2758 3341 τά
2800 3288 2909 3342 τῶν
2945 3289 3154 3356 ὕϐρεων
3183 3289 3310 3358 ἑξῆς
3341 3291 3519 3343 πάντα
3571 3291 3893 3357 προάγεται.
3947 3287 4022 3344 ’11

2449 3380 2557 3448 γὰρ
2582 3379 2648 3434 ἂν
2678 3383 2813 3450 ἡμῖν
2847 3383 2940 3434 καὶ
2989 3382 3246 3450 δευτέρου
3282 3382 3487 3451 βιϐλίου
3517 3385 3610 3434 καὶ
3631 3385 3789 3434 τοσοῦ
3803 3401 3902 3435 των
3933 3384 4024 3435 άλ-

2451 3472 2577 3538 λων,
2607 3474 2640 3544 ἦ
2691 3476 2785 3526 καὶ
2823 3474 3083 3527 πλειόνων
3113 3473 3298 3541 ἐδέησε
3337 3474 3530 3541 λόγων,
3563 3475 3747 3525 ἐκεῖνά
3797 3490 3860 3539 γε
3897 3491 4023 3525 σκο-

2452 3564 2748 3631 πουμένοις
2782 3581 2795 3594 ’
2836 3565 2958 3616 ἐπεὶ
3007 3565 3102 3616 καὶ
3158 3564 3328 3616 πλείω
3386 3565 3494 3616 τῶν
3548 3566 4024 3633 ἐπιχειρημάτων,

2452 3657 2544 3707 καὶ
2582 3656 2717 3724 πρὸς
2759 3657 2818 3709 τ³ι
2850 3657 3186 3726 ζητούμενον
3235 3655 3397 3724 δῆθεν
3436 3659 3645 3709 ἐκείνου
3708 3657 3897 3721 λόγων,
3960 3657 4027 3708 τά

2450 3749 2561 3802 τῶν
2593 3749 2803 3819 ὕϐρεων
2833 3767 2979 3818 φημι
3015 3750 3244 3803 καὶτῶν
3279 3750 3520 3820 αἰσχρῶν
3565 3750 3723 3803 ταυτὶ
3776 3750 4024 3820 παραλη-

2455 3845 2738 3915 ρημάτων,
2764 3843 2839 3904 ὡς
2865 3841 2999 3909 μηδὲ
3040 3842 3417 3912 παραϐάλλειν
3446 3845 3672 3909 ἐξεῖναι.

2525 3932 2632 3994 Ti;
2664 3933 2761 4000 μὲν
2791 3929 2882 3986 οὖν
2911 3934 3063 4003 ἰερὰς
3086 3934 3193 3987 τῶν
3226 3934 3492 4002 θεολόγων
3541 3939 3727 4002 ῥήσεις
3787 3936 4025 4002 ἐκείνας,

2454 4020 2536 4086 οἷς
2567 4023 2858 4089 προφανῶς
2894 4023 3363 4093 ἀντιδογματίζων
3397 4041 3455 4075 τε
3498 4025 3592 4076 καὶ
3624 4025 3859 4094 ὑϐρίζων
3904 4025 4028 4077 τολ-

2459 4116 2877 4186 μηρῶς,έπειτα
2904 4117 3040 4187 πρὸς
3076 4117 3385 4188 μαρτυρίαν
3414 4118 3570 4183 δῆθεν
3598 4117 3889 4184 λαμϐάνει,
3939 4137 4030 4171 κεν

778 4213 976 4274 ἇζωον,
1017 4211 1108 4263 καὶ
1159 4207 1538 4276 ἀνενέργητον,
1591 4209 1684 4260 καὶ
1710 4207 1984 4274 ἀδύναμον
2032 4204 2174 4261 εἶναι
2228 4210 2353 4277 δογ-
2383 4195 2427 4254 c
2459 4209 2715 4279 νοφωνῶν
2763 4209 2861 4261 καὶ
2888 4207 3393 4278 παρεξηγούμενος,
3432 4208 3525 4260 καὶ
3563 4210 3663 4276 τήν
3710 4210 3802 4260 ὑπ’
3852 4210 4029 4263 αὐτῶν

779 4304 1025 4372 ματίζει,
1079 4302 1140 4354 τὸ
1181 4301 1225 4352 δ’
1266 4300 1488 4366 ἔξωθεν,
1542 4303 1637 4351 καὶ
1689 4300 1946 4367 διάφορον
2006 4300 2126 4369 ἔχον
2201 4303 2352 4370 ἐνέρ.

780 4414 961 4462 γειαν,
989 4396 1081 4447 καὶ
1129 4393 1271 4460 ζωήν
1299 4393 1394 4445 καὶ
1436 4392 1682 4459 δύναμιν,
1724 4393 1901 4444 ἐκεῖνο
1953 4392 2154 4460 μᾶλλον
2217 4390 2355 4446 εἶναι

782 4489 914 4553 ζῶν,
951 4488 1043 4540 καὶ
1067 4487 1288 4556 ἐνεργές
1313 4487 1408 4538 καὶ
1437 4485 1685 4538 δυνατόν.
1711 4485 1881 4538 Τοῦτο
1920 4488 2030 4555 γὰρ
2070 4487 2352 4554 αἰνίγματι

781 4583 948 4642 ἑοικε,
986 4581 1080 4632 καὶ
1109 4580 1294 4646 ὅμοιον
1338 4575 1528 4645 ὥσπερ
1575 4577 1640 4628 ἂν
1671 4579 1724 4628 εῐ
1761 4594 1846 4639 τις
1891 4578 2039 4644 λέγοι
2070 4578 2264 4649 ψύχειν
2294 4580 2356 4632 τὸ

782 4673 918 4742 πῦρ,
973 4674 1106 4725 διότι
1144 4672 1372 4741 θερμὸν,
1421 4671 1454 4739 ἢ
1504 4671 1598 4739 τὴν
1645 4672 1798 4739 χιόνα
1831 4670 2168 4737 θερμαίνειν,
2219 4673 2354 4726 διότι

781 4768 988 4834 ψυχρά..
1033 4765 1237 4825 Ἡδέως
1273 4765 1314 4815 δ’
1347 4764 1413 4816 ἂν
1461 4762 1634 4830 ἔγωγε
1668 4764 1760 4815 καὶ
1811 4762 1955 4814 τοῦτ’
2004 4765 2215 4816 ἐκείνου
2254 4784 2356 4818 πυ-

785 4862 1018 4928 θοίμην,
1083 4857 1201 4918 πῶς
1261 4855 1540 4908 Διονυσίου
1594 4857 1723 4922 περὶ
1776 4855 2056 4923 δυνάμεως
2124 4857 2357 4911 ἐνταῦθα

783 4952 1268 5023 τεχνολογοῦντος,
1324 4950 1485 5011 αὐτὸς
1534 4951 1744 5000 ἐκείνη
1804 4948 2202 5016 παραδραμὼν,
2257 4950 2357 5020 τῆν

781 5047 1066 5115 ἐνέργειαν
1121 5041 1435 5111 προῦθηκεν
1464 5054 1477 5067 ·
1511 5041 1573 5092 οὐ
1607 5041 1714 5108 γάρ
1762 5039 1827 5092 ἂν
1857 5039 1942 5108 εἴη
1983 5041 2092 5092 τῶν
2133 5041 2354 5092 ἀπεικό-

780 5157 890 5191 των
926 5137 1076 5205 ’πρὸς
1110 5135 1272 5188 αὐτόν
1305 5151 1368 5202 γε
1422 5134 1767 5201 ποιουμένοις
1817 5132 1943 5194 τοὺς
1997 5131 2187 5199 λόγους
2225 5133 2356 5199 ἡμῖν

783 5229 1009 5282 τοιαῦτα
1081 5226 1294 5295 ζητεῖν,
1336 5225 1392 5286 ὃς
1428 5226 1604 5277 πάντα
1652 5224 1714 5291 δὴ
1749 5223 1918 5276 τᾶλλα
1947 5223 2220 5292 τολμηρὸς
2256 5223 2354 5287 ῶν,

785 5323 902 5375 οῦδὲ
941 5321 1130 5373 τούτου
1162 5319 1387 5386 κέκρικε
1418 5319 1528 5368 δεῖν
1561 5315 1863 5383 ἀπέχεσθαι
1892 5314 1987 5368 τοῦ
2022 5315 2352 5383 νοσήματος,

784 5415 855 5464 τὰ
890 5413 985 5479 τῆς
1021 5410 1195 5476 ἁπλῆς
1232 5411 1445 5478 ἐκείνης
1481 5407 1682 5478 δηλαδὴ
1716 5409 1806 5458 καὶ
1840 5406 1991 5469 θείας
2021 5408 2208 5467 οὐσίας
2241 5407 2357 5459 θεο-

2460 4299 2871 4370 κηρυττομένην
2929 4299 3269 4369 διαστρέφων
3293 4300 3549 4368 ἀλήθειαν
3619 4301 3702 4362 είς
3753 4300 4031 4371 ἐξαπάτην

2458 4396 2567 4447 τῶν
2599 4393 2929 4458 ἀκουόντων,
2954 4392 3179 4460 ὕστερον
3202 4392 3525 4459 συναγαγὼν
3556 4391 3719 4453 αὐτὸς
3752 4390 3887 4459 όμλοῦ
3920 4391 4026 4444 πάο

2461 4505 2580 4550 σας,
2615 4487 2716 4555 τήν
2743 4501 2800 4537 τε
2839 4485 3230 4554 προσήκουσαν
3265 4485 3494 4554 ἑκάστῃ.
3541 4485 3634 4534 καὶ
3690 4484 4028 4552 κατάλληλον

2457 4580 2611 4632 λύσιν
2641 4575 3013 4638 ἀποστολικῶς
3057 4593 3117 4628 τε
3148 4576 3240 4628 καὶ
3273 4574 3556 4642 πατρικῶς
3619 4576 3988 4643 προσαρμόσω
4011 4591 4025 4605 ·

2461 4674 2557 4725 σὺν
2587 4672 2705 4741 Θεῷ
2732 4670 2786 4724 δὲ
2815 4673 2842 4722 6
2871 4670 3044 4737 λόγος,
3076 4670 3167 4721 καὶ
3220 4668 3445 4720 αὐτόθεν
3509 4666 3887 4736 διελεγχθῆναι
3929 4666 4030 4737 τὴν

2459 4767 2787 4833 κενοφωνίαν
2821 4765 2916 4817 καὶ
2940 4763 2998 4814 τὸ
3027 4761 3219 4830 ψεῦδος
3249 4761 3474 4826 ποιήσω.

2529 4858 2642 4910 Νῦν
2672 4857 2717 4909 δ’
2752 4854 3023 4909 ἀκούσατε
3069 4852 3166 4918 τῆς
3214 4851 3307 4902 τοῦ
3344 4850 3583 4903 πλαστοῦ
3634 4850 3882 4910 θεολόγου
3936 4857 4031 4902 καὶ

2460 4950 2729 5017 θεομάχου
2785 4944 2998 4998 τουτουῖ
3047 4944 3396 5014 βλασφημίας
3457 4943 3617 5004 εὐθὺς
3677 4945 3739 4995 ἐκ
3808 4941 4029 5012 πρώτης

2461 5039 2728 5109 βαλϐῖδος.
2765 5040 2952 5109 Ὀρᾷς,
2986 5038 3138 5106 φησι,
3175 5036 3292 5097 πῶς
3329 5037 3802 5104 καταχρηστικῶς,
3833 5036 3927 5086 καὶ
3965 5037 4030 5088 οὐ

2461 5135 2662 5205 κυρίως
2691 5137 2720 5202 ἡ
2753 5133 2870 5186 θεία
2899 5133 2992 5186 καὶ
3022 5130 3166 5197 ἁπλῆ
3204 5128 3364 5198 φύσις
3399 5129 3511 5196 ἔχει
3544 5130 3603 5179 τὸ
3625 5128 3768 5197 ἐχειν
3796 5144 3812 5194 ;
3849 5130 3959 5182 Καὶ
3981 5132 4030 5180 εἰ

2460 5227 2648 5294 αὐτὴν,
2681 5227 2756 5288 ὡς
2788 5226 2916 5295 φῂς,
2948 5225 3046 5292 τὴν
3077 5222 3170 5275 τοῦ
3205 5224 3355 5291 ἔχειν
3413 5220 3641 5288 δύναμιν
3697 5221 3756 5272 οὐ
3801 5219 4024 5288 κυρίως.

2461 5318 2597 5371 ἀλλά
2623 5315 3076 5385 καταχρηστικῶς
3115 5314 3252 5383 ἔχει,
3283 5312 3446 5382 σχολῇ
3480 5312 3532 5378 γ’
3567 5311 3631 5364 ἂν
3673 5311 3802 5366 ἄλλο
3833 5329 3880 5363 τι
3917 5311 4029 5363 τῶν

2465 5412 2609 5463 ἰδίων
2641 5408 2806 5460 αὑτοῦ
2857 5408 3084 5460 καὶτῶν
3143 5405 3385 5474 φυσικῶς
3425 5403 3738 5472 προσόντων
3774 5401 3908 5469 ἔχοι.
3965 5402 4030 5452 Τί

790 5504 977 5571 πρεπῆ
1009 5503 1240 5570 διαιρεῖν
1272 5501 1533 5569 ὀνόματα,
1577 5501 1669 5551 καὶ
1702 5499 1964 5564 θεότητας
1997 5498 2206 5550 ἕκαστα
2233 5497 2352 5549 τού·
2391 5528 2432 5582 D
2461 5501 2515 5551 δὲ
2541 5498 2634 5551 καὶ
2661 5498 2803 5550 τοῦτ’
2828 5498 2959 5549 αὑτό
2983 5500 3148 5560 ἐστιν,
3183 5497 3318 5564 ὅπερ
3341 5493 3796 5564 καταχρηστικῶς
3825 5494 4028 5557 λέγεις;

787 5617 896 5650 των
925 5598 1216 5658 ἀκτίστους
1249 5597 1432 5648 καλεῖν
1473 5594 1635 5656 ἰδίως,
1673 5594 1762 5643 καὶ
1803 5591 1931 5643 ἄλλο
1962 5590 2060 5659 μὲν
2097 5593 2237 5641 νοεῖν
2265 5591 2356 5640 οὺ-

793 5692 938 5755 σίαν,
968 5690 1095 5741 ἀλλο
1116 5689 1171 5740 δὲ
1203 5689 1458 5755 δύναμιν,
1490 5685 1616 5737 ἄλλο
1646 5685 1688 5735 δ’
1716 5685 1995 5750 ἐνέργειαν
2025 5683 2115 5734 καὶ
2144 5682 2355 5748 σοφίαν,

794 5785 882 5837 καὶ
905 5784 967 5835 τὰ
1000 5782 1243 5834 tumin.
1280 5781 1337 5832 Εἰ
1372 5781 1478 5849 γὰρ
1507 5779 1668 5832 παντο
1702 5778 1928 5847 ἶῦκαμιν
1959 5780 2050 5830 καὶ
2082 5777 2361 5845 ἐνέργειαν

2468 5594 2536 5644 Ἦ
2574 5593 2680 5658 γὰρ
2723 5589 2921 5655 ἔξωθεν
2972 5589 3100 5640 αὐτὸ
3135 5588 3227 5640 καὶ
3253 5588 3544 5654 ἐπίκτητον
3571 5587 3745 5652 λέγεις
3783 5584 3871 5636 τὸν
3900 5585 4034 5636 Θεὸν

2469 5685 2631 5753 ἔχειν,
2671 5683 2763 5734 καὶ
2791 5683 2849 5733 οὑ
2890 5683 3027 5733 κατὰ
3057 5682 3234 5749 φύσιν,
3267 5681 3386 5732 οὐδὲ
3420 5679 3644 5746 κυρίως,
3699 5677 3730 5744 ἢ
3758 5677 3818 5728 τὸ
3865 5693 4032 5728 κατα-

2473 5775 2782 5844 χρηστικῗις
2827 5775 2943 5824 ἀντὶ
2993 5771 3087 5824 τοῦ
3125 5774 3324 5840 μάτην,
3363 5771 3451 5822 καὶ
3491 5769 3701 5836 ψευδῶς
3736 5767 4032 5835 λαμϐάνεις
