4448 6472
487 382 591 448 829

1262 391 1563 455 CONTRA
1604 395 2031 459 GREGORAM
2076 399 2843 460 ANTIRRHETICORUM
2878 398 2978 457 IV.

3615 393 3726 458 830

492 497 579 550 διὰ
628 498 684 549 δὲ
725 499 830 551 τῶν
864 503 1116 567 ἐγκάτων
1160 506 1324 569 αὐτὸς
1384 507 1580 562 ἐαυτοῦ
1622 512 1683 564 τὸ
1728 512 1880 579 ξίφος
1940 516 2063 567 κατ’
2088 517 2140 577 Α
2167 513 2462 582 εἰρημένην
2485 510 2578 566 τοῦ
2610 512 2757 565 θείου
2790 508 3057 579 Κυρίλλου
3082 507 3280 580 χρῆσιν
3310 504 3495 571 κακῶς
3523 524 3585 561 τε
3629 510 3726 563 καὶ

491 590 697 642 ἐκεῖνον
738 592 1000 657 ἐλαύνων,
1028 596 1124 649 καὶ
1150 596 1351 665 πτῶμα
1384 601 1602 654 πίπτων
1624 602 1877 667 ἐλεεινὸν,
1913 605 2057 676 πλὴν

492 682 616 737 διον
666 686 874 746 ἐκεῖνος
904 686 1025 756 μὲν,
1065 688 1141 751 ὡς
1173 690 1202 743 6
1235 690 1404 759 μῦθός
1430 710 1619 763 φησιν,
1677 698 1765 748 ἐπ’
1822 698 2056 769 ἐρημίας

489 790 550 828 τε
600 777 691 827 καὶ
709 774 887 846 ὅρους,
928 779 1022 832 καὶ
1060 783 1195 848 μετὰ
1224 783 1283 835 τὸ
1310 784 1411 847 τῆς
1455 786 1649 854 μανίας
1708 789 1921 857 ἐκείνης
1967 795 2060 844 ἐκ-

492 866 680 935 νῆψαι,
710 871 801 921 καὶ
846 874 1175 937 σωματικῶς
1213 888 1228 905 ο
1261 877 1326 927 σύ
1360 875 1405 927 δ’
1429 879 1523 930 ἐπὶ
1576 878 1747 946 μέσης
1789 878 1891 947 τῆς
1938 898 2055 934 κοι-

494 958 611 1026 νῆς,
648 960 784 1024 φεῦί
833 962 941 1013 τῶν
976 964 1182 1017 πιστῶν
1228 965 1576 1037 Ἐκκλησίας,
1629 972 1722 1022 καὶ
1761 974 1827 1041 τῇ
1890 974 2057 1043 μανίᾳ

494 1053 723 1121 κάτοχος
753 1054 828 1106 ῶν
872 1055 971 1112 ἔτι,
1005 1060 1098 1109 καὶ
1145 1058 1391 1128 ψυχικῶς
1422 1079 1484 1115 τε
1529 1062 1626 1115 καὶ
1677 1066 1934 1129 αίωνίως,
1983 1068 2058 1130 ὼς

498 1144 630 1213 μηδέ
675 1146 865 1200 ἐλπίδα
895 1148 1025 1215 γοῦν
1062 1150 1161 1218 τὴν
1190 1151 1404 1204 οίανοῦν
1453 1154 1812 1209 ὑπολιπέσθαι
1853 1158 2055 1228 σαυτῷ.

577 1235 734 1288 Ἀλλά
765 1239 833 1291 τὰ
864 1239 962 1305 μὲν
997 1241 1194 1305 ἱκανῶς
1238 1245 1370 1313 ήμῖν
1412 1243 1548 1315 ἔφθη
1577 1245 1755 1311 δείξας
1808 1247 1837 1299 ὁ
1876 1247 2059 1316 λόγος,

494 1330 585 1381 καὶ
612 1330 899 1398 περίεργον
928 1332 992 1385 ἂν
1017 1335 1100 1404 εἴη
1134 1352 1248 1398 πως
1277 1337 1370 1390 καὶ
1402 1337 1499 1407 τῆς
1542 1337 1695 1407 ὥρας
1748 1356 1807 1392 τε
1838 1341 1932 1393 καὶ
1961 1342 2060 1410 τῆς

499 1419 685 1501 χρείας
715 1420 838 1486 ἔξω,
863 1422 932 1474 τά
973 1424 1115 1477 αὐτά
1141 1427 1234 1478 καὶ
1271 1425 1472 1495 λέγειν,
1526 1431 1621 1481 καὶ
1667 1432 2061 1500 περιστρέφειν

497 1507 653 1571 αὖθις
682 1515 792 1572 τοῖς
827 1512 1026 1581 λόγοις,
1060 1518 1157 1571 καὶ
1182 1518 1261 1580 είς
1307 1520 1458 1572 οὐδὲν
1509 1523 1805 1590 ἀναγκαῖον
1852 1527 2059 1578 πονεῖν.

511 1602 634 1655 Ἐπὶ
662 1604 716 1656 δέ
738 1606 806 1657 τά
836 1606 964 1674 ἑξῆς
995 1609 1135 1661 ίτέον
1167 1610 1298 1678 ἡμῖν
1331 1610 1431 1680 ήδη
1459 1612 1552 1665 τοῦ
1580 1613 1766 1677 λόγου.
1804 1613 1906 1667 Τὸν
1937 1618 2062 1684 περὶ

500 1694 764 1761 διαφορᾶς
793 1696 943 1759 θείας
972 1699 1160 1762 οὐσίας
1197 1702 1288 1753 καὶ
1318 1703 1603 1771 ἐνεργείας
1640 1704 1796 1771 λόγον
1843 1708 1871 1758 6
1924 1707 2064 1775 Γρη-

494 1790 663 1856 γοράς
690 1789 818 1859 ἔφη,
881 1790 1241 1861 βουλομένους
1304 1796 1452 1865 ἡμᾶς
1496 1796 1769 1864 βεϐαιοῦν,
1809 1797 1900 1850 δύο
1954 1798 2060 1849 τῶν

494 1880 775 1949 θεοφόρων
831 1882 1169 1937 διδασκάλων
1224 1888 1306 1946 είς
1367 1888 1679 1957 μαρτυρίαν
1752 1890 1847 1942 καὶ
1904 1886 2059 1950 αὖθις

493 1972 784 2039 παράγειν,
834 1973 1090 2044 Ἰωάννην
1115 1993 1169 2028 τε
1186 1976 1283 2028 τὸν
1320 1977 1463 2029 θεῖον
1503 1979 1566 2030 ἐκ
1597 1981 1913 2046 Δαμασκοῦ,
1966 1982 2061 2033 καὶ

492 2058 585 2110 τὸν
613 2057 757 2109 θεῖον
794 2058 891 2111 σὺν
919 2059 1066 2128 αὐτῷ
1100 2061 1390 2128 Κύριλλον.
1416 2064 1530 2115 Καὶ
1559 2062 1787 2132 σύνηθες
1818 2067 1909 2116 ἐπὶ
1936 2063 2061 2116 τού-

494 2166 609 2211 τοις
648 2149 811 2214 εὐθύς
851 2149 1002 2218 αὐτῷ
1029 2151 1153 2204 καθ’
1179 2153 1335 2221 ήμῶν
1364 2153 1616 2223 ἔγκλημα
1671 2157 1768 2224 τῆς
1820 2155 2063 2221 ἀμαθίας

493 2239 609 2309 ἅμα
645 2243 740 2293 καὶ
768 2240 1130 2312 κακουργίας,
1174 2245 1266 2296 καὶ
1300 2244 1364 2313 δὴ
1411 2246 1502 2297 καὶ
1549 2245 1647 2314 τῆς
1698 2248 2059 2314 συκοφαντίας

492 2332 591 2399 τῆς
619 2332 740 2385 κατ’
768 2335 991 2386 ἐκείνων
1023 2337 1117 2388 καὶ
1156 2335 1257 2404 τῆς
1305 2334 1644 2407 βωμολοχίας
1686 2340 1780 2391 καὶ
1837 2340 1936 2408 τῆς
1974 2345 2064 2394 ὲκ-

491 2425 722 2493 τροπῆς.
761 2427 835 2487 ῶς
865 2445 1020 2495 φησι,
1053 2429 1160 2481 τῶν
1193 2430 1353 2499 ιερῶν
1377 2431 1573 2499 λόγων.

566 2516 628 2568 El
662 2518 760 2584 μὲν
779 2518 870 2571 οὖν
900 2520 1052 2572 ταῦτ’
1076 2516 1143 2590 ἦν
1166 2521 1312 2588 αὐτῷ
1335 2523 1493 2590 μόνα,
1510 2524 1569 2573 τι
1593 2525 1713 2576 καθ’
1737 2526 1894 2593 ἡμῶν
1920 2545 2061 2594 φημι

490 2606 701 2676 ψιῦῗος,
718 2611 808 2661 καὶ
830 2610 861 2678 ἡ
880 2610 1099 2681 ἀναιδὴς
1117 2611 1254 2680 αὐτη
1278 2615 1628 2682 συκοφαντία,
1655 2618 1746 2669 καὶ
1762 2616 1913 2669 οὐδὲν
1937 2618 2063 2670 ἄλλο

492 2702 726 2770 ποοᾶἧν,
757 2700 824 2774 ἦν
854 2706 918 2759 ἂν
948 2706 1076 2769 ἴσως
1096 2710 1184 2760 καῖ
1214 2709 1473 2778 φορητὸν,
1498 2711 1592 2763 καὶ
1620 2712 1739 2763 οὐδέ
1757 2712 1917 2780 λόγου
1939 2714 2064 2767 πολ-

492 2795 584 2848 λοῦ
618 2813 763 2860 τινος
791 2797 960 2863 ἀξιον.
1005 2799 1062 2852 ’0
1098 2801 1204 2869 γάρ
1226 2801 1332 2852 τῶν
1355 2801 1571 2855 πάντων
1599 2804 1878 2872 Δεσπότην
1919 2804 2063 2858 οὓτω

494 2889 774 2957 τολμήσας
822 2896 1204 2961 συκοφαντεῖν,
1240 2893 1316 2955 ὡς
1374 2894 1495 2963 μηδ’
1548 2896 1829 2966 ἐνέργειαν
1880 2900 2061 2963 αὐτὸν,

497 2983 630 3050 μηδέ
661 2983 938 3053 θεοπρεπῆ
991 3004 1046 3038 τε
1078 2988 1171 3039 καὶ
1207 2988 1448 3056 φυσικὴν
1476 2987 1660 3056 χάριν,
1720 2990 1853 3060 μηδέ
1880 3008 1932 3043 τι
1955 2992 2064 3043 τῶν

495 3078 744 3145 φυσικῶν
766 3078 862 3131 καὶ
890 3078 1032 3131 ἰδίων
1062 3080 1198 3141 ὅλως
1219 3079 1401 3147 λέγειν
1423 3082 1741 3151 κεκτῆσθαι,
1766 3084 1899 3152 μηδὲ
1927 3083 2063 3137 θεώ-

2159 601 2388 669 ἆνμαθῶς
2415 603 2701 670 ἀναγνοὺς,
2729 603 2823 653 καὶ
2846 603 2983 669 μήτε
3015 600 3114 668 τῆς
3145 596 3240 654 τοῦ
3273 596 3419 652 θείου
3446 598 3727 667 θεολογίας

2157 693 2350 762 ἀνδρὸς
2379 697 2435 746 ἐν
2464 693 2744 763 ἐπιστήμῃ
2772 690 3011 759 γεγονὼς
3051 690 3398 761 τοπαράπαν,
3429 689 3569 760 μήτε
3626 689 3726 759 τῆς

2157 785 2475 847 ἀκολουθίας
2505 785 2598 838 τοῦ
2627 784 2785 850 λόγου
2811 784 2917 835 τῶν
2945 782 3327 852 χρησαμένων,
3360 782 3452 835 καὶ
3480 780 3580 850 τῆς
3607 782 3726 833 δια·-

2159 877 2305 938 νοίας
2328 875 2423 928 τοῦ
2453 877 2641 944 τόμου,
2671 874 2920 943 καθάπερ
2960 874 3088 935 ἔδει,
3121 875 3325 937 συνεὶς,
3358 872 3418 925 τδ
3457 873 3555 942 μὲν
3576 872 3721 925 ἐκεί-

2160 985 2257 1037 νης
2290 967 2534 1038 ήγήσατο
2567 966 2660 1019 τοῦ
2687 966 2835 1018 θείου
2863 963 3170 1032 πεφυκέναι
3204 964 3503 1032 Κυρίλλου,
3561 964 3622 1017 τὸ
3668 964 3727 1018 δέ

2157 1060 2241 1113 ὅτι
2277 1059 2436 1126 φύσις
2457 1061 2550 1113 καὶ
2580 1059 2828 1128 ἐνέργεια
2872 1058 2933 1110 οὐ
2968 1055 3188 1123 ταυτὸν,
3224 1056 3539 1126 ἀπορρήξας
3583 1059 3727 1110 ἐκεῖ·

2159 1152 2250 1206 θεν
2282 1152 2356 1222 τῷ
2409 1153 2560 1222 τόμῳ
2611 1154 2746 1222 μετὰ
2780 1151 2978 1218 πολλῆς
3002 1153 3100 1220 τῆς
3138 1150 3524 1219 ἀναισχυντίας
3554 1166 3728 1219 προσ-

2159 1243 2381 1316 ἔρριψεν
2409 1244 2482 1303 ὡς
2512 1244 2667 1313 δῆθεν
2724 1243 3008 1312 ἡμέτερον,
3042 1242 3307 1311 γραώδεις
3340 1242 3727 1312 συλλογισμῶν

2158 1337 2500 1408 λήρους,καὶ
2544 1335 2784 1405 ἀμαθίαν
2838 1337 2971 1405 ἡμῖν
3024 1333 3273 1400 ἐγκαλῶν
3341 1335 3573 1404 συνήθη,
3631 1334 3727 1389 ἀτε

2160 1428 2223 1496 δὴ
2282 1427 2342 1481 τὸ
2412 1425 2733 1497 αἰτούμενον
2779 1426 2837 1478 ἐν
2898 1424 3065 1495 ἀρχῇ,
3130 1423 3224 1475 τὸν
3272 1425 3400 1491 περὶ
3461 1424 3726 1494 διαφορᾶς

2160 1518 2310 1580 θείας
2360 1518 2551 1580 οὐσίας
2600 1517 2693 1569 καὶ
2752 1515 3027 1583 ἐνεργείας
3066 1513 3242 1580 λέγων
3294 1513 3499 1584 δηλαδὴ
3539 1514 3723 1583 λόγον,

2158 1612 2232 1673 ὡς
2263 1609 2692 1679 ὁμολογούμενον
2709 1608 2989 1661 λαϐοῦσιν.

2244 1701 2526 1754 Ἐντεῦθεν
2572 1702 2817 1771 ἐναργῶς
2874 1698 3153 1766 ὑπέδειξεν
3181 1704 3208 1753 6
3236 1699 3520 1769 γεννάδας,
3580 1700 3729 1762 ὅπως

2161 1793 2289 1855 τούς
2320 1791 2657 1859 θεολογικοὺς
2688 1792 2878 1858 λόγους
2943 1792 3035 1845 καὶ
3066 1793 3132 1843 τὰ
3161 1794 3406 1858 δόγματα
3455 1789 3571 1859 μετ’
3604 1793 3728 1842 ἐπι-

2166 1889 2375 1954 στήμης
2402 1886 2797 1951 ἀναγινώσκει,
2824 1884 2916 1935 καὶ
2941 1882 3059 1936 οἷαν
3096 1883 3204 1935 τῶν
3232 1881 3390 1951 ίερῶν
3410 1882 3582 1947 λόγων
3607 1879 3720 1949 ἔχει

2160 1976 2259 2047 τὴν
2310 1974 2443 2040 ἕξιν,
2490 1976 2587 2027 καὶ
2613 1974 2752 2044 πρὸς
2781 1975 2990 2037 τούτοις
3026 1978 3206 2036 ὁποῖος
3261 1975 3320 2026 ἐν
3350 1976 3461 2036 τοῖς
3494 1972 3731 2040 λογικοῖς

2160 2068 2237 2122 ὢν
2264 2069 2541 2138 τυγχάνει,
2572 2068 2667 2120 καὶ
2700 2069 2844 2128 ὅπως
2870 2071 2982 2130 τοῖς
3012 2067 3397 2137 συλλογισμοῖς
3424 2066 3730 2130 ἐπιϐάλλει,

2161 2162 2189 2215 δ
2214 2161 2399 2231 δήκαὶ
2442 2159 2643 2228 μᾶλλον
2682 2158 2873 2228 ὥσπερ
2925 2159 3057 2212 ίδιον
3090 2158 3257 2212 αὐτοῦ
3297 2175 3349 2210 τι
3378 2157 3610 2227 νομίζει,
3657 2158 3731 2219 ὡς

2160 2255 2249 2306 καὶ
2280 2254 2387 2305 ἀπὸ
2413 2253 2618 2305 τούτων
2674 2254 2800 2314 τοὺς
2853 2251 3063 2314 πάντας
3092 2252 3257 2306 αὐτὸν
3302 2250 3489 2305 καλεῖν
3522 2246 3729 2315 ἀξιοῦν.

2162 2346 2332 2397 Τοῦτο
2365 2343 2592 2412 καὶγὰρ
2622 2344 2682 2396 τὸ
2715 2345 2814 2414 τῆς
2850 2345 3168 2413 φιλοσοφίας
3200 2346 3228 2397 6
3269 2344 3433 2412 σοφὸς
3472 2345 3732 2415 ἄντικρυς

2161 2439 2364 2507 ἥγηται
2410 2435 2706 2504 πρόσρημα
2734 2473 2748 2487 .
2794 2436 2947 2503 Μήτε
2995 2434 3103 2504 γὰρ
3135 2435 3230 2504 τῆς
3259 2433 3352 2487 τοῦ
3416 2434 3614 2487 σεπτοῦ
3643 2434 3733 2487 τό-

2166 2543 2267 2595 μου
2304 2526 2561 2591 διανοίας,
2596 2527 2737 2580 καθά
2764 2525 2827 2595 δὴ
2865 2529 2960 2581 καὶ
2997 2525 3272 2597 προύφην,
3318 2526 3605 2594 ἐφικέσθαι
3643 2527 3735 2579 δυ-

2164 2615 2345 2684 νηθεὶς
2398 2616 2553 2679 ὅλως,
2609 2617 2890 2678 εὐτάκτως
2941 2634 3000 2668 τε
3034 2622 3131 2669 καγ¹
3168 2616 3421 2684 λογικῶς,
3471 2618 3565 2669 καὶ
3594 2617 3733 2686 μετὰ

2161 2707 2260 2775 τῆς
2293 2706 2518 2773 δεούσης
2546 2708 2878 2775 ἐπιστήμης,
2931 2709 3027 2761 καὶ
3063 2707 3171 2777 πρὸ
3210 2707 3427 2760 πάντων
3453 2707 3733 2775 Πνεύματι

2164 2798 2293 2867 θείῳ
2318 2799 2408 2850 τὸν
2454 2797 2611 2865 λόγον
2659 2798 3095 2867 οἰκονομοῦντος,
3138 2798 3234 2851 καὶ
3278 2799 3420 2851 κατά
3471 2797 3626 2862 τάξιν
3676 2814 3735 2850 τε

2164 2888 2257 2939 καὶ
2289 2887 2477 2955 χρείαν
2512 2887 2794 2955 ἀναλόγως
2828 2889 3071 2951 τιθέντος
3093 2888 3324 2951 ἕκαστα,
3360 2890 3497 2959 μήτε
3542 2891 3610 2941 τά
3638 2888 3733 2941 τοῦ

2165 2978 2326 3046 σοφοῦ
2376 2979 2644 3048 Κυρίλλου
2695 2982 3059 3048 κατανοήσας,
3102 2979 3251 3042 θείας
3312 2980 3408 3032 καὶ
3454 2979 3734 3049 ἀνθρωπί-

2163 3087 2259 3142 νης
2284 3071 2411 3124 ὄντα
2452 3070 2644 3140 σοφίας
2678 3071 2871 3141 μεστὰ,
2907 3072 2998 3124 καὶ
3039 3071 3115 3133 ὡς
3162 3070 3369 3124 ἐκείνου
3409 3070 3503 3123 τοῦ
3535 3072 3735 3140 μέρους

496 3188 634 3228 σεωξ
662 3169 787 3239 μηδ’
818 3170 1099 3238 ἐνεργείας
1127 3171 1291 3223 αὑτοῦ
1320 3172 1555 3240 φυσικῆς
1584 3174 1705 3242 μηδ’
1735 3174 1913 3227 ὁτιοῦν
1943 3192 2027 3228 χοι
2047 3205 2058 3215 .
2088 3177 2135 3239 c
2166 3162 2426 3226 ἀπόντος,
2465 3162 2655 3225 ἀτελὲς
2692 3164 2758 3216 ἂν
2803 3164 2887 3232 εἴη
2943 3161 3020 3232 τῷ
3062 3161 3370 3230 διδασκάλῳ
3414 3163 3474 3214 τὸ
3528 3163 3734 3230 ἐπιχεί-

494 3263 732 3326 νωνῆσαι
761 3265 827 3332 τῇ
861 3262 1177 3333 ἀνθρωπεία
1203 3264 1404 3333 δηλαδὴ
1448 3266 1628 3332 φύσει,
1683 3266 1752 3319 δι’
1781 3268 1917 3337 ὅπερ
1957 3270 2064 3334 ἄρα

496 3356 591 3406 καὶ
617 3354 742 3416 Υἱὸς
786 3354 1074 3423 ἀνθρώπου
1110 3355 1363 3422 γενέσθαι
1420 3373 1480 3408 τε
1534 3358 1629 3409 καὶ
1688 3359 1956 3425 κληθῆναι
1997 3362 2063 3413 δι’

498 3447 803 3516 ὑπερϐολὴν
864 3448 1107 3516 ἀρρήτου
1187 3448 1600 3518 φιλανθρωπίας
1676 3450 1703 3500 6
1770 3454 2065 3522 μονογενὴς

496 3540 621 3601 Υίὺς
643 3539 841 3606 ήξίωσε
868 3539 962 3592 τοῦ
989 3541 1146 3605 Θεοῦ,
1183 3541 1299 3604 πῶς
1351 3542 1418 3594 ἂν
1450 3537 1606 3605 οὗτός
1644 3560 1778 3595 ποτε
1805 3547 1905 3615 τὴν
1947 3548 2065 3600 κατ’

496 3631 799 3700 ἀνθρώπων
827 3632 1154 3699 εὐλαϐηθείη
1186 3634 1572 3702 συκοφαντίαν,
1605 3637 1697 3688 καὶ
1739 3636 1838 3704 τὴν
1871 3639 2055 3691 διαϐο-

496 3717 615 3784 λὴν,
645 3721 740 3771 καὶ
776 3720 837 3771 τὸ
883 3720 1095 3787 ψεῦδος,
1131 3721 1244 3774 κᾶν
1282 3724 1360 3782 είς
1390 3722 1593 3777 ἄτοπον
1622 3726 1720 3795 τὴν
1750 3730 2063 3795 ὑπερϐολὴν

496 3810 701 3879 ταύτην
737 3810 926 3880 ἐξάγῃ,
967 3811 1068 3863 κᾶν
1095 3812 1235 3867 κατά
1282 3814 1417 3865 Θεοῦ
1469 3817 1567 3868 καὶ
1595 3816 1694 3886 τῆς
1724 3820 1936 3873 ἐκείνου
1974 3822 2063 3874 δό-

499 3902 597 3969 ξης
630 3904 657 3954 6
692 3902 833 3955 κατά
862 3901 968 3955 τῶν
997 3903 1250 3957 τοιούτων
1302 3906 1449 3975 αὐτῷ
1496 3906 1653 3974 λόγος
1679 3913 1843 3981 προΐῃ
1873 3930 1886 3977 ;
1946 3914 2062 3967 Νῦν

500 3994 557 4045 δὲ
592 3996 729 4046 κατά
761 3995 882 4058 τούς
936 3995 1037 4065 τῆς
1074 3998 1373 4065 παροιμίας
1425 3999 1615 4069 φῶρας
1671 4004 2060 4074 ἀναισχυντῶν,

489 4086 595 4138 -καὶ
632 4085 730 4148 τάς
762 4087 963 4150 οίκείας
996 4090 1359 4157 κακουργίας,
1394 4095 1491 4144 καὶ
1541 4095 1642 4163 τὴν
1692 4097 1923 4167 κλοπὴν,
1968 4100 2064 4151 καὶ

498 4177 598 4246 τὴν
630 4177 890 4244 ἀμαθίαν,
921 4179 1015 4231 καὶ
1046 4179 1147 4248 τὴν
1173 4180 1525 4253 διαστροφὴν,
1557 4186 1650 4236 καὶ
1688 4186 1787 4255 τήν
1818 4189 2063 4258 παρεξή-

501 4284 662 4337 γησιν
688 4268 797 4320 τῶν
827 4268 1153 4337 θεολογικῶν
1180 4271 1374 4337 λόγων,
1406 4275 1498 4328 καὶ
1540 4276 1698 4329 πάνθ’
1730 4278 1873 4342 ὅσοις
1900 4282 2065 4345 αὐτός

501 4358 968 4422 ἐστινιύπεύθυνος
994 4359 1176 4425 μόνος,
1222 4363 1357 4430 ήμῖν
1415 4362 1857 4432 ἀνερυθριάστως
1896 4386 2064 4437 προσο

500 4454 741 4520 εγκαλεῖ.
777 4452 886 4506 Καὶ
920 4454 1130 4521 μάρτυς
1153 4453 1258 4507 τῶν
1289 4454 1418 4524 παρ’
1454 4456 1592 4524 ἐμοῦ
1632 4458 1939 4525 λεγομένων
1962 4462 2061 4513 αύ-

2167 3273 2339 3327 ρημα,
2380 3257 2475 3309 καὶ¹
2528 3256 2663 3325 πρὸς
2706 3255 2799 3307 τὸν
2853 3255 3093 3317 σώζοντα
3142 3256 3301 3323 λόγον
3356 3256 3507 3306 οὐδὲν
3559 3254 3732 3320 ύγιές,

2164 3348 2562 3414 ἀσυλλογίστως
2613 3347 2922 3417 ἐπιῤῥίπτει
2970 3346 3047 3415 τῷ
3075 3346 3229 3415 τόμῳ
3270 3346 3421 3416 παρὰ
3451 3346 3540 3400 τὸν
3570 3348 3733 3398 τόπον

2163 3457 2220 3492 τε
2256 3440 2350 3491 καὶ
2398 3439 2497 3508 τὴν
2541 3438 2752 3508 χρείαν,
2808 3440 2868 3491 οὐ
2922 3438 3124 3507 μᾶλλον
3180 3438 3308 3502 τοὺς
3367 3438 3734 3501 ἐκδεδωκότας

2164 3532 2371 3584 ἐκεῖθεν
2401 3532 2692 3601 αἰσχύνων,
2719 3534 2791 3592 ὠς
2821 3530 2960 3601 ᾤετο
2986 3530 3194 3595 κακῶς,
3225 3531 3319 3582 καὶ¹
3357 3531 3730 3597 συκοφαντῶν,

2163 3622 2285 3675 ὅσον
2317 3622 2513 3692 ἐαυτῷ,
2543 3625 2637 3675 καὶ
2662 3622 2901 3686 δικάζων
2925 3623 3170 3686 ἐνδίκως,
3204 3622 3300 3676 καὶ
3328 3621 3727 3689 καταισχύνων,

2164 3715 2255 3767 καὶ
2321 3713 2418 3785 την
2492 3716 2879 3784 προσήκουσαν
2931 3714 3085 3784 δίκην
3150 3713 3376 3766 τοιαῦτα
3462 3712 3732 3780 τολμῶντι

2164 3807 2448 3876 λαγχάνων
2476 3808 2659 3868 αὐτός.
2692 3808 2753 3859 El
2791 3808 2900 3875 γὰρ
2942 3808 2970 3859 6
3011 3806 3079 3860 τά
3108 3805 3335 3859 τοιαῦτα
3380 3804 3735 3873 λογιζόμενός

2163 3918 2222 3952 τε
2245 3901 2335 3951 καὶ
2352 3900 2577 3969 γράφων
2602 3898 2740 3951 κατὰ
2761 3898 2859 3960 τὰς
2904 3898 3004 3951 σοῦ
3033 3898 3322 3966 φιλοσόφου
3357 3898 3499 3965 φημὶ
3523 3895 3732 3964 ψήφους

2163 3992 2254 4045 καὶ
2301 3991 2628 4058 ἀποφάσεις,
2671 3990 2941 4059 γραώδεις
2986 3989 3361 4059 συλλογισμῶν
3410 3988 3606 4054 ἐπάγει
3637 3987 3737 4055 λή-

2166 4099 2290 4152 ρους
2319 4081 2395 4150 τῷ
2428 4082 2590 4149 λόγῳ,
2626 4081 2720 4132 καὶ
2747 4079 3044 4148 σύντροφός
3069 4080 3152 4140 τίς
3183 4080 3321 4142 ἐστι,
3369 4079 3463 4130 καὶ
3495 4078 3737 4147 συνήθης

2165 4171 2373 4242 ἀμαθίᾳ
2398 4170 2720 4239 δήπου,.καὶ
2763 4171 3071 4239 κακουργίᾳ
3112 4168 3212 4222 καὶ
3253 4167 3527 4238 ἱεροσυλίᾳ
3569 4166 3730 4237 τρίτη

2166 4269 2300 4333 πρὸς
2333 4262 2563 4327 τούτοις,
2611 4262 2988 4329 ἀναπέφανται
3041 4261 3101 4314 δὲ
3140 4258 3235 4313 νῦν
3269 4260 3539 4328 ἐναργῶς,
3570 4259 3671 4327 οὐχ
3705 4259 3734 4308 6

2164 4358 2326 4426 τόμος
2378 4356 2555 4407 ἐκεῖνοι
2612 4354 2785 4420 λέγων
2842 4356 2937 4407 καὶ
2988 4352 3235 4422 γράφων,
3283 4351 3401 4403 οὐδὲ
3441 4350 3491 4403 οί
3551 4349 3734 4413 καλῶς

2167 4451 2371 4502 ἐκεῖνον
2399 4447 2776 4512 ἐκδεδωκότες,
2799 4444 2918 4499 ἀλλ’
2935 4446 3104 4507 αὐτὸς
3132 4441 3288 4508 οὗτος
3316 4447 3343 4497 6
3375 4445 3468 4496 καὶ
3494 4458 3741 4510 συγγραο

501 4547 590 4606 τὸς
617 4545 821 4607 ἐκεῖνος
856 4543 1037 4605 εὐθύς.
1068 4544 1177 4597 Τοῦ
1209 4546 1318 4614 γὰρ
1354 4548 1636 4601 συνοδικοῦ
1668 4551 1834 4619 τόμου
1859 4554 1947 4605 τὸν
1987 4555 2061 4605 ιε-
2094 4557 2136 4609 η
2167 4540 2319 4607 φεύς,
2344 4539 2438 4591 καὶ
2469 4538 2670 4608 πατὴρ,
2706 4540 2800 4592 καὶ
2824 4536 3069 4606 ζηλωτὴς
3092 4535 3250 4606 ὁμοῦ,
3280 4534 3375 4588 καὶ
3404 4533 3729 4603 κατήγορος,

508 4637 598 4704 ρδν
627 4636 1061 4703 παρενεγκόντος
1094 4634 1366 4704 Κύριλλον
1401 4639 1530 4706 περὶ
1562 4639 1656 4707 τῆς
1691 4640 1784 4690 τοῦ
1841 4658 2063 4707 μονογε-

495 4724 615 4787 νοῦς
642 4725 771 4778 Υἱοῦ
804 4724 897 4776 τοῦ
931 4722 1067 4775 Θεοῦ
1102 4724 1248 4788 θείας
1303 4726 1395 4778 καὶ
1439 4727 1680 4795 ἀρρήτου
1734 4731 2060 4796 γεννήσεως,

496 4816 727 4884 λογικῶς
755 4814 891 4883 πρὸς
948 4817 1074 4877 τοὺς
1131 4816 1449 4885 αίρετικούς
1505 4817 1913 4888 διαλεγόμενον,
1970 4824 2063 4874 καὶ

496 4907 667 4961 ταῦτα
701 4906 835 4974 πρός
866 4922 1006 4957 τισιν
1064 4905 1246 4968 ἄλλοις
1298 4907 1511 4969 πολλοῖς
1538 4908 1837 4976 φάσκοντα,
1878 4913 1939 4964 Et
1987 4913 2063 4981 τῷ

500 4999 698 5067 γεννᾷν
722 4994 920 5048 ταυτόν
961 4995 1077 5047 ἐστι
1104 4995 1164 5047 τὸ
1204 4997 1398 5060 ποιεῖν,
1420 4998 1447 5049 6
1473 4998 1851 5065 γεννῶνηέσται
1882 5002 2053 5054 ποιῶν

500 5091 561 5140 τὸ
580 5086 939 5156 γεννώμενον,
979 5086 1073 5138 καὶ
1095 5085 1122 5137 6
1153 5087 1325 5138 ποιῶν
1361 5088 1565 5155 γεννῶν
1625 5090 1685 5142 τὸ
1716 5092 2057 5160 ποιούμενον,

501 5181 637 5233 ἀλλά
671 5182 735 5232 τὸ
772 5179 870 5248 μὲν
925 5179 1097 5231 ποιεῖν
1128 5179 1410 5245 ἐνεργείας
1449 5181 1587 5246 ἐστὶ,
1629 5182 1840 5251 φύσεως
1890 5185 1946 5237 δὲ
2001 5186 2063 5239 τὸ

502 5273 716 5342 γεννᾷν,
746 5270 906 5338 φύσις
937 5269 994 5320 δὲ
1016 5271 1110 5322 καὶ
1159 5270 1409 5341 ἐνέργεια
1440 5272 1501 5325 οὐ
1534 5274 1749 5341 ταυτὸν,
1807 5277 1905 5329 οὐκ
1953 5277 2063 5347 ἄρα

501 5371 578 5429 τῷ
618 5363 810 5431 γεννᾷν
838 5360 900 5413 τὸ
926 5363 1101 5412 ποιεῖν
1130 5363 1330 5414 ταυτόν
1361 5364 1499 5428 ἐστι,
1523 5363 1602 5417 δεῖ
1633 5368 1741 5436 γὰρ
1769 5366 2063 5440 ὲξόλοκλή-

504 5470 597 5523 ρου
643 5455 735 5505 καὶ
760 5453 907 5522 ἡμᾶς
935 5451 1166 5505 ἐνταῦθα
1196 5453 1293 5522 τὴν
1320 5454 1479 5523 ῥῆσιν
1522 5456 1719 5509 είπεῖψ
1760 5458 1931 5522 οὕτως
1967 5458 2063 5515 οὖν

498 5546 602 5596 ὐπὸ
633 5542 728 5597 τοῦ
758 5546 921 5614 τόμον
942 5543 1035 5597 τοῦ
1064 5544 1380 5613 θεολογικοῦ
1414 5548 1766 5616 προτεθέντος
1819 5552 2009 5621 ῥητοῦ.
2036 5556 2063 5607 6

498 5637 609 5697 τοῖς
642 5636 807 5703 ἱεροῖς
860 5635 1199 5696 διδασκάλοις
1265 5638 1362 5704 τὴν
1403 5636 1644 5706 ἀμαθίαν
1698 5657 1758 5691 τε
1816 5643 1911 5694 καὶ
1964 5643 2063 5714 τὴν

503 5727 839 5793 κακουργίαν
875 5725 1124 5793 ἐγκαλῶν
1159 5726 1469 5795 Γρηγορᾶς,
1500 5726 1660 5791 αὐτὸς
1686 5731 1902 5798 ἀμαθὴς
1933 5734 2065 5803 ἀλη-

502 5816 607 5880 θῶς
642 5818 799 5881 εὐθὺς
831 5818 966 5886 ὁμοῦ
999 5819 1090 5872 καὶ
1126 5819 1429 5888 κακοῦργος
1460 5819 1759 5891 ἐλέγχεται.
1818 5824 1926 5896 Τὴν
1954 5830 2062 5898 γὰρ

2164 4631 2254 4683 καὶ
2285 4631 2542 4699 δικαστὴς
2578 4633 2687 4683 τῶν
2710 4632 2988 4694 τοιούτων,
3023 4629 3228 4687 δίκαιος
3257 4629 3324 4682 ἂν
3364 4628 3450 4697 είη
3492 4628 3734 4689 πάντως,

2164 4725 2253 4778 καὶ
2270 4725 2378 4786 πᾶς
2394 4741 2495 4789 τις,
2517 4716 2691 4791 οἶμαι,
2708 4725 3009 4792 συμφήσει,
3030 4724 3123 4776 καὶ
3137 4722 3312 4784 οὐδεὶς
3324 4722 3561 4791 ἀντερεῖ,
3599 4717 3732 4787 παρ’

2164 4816 2323 4876 αὐτὸς
2342 4814 2507 4867 αὐτοῦ
2531 4815 2746 4867 καὶτῶν
2765 4814 2979 4882 σεμνῶν
2997 4813 3164 4867 αὐτοῦ
3188 4813 3364 4880 λόγων
3395 4810 3744 4880 κεκομίσθαι

2161 4909 2259 4969 τὰς
2310 4907 2523 4977 ψήφους
2568 4926 2627 4960 τε
2676 4909 2770 4962 καὶ
2804 4908 2903 4970 τὰς
2946 4908 3276 4977 ἀναρρήσεις
3318 4906 3427 4959 τῶν
3474 4904 3733 4957 τοιούτων

2163 5000 2463 5067 τροπαίων,
2490 4993 2586 5053 καὶ
2611 5000 2879 5070 θρίαμϐον
2908 4999 3084 5067 ἐαυτῷ
3138 4999 3416 5063 κατάγειν,
3471 4998 3561 5048 καὶ
3582 4994 3736 5046 τελε-

2162 5094 2261 5153 τάς
2310 5109 2488 5157 τινας,
2544 5094 2641 5145 καὶ
2669 5093 2887 5163 χορείας
2912 5091 3233 5154 ἐπινικίους,
3275 5091 3347 5149 ὠς
3372 5088 3530 5153 αὐτὸς
3561 5087 3731 5155 δήπου

2165 5186 2369 5255 προϊὼν
2396 5187 2727 5253 ἐγκαυχᾶται
2746 5185 2860 5246 τοῖς
2880 5183 3080 5249 λόγοις,
3111 5181 3308 5251 μᾶλλον
3340 5180 3396 5232 δέ
3427 5180 3518 5232 καὶ
3552 5180 3735 5231 Διονύ-

2169 5293 2315 5340 σους,
2362 5277 2456 5328 καὶ
2482 5276 2776 5345 Σατύρους,
2798 5275 2894 5327 καὶ
2916 5275 3154 5343 Βάκχας,
3174 5272 3264 5324 καὶ
3293 5273 3451 5341 χορόν
3480 5273 3603 5323 τινα
3641 5288 3730 5339 με·

2164 5368 2424 5432 θυόντων,
2462 5368 2529 5422 ἵν’
2558 5367 2734 5421 οἰκεῖά
2760 5383 2877 5425 πως
2908 5367 2993 5434 εἴη
3015 5364 3091 5432 τῷ
3109 5362 3384 5431 φιλοσόφῳ
3416 5362 3508 5413 καὶ
3535 5359 3731 5420 ταῦτα,

2165 5461 2258 5518 ﬁt:
2284 5460 2347 5530 δὴ
2396 5462 2489 5513 καὶ
2523 5459 2671 5527 παρά
2701 5460 2808 5511 τῶν
2823 5458 3037 5511 οἰκείων
3064 5456 3226 5509 αὐτοῦ
3252 5453 3518 5521 σοφιστῶν
3549 5470 3609 5506 τε
3637 5455 3733 5505 καὶ

2165 5551 2403 5620 ποιητῶν
2421 5551 2515 5604 καὶ
2552 5548 2733 5619 μύθων
2785 5549 3132 5618 καταλλήλως
3151 5548 3297 5615 αὐτῷ
3317 5545 3728 5614 προσαγόμενα.

2250 5641 2391 5696 Ἀλλ’
2420 5645 2602 5695 ἐκεῖνα
2632 5641 2728 5711 μὲν
2762 5641 2994 5710 ἐχόντων
3032 5640 3147 5693 ώδίυ
3183 5640 3302 5692 οὐδέ
3333 5640 3442 5708 γάρ
3461 5638 3731 5709 ἡμέτερον

2165 5735 2232 5789 ἂν
2282 5735 2368 5804 είη
2410 5734 2472 5786 τό
2498 5734 2549 5801 γ’
2602 5733 2831 5796 ἐκείνοις
2864 5736 2957 5786 επὶ
2986 5732 3237 5785 πλεῖστον
3285 5731 3491 5784 ἐθέλειν
3520 5747 3732 5799 προσα-

2168 5826 2471 5897 σχολεῐσθαι
2492 5841 2508 5857 ’
2535 5825 2666 5896 φέρε
2696 5824 2759 5896 δὴ
2813 5826 2904 5880 καὶ
2935 5824 3035 5889 τὰς
3069 5824 3495 5896 προρρηθείσαςι
3514 5823 3730 5889 ἐκείνας
