4448 6472
402 390 508 455 845

398 603 465 656 τὰ
493 602 548 654 δέ
579 600 850 669 κτίσματα
878 595 1309 667 δημιουργικῶς,
1348 592 1443 647 ἅτε
1472 591 1535 662 δὴ
1572 591 1666 644 καὶ
1697 589 1970 660 θελήσειας

399 691 810 759 καὶδυνάμεως
853 688 990 759 ἔργα
1020 688 1191 749 θείας,
1235 685 1349 740 ἀλλ’
1395 684 1516 754 οὐχὶ
1549 682 1782 752 φύσεως,
1827 681 1970 738 καθὰ

399 787 465 853 δὴ
497 788 593 838 καὶ
625 784 936 852 φθάσαντες
967 783 1017 834 οἰ
1056 779 1296 848 θεολόγοι
1328 778 1599 843 ἐδίδαξαν.

473 877 543 935 Σὺ
570 875 624 929 δὲ
656 875 746 927 τὸν
783 873 1061 936 γεννῶντα
1097 871 1189 924 καὶ
1217 871 1306 923 τδν
1330 867 1672 936 γεννώμενον
1722 868 1856 938 μόνα
1884 867 1972 921 λέ-

401 983 515 1033 γων
568 961 707 1019 εἷναι
768 964 919 1018 αίτια
977 963 1071 1016 καὶ
1129 961 1370 1024 αίτιατά,
1428 958 1625 1012 ταυτόν
1675 975 1728 1012 τι
1789 958 1974 1023 λέγειν

401 1058 596 1121 δοκεῖς,
620 1055 807 1125 ῶσπερ
839 1055 904 1110 ἀν
935 1055 987 1107 ει
1011 1071 1155 1117 τινος
1191 1053 1289 1122 τὴν
1318 1051 1507 1105 οὐσίαν
1537 1049 1974 1120 κατηγοροῦντος

402 1153 493 1205 τοῦ
528 1152 701 1217 λίθου,
742 1151 902 1212 αὐτὸς
936 1148 1009 1218 μὴ
1041 1148 1132 1201 τδν
1155 1147 1320 1208 λίθον,
1347 1145 1481 1198 ἀλλά
1514 1146 1573 1196 τὸ
1608 1141 1748 1206 ζῶον
1777 1141 1974 1211 ἔλεγες

403 1241 500 1313 τὴν
533 1242 719 1294 οὐσίαν
748 1238 968 1309 εἶναι,ἢ
1002 1237 1062 1291 :0
1091 1237 1245 1300 ζῶον.
1277 1236 1490 1289 ἐκείνου
1537 1233 1974 1304 κατηγοροῦντος

402 1334 498 1387 τοῦ
530 1334 845 1400 ἐλέφαντος,
883 1332 956 1402 μὴ
998 1330 1090 1383 τὸν
1134 1329 1422 1398 ἐλέφαντα,
1456 1325 1547 1378 τὸν
1592 1326 1648 1380 δὲ
1686 1326 1976 1398 ἄνθρωπον

404 1427 568 1488 αὑτὸς
611 1425 796 1493 ἔλεγες
836 1419 978 1478 εἶναι
1012 1422 1072 1476 :0
1117 1421 1278 1484 ζῶον.
1318 1419 1483 1490 Παράη
1513 1420 1620 1490 γὰρ
1651 1421 1710 1473 :0
1757 1419 1978 1487 λογικόν

405 1534 466 1571 τε
503 1517 595 1570 καὶ
664 1519 727 1570 :0
777 1515 974 1582 ἄλογον
1019 1515 1051 1582 ή
1100 1510 1336 1582 διαφορά
1376 1511 1607 1574 τούτοις,
1642 1510 1723 1564 ὅτι
1772 1509 1832 1564 τδ
1881 1513 1977 1582 μέν

406 1609 600 1663 τοιονδὶ
668 1605 810 1667 ζῶον
841 1646 856 1672 ,
901 1606 930 1657 0
976 1603 1033 1658 δέ
1091 1603 1378 1674 ἄνθρωπος
1434 1601 1663 1669 τοιονδὶ,
1701 1602 1762 1655 οὐ
1828 1601 1976 1673 παρά

406 1696 466 1749 :0
532 1694 673 1760 ζῶον
741 1693 950 1759 ἁπλῶς,
1015 1693 1204 1762 ὥσπερ
1267 1693 1325 1746 ἐν
1383 1692 1613 1754 ἐκείνοις
1692 1693 1844 1762 παρὰ
1918 1693 1979 1745 :0

409 1784 652 1856 ἔμψυχόν
707 1802 768 1839 τε
833 1785 926 1838 καὶ
984 1783 1193 1854 ἄψυχον
1218 1823 1233 1850 ,
1268 1783 1382 1838 ἀλλ’
1442 1783 1501 1836 οὐ
1541 1783 1692 1854 παρὰ
1740 1784 1838 1852 τὴν
1891 1785 1979 1837 οὑ-

409 1881 530 1936 σίαν
578 1883 609 1951 ἡ
659 1881 935 1950 διαφορὰ,
970 1882 1095 1935 ἐπεὶ
1152 1883 1248 1936 καὶ
1288 1881 1456 1947 λίθος,
1518 1881 1612 1934 καὶ

408 1973 521 2026 σία.
560 1973 622 2026 Εἰ
661 1970 718 2024 δέ
762 1971 961 2040 λέγοις,
1004 1970 1155 2041 παρὰ
1216 1971 1314 2042 μὲν
1346 1971 1454 2025 τῶν
1504 1970 1768 2039 θεολόγων
1807 1969 1973 2024 Πατέ-

410 2081 518 2135 ρων
580 2064 934 2134 καταλλήλως
993 2063 1248 2132 είλῆφθαι
1296 2065 1396 2135 τὴν
1466 2063 1648 2116 εἰκόνα
1705 2061 1802 2116 τοῦ
1874 2080 1976 2118 πυ-

410 2159 523 2229 ρὸς,
556 2159 650 2212 καὶ
685 2158 778 2212 τοῦ
817 2159 874 2224 ἐξ
907 2156 1074 2212 αὑτοῦ
1115 2158 1313 2227 φωτὸς,
1360 2158 1458 2228 τὴν
1490 2156 1584 2210 τοῦ
1633 2157 1974 2226 Μονογενοῦς

407 2253 470 2305 ἐκ
519 2250 730 2319 Πατρὸς
767 2251 1162 2317 σκοπουμένοις
1203 2251 1478 2319 γέννησιν,
1528 2251 1622 2302 καὶ
1684 2250 1868 2311 καλῶς
1915 2249 1975 2303 τὸ

407 2343 648 2398 αἰτιατόν
680 2359 739 2396 τε
784 2344 878 2396 καί.
913 2342 973 2395 τὸ
1015 2344 1189 2397 αἰτιον
1218 2342 1282 2395 ἐκ
1310 2340 1515 2395 τούτων
1553 2341 1629 2404 ὡς
1655 2341 1713 2405 ἐξ
1750 2342 1974 2396 είκόνων

406 2435 636 2499 ἐκείνοις
663 2434 1084 2507 προσηρμόσθαι
1128 2436 1239 2497 τοῖς
1271 2436 1533 2506 ἀρρήτοις
1577 2451 1636 2486 τε
1670 2435 1764 2488 καὶ
1803 2436 1972 2506 ὑπερ·

406 2529 589 2595 φυέσι,
628 2531 722 2582 τὸν
761 2530 816 2583 δέ
851 2530 1015 2598 τόμον
1053 2530 1388 2598 ἁμαρτάνειν
1435 2528 1531 2581 καί.
1571 2528 1699 2591 τοὺς
1734 2527 1973 2581 ἐκτεθει-

408 2619 592 2683 κότας,
625 2619 721 2684 τάς
755 2619 864 2672 τῶν
897 2620 1209 2690 θεαρχικῶν
1259 2618 1615 2671 ὑποστάσεων
1647 2619 1864 2680 εἰκόνας
1910 2635 1972 2671 τε

410 2709 504 2762 καὶ
536 2710 604 2763 τά
642 2711 1062 2780 παραδείγματα
1117 2712 1181 2779 τῇ
1236 2708 1486 2780 ἐνεργείᾳ
1536 2709 1972 2780 προσάπτοντας,

407 2801 502 2853 καὶ
536 2801 635 2870 τὴν
687 2803 785 2872 μέν
813 2802 1064 2856 ἐντεῦθεν
1107 2803 1256 2867 Υίδν,
1304 2804 1404 2874 τὴν
1436 2803 1493 2856 δέ
1541 2803 1974 2873 τρισυπόστατον

407 2894 666 2962 θεότητα,
698 2894 903 2963 μᾶλλον
929 2896 985 2948 δέ
1016 2895 1116 2965 τὴν
1140 2891 1346 2964 ταύτης
1385 2894 1576 2948 οὐσίαν
1606 2897 1824 2966 Πατέρα
1843 2897 1975 2951 ταύ-

403 3002 504 3054 της
537 2989 1068 3052 κατασκευάζοντας,
1099 2990 1149 3041 εί
1177 2987 1239 3060 δὴ
1271 2987 1446 3043 ταῦτα
1487 2975 1662 3058 λέγων
1690 2991 1716 3041 0
1752 2989 1969 3057 φιλόσο-

406 3093 526 3142 φος,
577 3079 813 3143 ἀναξίως
861 3080 1008 3149 ἡμᾶς
1063 3095 1197 3149 φησι
1248 3079 1328 3149 τῷ
1396 3080 1807 3151 παραδείγματι
1862 3081 1972 3134 τῶν

406 3169 599 3236 ἁγίων,
628 3172 721 3223 καὶ
760 3170 835 3241 μὴ
862 3172 1006 3224 κατὰ
1043 3172 1134 3224 τὸν
1167 3173 1370 3225 σκοπὸν
1394 3172 1620 3224 ἐκείνων
1642 3173 1970 3243 κεχρῆσθαι,

407 3265 657 3317 σκοπεῖτε
685 3261 748 3333 δὴ
795 3265 891 3316 καὶ
929 3263 1019 3316 τὸν
1053 3262 1321 3337 ἡμέτερον
1376 3262 1536 3332 λόγον
1585 3266 1724 3335 πρὸς
1771 3263 1969 3330 ταῦτα,
2000 3244 2044 3303 c

403 3353 568 3406 ταυτδ
588 3353 633 3408 δ’
666 3356 844 3408 εἰπεῖν
874 3355 968 3407 καὶ
996 3354 1090 3407 τοῦ
1128 3355 1298 3425 τόμου
1333 3359 1429 3410 καὶ
1470 3356 1576 3408 τῶν
1613 3357 1784 3425 άγίων
1805 3371 1822 3389 ⁶
1852 3357 1972 3411 οὐδὲ

404 3444 514 3514 γὰρ
541 3444 646 3509 ἐξω
684 3462 738 3499 τι
761 3445 872 3498 τῶν
896 3446 1124 3509 ἐκείνοις
1159 3447 1482 3513 δοκούντων,
1524 3447 1663 3501 ἀλλά
1713 3449 1782 3502 τά
1826 3450 1972 3502 ἐκεί-

404 3553 507 3590 νων
543 3541 633 3590 καὶ
675 3533 830 3600 αὖθις
856 3537 1110 3607 ἐροῦμεν.

475 3633 700 3702 Πρῶτον
729 3633 826 3700 μέν
853 3631 946 3685 οὖν
972 3631 1350 3685 ἀποδέδεικται
1381 3632 1463 3685 ὅτι
1513 3633 1573 3686 τὸ
1614 3633 1860 3686 αίτιατδν
1878 3636 1974 3688 καὶ

403 3724 464 3776 :0
489 3718 744 3795 αίτιον,ᾖ
784 3721 1024 3776 αἰτιατόν
1064 3739 1124 3776 τε
1169 3724 1261 3776 καί⁵
1303 3725 1499 3789 αίτιον,
1539 3726 1602 3778 οὑ
1634 3726 1729 3778 τοῦ
1767 3726 1976 3797 Πατρός

406 3816 565 3886 μόνον
598 3816 693 3869 καὶ
737 3815 830 3869 τοῦ
865 3816 1018 3878 Υίοῦ,
1057 3816 1191 3870 άλλά
1242 3817 1339 3869 καὶ
1371 3819 1463 3872 τοῦ
1514 3819 1726 3889 Πατρδς
1752 3820 1848 3873 καὶ
1881 3821 1973 3873 τοῦ

405 3907 740 3977 Πνεύματος,
773 3911 867 3963 καὶ
909 3908 1046 3962 Θεοῦ
1091 3910 1182 3961 καὶ
1213 3912 1527 3980 κτισμάτων
1570 3913 1754 3967 ἐστίν·
1792 3916 1884 3967 καὶ
1913 3915 1973 3967 οὐ

403 4001 610 4054 τούτων
653 4001 849 4069 μόνων,
898 4001 1032 4054 άλλά
1081 4002 1174 4054 καὶ
1214 4002 1483 4054 πλείστων
1538 4003 1740 4074 ἐτέρων
1779 4005 1837 4056 ἐν
1863 4008 1976 4066 τοῖς

405 4093 664 4162 κτίσμασι
699 4094 808 4146 τῶν
835 4095 894 4159 ἐξ
927 4095 1172 4162 ἀλλήλων
1201 4098 1393 4160 όντων,
1430 4091 1503 4155 ὧν
1535 4099 1684 4152 ἐστιν
1709 4099 1765 4151 ἐν
1803 4101 1893 4152 καὶ
1915 4099 1976 4151 τὸ

408 4185 570 4256 ῥηθὲν
602 4188 777 4239 ἐκεῖνο
801 4188 912 4249 τοῖς
936 4187 1114 4254 ἁγίοις
1162 4189 1544 4258 παράδειγμα,
1573 4192 1633 4243 τὸ
1680 4191 1791 4260 πῦρ
1829 4208 1973 4260 φημι

405 4276 499 4328 καὶ
537 4277 599 4328 :0
652 4277 711 4341 ἐξ
756 4276 925 4331 αὐτοῦ
973 4278 1109 4346 φῶς.
1147 4279 1256 4330 Καὶ
1289 4279 1494 4332 κείσθω
1520 4280 1702 4335 τοῦτο.
1739 4283 1974 4334 Ἔπειτα

406 4369 627 4420 κάκεῖνο
654 4367 734 4419 δεῖ
762 4370 984 4422 σκοπεῖν
1007 4370 1343 4437 ἀναγκαίως.
1377 4371 1497 4424 Τῶν
1527 4371 1808 4440 αἰσθητῶν
1851 4373 1976 4425 τού-

405 4474 512 4510 των
561 4457 654 4510 καὶ
716 4457 918 4511 ὑλικῶν
969 4461 1192 4513 εἰκόνων
1228 4478 1286 4514 τε
1359 4464 1454 4515 καὶ
1509 4463 1974 4533 παραδειγμάτων

1143 383 1446 446 CONTRA
1471 378 1900 442 GREGORAM
1942 379 2716 443 ANTIRRHETICORUM.
2760 381 2859 442 IV.

400 514 464 564 ἐκ
486 510 579 564 τοῦ
604 505 738 561 Θεοῦ
761 507 852 560 καὶ
881 503 1112 574 Πατρός,
1140 502 1202 556 :0
1229 502 1284 555 δδ
1316 497 1661 569 ἐκπορευτῶς
1685 497 1743 562 ἐξ
1774 495 1959 563 αὐτοῦ,
1996 509 2040 562 Α

3531 379 3635 442 846

2143 499 2372 569 Ἴδωμεν
2411 497 2503 553 οὑν
2531 498 2623 552 καὶ
2649 496 2746 568 τὴν
2789 498 2880 552 τοῦ
2911 497 3082 568 πυρός
3117 513 3175 550 τε
3207 498 3304 551 καὶ
3330 498 3422 552 τοῦ
3461 501 3642 569 φίυτὸς

2073 593 2278 655 εἰκόνα,
2319 594 2424 646 τίνι
2457 590 2658 662 μᾶλλον
2686 590 2780 644 καὶ
2831 590 2972 644 κατά
2999 589 3258 653 πλείονάς
3296 605 3401 660 περ
3431 595 3639 662 προσήο

2074 702 2160 738 κει
2189 686 2313 747 τοὺς
2345 685 2559 753 λόγους,
2587 687 2654 755 τῇ
2684 685 2746 737 ἐκ
2793 682 3008 749 Πατρδς
3051 683 3326 752 ὑπερφυεῖ
3365 683 3461 736 καὶ
3489 682 3642 756 ἀϊδίῳ

2073 775 2165 829 τοῦ
2204 775 2333 829 Υίοῦ
2363 776 2638 846 γεννήσει,
2692 773 2724 846 ἢ
2780 777 2848 845 τῇ
2884 773 2950 828 ἐκ
2997 775 3093 844 τῆς
3124 773 3274 835 θείας
3305 774 3523 842 φύσεως
3545 775 3645 846 0,5-

2075 868 2221 937 ρήτῳ
2253 869 2346 920 καὶ⁵
2369 866 2523 936 ἀϊδίῳ
2582 865 2795 937 προόδῳ
2825 866 2927 936 τῆς
2959 864 3263 935 ἐνεργείας.
3301 856 3378 936 ᾞ
3403 866 3504 932 μὲν
3532 866 3642 936 γὰρ

2075 960 2139 1010 ἐκ
2170 958 2266 1026 τῆς
2298 957 2389 1010 τοῦ
2419 956 2590 1028 πυρὸς
2627 958 2815 1020 οὐσίας
2848 956 2966 1010 ἐστὶ
2992 957 3052 1008 1:0
3083 957 3217 1024 φῶς,
3255 956 3350 1009 καὶ
3453 958 3643 1027 πρόει-

2078 1066 2160 1101 σιν
2213 1049 2270 1113 ἐξ
2323 1048 2512 1112 αὐτοῦ,
2566 1049 2658 1102 καὶ
2693 1050 2881 1120 προϊὸν
2911 1049 3219 1120 ἀδιαίρετον
3263 1048 3437 1120 μένει,
3469 1050 3567 1104 καὶ

2074 1144 2139 1211 τῇ
2185 1140 2280 1210 μέν
2309 1139 2460 1204 τάξει
2494 1139 2747 1210 δεύτερον
2779 1141 2993 1212 ἐπινοίᾳ
3021 1141 3332 1211 θεωρεῖται,
3357 1141 3434 1210 τῷ
3466 1142 3646 1212 χρόνῳ

2075 1235 2130 1288 δέ
2164 1235 2438 1305 οὐδαμῶς,
2462 1231 2610 1308 καὶῇ
2641 1235 2918 1305 ἡνωμένον
2945 1236 3062 1304 ἅμα
3103 1235 3196 1289 καί⁵
3229 1235 3645 1304 διακεκριμένον

2076 1328 2214 1393 ἐστὶ,
2248 1327 2308 1380 :0
2340 1327 2440 1398 μὲν
2463 1325 2538 1397 τῷ
2565 1327 2622 1379 ἐν
2652 1327 2746 1379 καὶ
2775 1325 3080 1396 ἀχώριστον
3108 1322 3269 1391 εἶναι,
3305 1324 3366 1378 τὸ
3393 1324 3450 1379 δέ
3481 1323 3558 1394 τῷ
3589 1327 3647 1390 ἐξ

2076 1418 2246 1474 αὑτοῦ
2271 1416 2410 1473 εἶναι
2440 1420 2516 1483 ὼς
2561 1419 2620 1485 ἐξ
2653 1419 2853 1482 αίτίου,
2905 1422 3049 1472 κατά
3085 1417 3260 1473 ταῦτα
3290 1419 3470 1472 τοίνυν
3499 1418 3647 1488 ἀμυυ

2076 1511 2212 1579 δράν
2236 1511 2420 1566 εἰκόνα
2445 1511 2566 1566 τινὰ
2589 1513 2746 1583 φέρει
2775 1511 2836 1564 :0
2865 1511 2996 1583 πῦρ,
3027 1511 3119 1564 καὶ
3151 1509 3210 1564 τὸ
3235 1509 3294 1574 ἐξ
3322 1509 3488 1564 αὑτοῦ
3510 1510 3645 1579 φῶς,

2076 1603 2151 1667 0'0;
2175 1604 2233 1669 ἐξ
2266 1604 2449 1659 ὑλικοῦ
2489 1607 2584 1659 καὶ
2619 1603 2937 1676 σωματικοῦ
2991 1603 3436 1675 παραδείγματος
3481 1604 3648 1672 φάναι

2079 1695 2174 1764 τῆς
2210 1696 2273 1749 ἐκ
2307 1695 2518 1767 Πατρὸς
2564 1695 2806 1768 ἀρρήτου
2853 1698 2946 1750 καὶ⁵
2997 1694 3168 1749 ἀϊδίου
3213 1696 3521 1764 γεννήσεως
3553 1692 3645 1746 τοῦ

2081 1788 2233 1844 Υίοῦ.
2265 1789 2417 1844 Καθδ
2449 1788 2503 1843 δέ
2529 1789 2692 1842 πάλιν
2720 1790 2780 1844 οὐ
2805 1789 3032 1859 δύναμίς
3053 1792 3201 1843 ἐστιν
3235 1791 3262 1843 0
3303 1787 3430 1850 Υἰὺς
3457 1788 3558 1840 οὐκ
3589 1789 3647 1839 ἐν

1699 1876 1837 1944 ζῶον
1889 1878 1979 1931 οὑ-
2009 1880 2055 1942 B
2088 1882 2386 1936 ὑποστάσει
2441 1877 2576 1936 οὖσα
2632 1883 2738 1952 ίδία
2782 1882 2877 1935 καὶ
2933 1885 2991 1934 ἐν
3039 1882 3210 1951 ἐτέρῳ
3265 1879 3644 1948 θεωρουμένῃ.

2076 1973 2191 2030 ἀλλ’
2217 1973 2514 2035 ὑπόστασις
2541 1973 2722 2026 τελεία
2768 1974 2833 2026 ἐκ
2868 1973 2966 2042 τῆς
2992 1971 3267 2041 πατρικῆς
3297 1969 3644 2031 ὑποστάσεως

2075 2063 2348 2134 γεννητῶς
2416 2065 2716 2135 προϊοῦσα,
2761 2063 2911 2129 ζῶσα
2958 2063 3080 2117 καθ’
3125 2061 3328 2132 ἑαυτὴν
3373 2059 3468 2114 καὶ
3517 2058 3646 2127 ὑφε-

2078 2157 2279 2219 στῶσα,
2307 2157 2403 2212 καὶ
2432 2157 2751 2228 θεοπρεπῶς
2797 2155 3120 2225 ἐνεργοῦσα,
3161 2154 3296 2217 Θεὸς
3338 2152 3544 2223 τέλειος
3581 2153 3644 2204 ἐκ

2077 2249 2212 2303 Θεοῦ
2245 2248 2474 2313 τελείου,
2502 2251 2616 2318 φῶς
2640 2251 2702 2302 ἐκ
2726 2249 2924 2317 φωτὸς,
2946 2251 3037 2301 καὶ
3061 2247 3193 2319 ζωὴ.
3219 2247 3312 2299 καὶ
3343 2245 3526 2311 σοφία,
3549 2245 3644 2298 καὶ

2075 2341 2304 2410 δύναμις
2340 2342 2725 2406 ἐνυπόστατος,
2759 2345 2823 2395 ἐκ
2851 2342 3019 2412 ζωῆς,
3055 2342 3150 2395 καὶ
3189 2340 3401 2409 σοφίας,
3430 2339 3524 2392 καί
3556 2340 3648 2392 δυ-

2075 2433 2294 2504 νάμεως
2335 2434 2702 2488 ἐνυποστάτου
2745 2435 2918 2502 Λόγος
2968 2433 3350 2498 ἐνυπόστατος,
3383 2432 3480 2487 καὶ
3519 2431 3646 2496 Υίδς

2077 2528 2256 2582 πάντα
2292 2527 2429 2598 έχων
2465 2529 2567 2582 ὅσα
2621 2528 2650 2581 0
2703 2526 2894 2598 Πατὴρ
2925 2527 3066 2598 πλὴν
3099 2527 3202 2596 τῆς
3245 2528 3448 2592 αἰτίας,
3502 2525 3644 2580 κατὰ

2075 2619 2246 2673 ταῦτα
2269 2618 2324 2672 δέ
2352 2619 2452 2673 οὑκ
2481 2619 2546 2674 ἂν
2565 2620 2748 2674 εἰκόνα
2779 2621 2933 2690 σχοίη
2965 2620 3105 2673 ποτδ
3130 2620 3190 2673 τὸ
3216 2620 3332 2690 φῶς
3355 2620 3416 2672 :0
3462 2621 3526 2673 ἐκ
3551 2618 3642 2672 τοῦ

2076 2713 2271 2783 πυρός.

2159 2803 2224 2856 Ἦ
2280 2804 2464 2876 μέντοι
2519 2805 2721 2876 φυσικὴ
2767 2805 2863 2859 τοῦ
2897 2805 3034 2859 Θεοῦ
3078 2805 3348 2877 ἐνέργεια,
3383 2807 3476 2859 καὶ
3525 2803 3647 2861 κατ’

2073 2892 2258 2946 ἐκεῖνα
2304 2895 2372 2948 τὰ
2420 2895 2660 2965 πρότερα
2714 2897 3066 2968 καταλλήλως
3115 2897 3317 2967 έχουσα
3368 2897 3507 2969 πρὸς
3547 2899 3648 2970 τὴν

2077 2986 2335 3057 ῥηθεῖσαν
2368 2991 2551 3044 είκόνα
2577 2987 2671 3044 τοῦ
2712 2992 2913 3061 φωτδς,
2947 2992 3043 3046 καί⁸
3076 2994 3186 3064 γάρ
3215 2996 3308 3048 καὶ
3336 2995 3398 3047 ἐκ
3425 2995 3524 3064 τῆς
3549 2995 3644 3048 τοῦ

2075 3078 2210 3132 Θεοῦ
2264 3080 2449 3144 οὐσίας
2489 3082 2607 3135 ἐστὶ
2656 3085 2923 3149 φυσικῶς,
2974 3086 3068 3139 καὶ
3120 3086 3385 3156 προϊοῦσα
3434 3088 3646 3142 ἐκεῖθεν

2077 3172 2380 3242 ἀδιαίρετος
2430 3174 2580 3243 μένει
2619 3177 2717 3243 καὶ
2755 3179 2820 3248 τῇ
2858 3178 3010 3244 τάξει
3049 3177 3282 3244 δευτέρα
3325 3179 3428 3250 τῆς
3462 3197 3644 3251 πηγα-

2078 3260 2279 3333 ζούσης
2308 3265 2423 3318 ἐστί
2463 3267 2697 3334 φύσεως,
2735 3267 2813 3337 τῷ
2856 3270 3035 3339 χρόνῳ
3065 3269 3120 3322 δὲ
3153 3268 3236 3336 οὑ,
3281 3273 3375 3323 καὶ
3414 3271 3474 3325 τὺ
3508 3274 3647 3342 ήνωο

2079 3350 2238 3420 μένον
2268 3353 2404 3421 ὁμοῦ
2439 3355 2532 3406 καὶ
2579 3355 2640 3407 :0
2691 3356 3112 3427 διακεκριμένον
3142 3358 3277 3430 ἔχει,
3315 3363 3408 3414 κοιί⁵
3449 3361 3643 3424 τᾶλλα,

2075 3444 2303 3496 κάκεῖνα
2338 3443 2408 3496 τὰ
2448 3444 2650 3515 ὕστερα
2683 3448 2803 3514 μεθ’
2831 3449 3032 3519 ἐαυτῆς
3063 3450 3216 3503 οὐδὲν
3250 3446 3416 3521 ἦττον
3444 3451 3646 3522 ἔχουσα

2078 3530 2357 3598 φαίνεται·
2397 3535 2541 3603 φημὶ
2579 3534 2642 3604 δὴ
2673 3534 2734 3587 :0
2767 3535 2840 3606 μὴ
2873 3537 3193 3604 ὑπόστασις,
3229 3541 3260 3612 ἢ
3301 3542 3478 3607 οὐσία,
3508 3544 3648 3596 άλλὲι

2076 3622 2305 3692 δύναμις
2331 3619 2468 3679 εἶναι
2498 3627 2720 3695 μᾶλλον,
2741 3630 2798 3681 ἐν
2823 3632 2889 3698 τῇ
2922 3631 3081 3702 οὐσίᾳ
3103 3632 3178 3695 ὡς
3211 3633 3269 3685 ἐν
3297 3633 3646 3706 ὑποκειμένῳ

2078 3714 2462 3787 θεωρουμένη·
2514 3720 2743 3790 οὐδεμία
2794 3722 2904 3792 γάρ
2952 3723 3206 3791 ἐνέργεια
3252 3726 3642 3792 ἐνυπόστατος.

2078 3810 2240 3876 φησὶν
2267 3811 2293 3861 0
2329 3811 2503 3877 μέγας
2543 3809 2848 3878 Βασίλειος,
2875 3816 3158 3868 τουτέστιν
3197 3816 3604 3882 αὐθυπόστατος
3629 3837 3644 3852 ’

2079 3901 2171 3951 καὶ
2200 3901 2335 3968 πρός
2366 3917 2426 3968 γε
2454 3901 2555 3964 ἔτι,
2584 3903 2663 3954 ὅτι
2699 3904 2790 3956 καὶ
2821 3905 3057 3976 μεθεκτή
3095 3908 3213 3960 ἐστι
3255 3909 3406 3961 κατὰ·
3428 3911 3527 3979 τὴν
3553 3910 3647 3962 τοῦ

2079 3993 2254 4060 φωτὸς
2283 3993 2465 4060 φύσιν,
2501 3995 2804 4062 ἁμεθέκτου
2837 3997 2957 4049 κατ’
2991 3999 3181 4052 οὐσίαν
3219 4000 3312 4053 τοῦ
3352 4003 3524 4071 πυρὸς
3561 4003 3650 4056 δν-

2077 4104 2189 4152 τος,
2222 4088 2355 4157 ὅπερ
2386 4087 2640 4157 οὐδαμῶς
2663 4091 2811 4144 ἐστιν
2840 4092 3017 4144 εἰπεῖν
3044 4091 3138 4145 ἐπὶ
3165 4093 3258 4145 τοῦ
3297 4094 3427 4148 Υίοῦ
3454 4109 3468 4124 °
3506 4098 3646 4165 ἀμέ-

2079 4181 2268 4242 θεκτος
2303 4179 2405 4248 γὰρ
2440 4178 2562 4232 καθ’
2601 4182 2796 4234 ἑαυτὸν
2846 4183 3079 4250 ἐκεῖνος,
3129 4182 3317 4254 ῶσπερ
3362 4184 3426 4255 δὴ
3475 4186 3572 4238 καὶ
3621 4187 3649 4237 0

2080 4272 2289 4342 Πατὴρ,
2329 4273 2422 4325 καὶ
2449 4272 2508 4325 τὸ
2539 4271 2765 4343 Πνεῦμα
2799 4273 2859 4328 1:0
2890 4273 3070 4342 ἅγιον.

2160 4365 2312 4418 Ἐπεὶ
2344 4367 2521 4419 τοίνυν
2556 4366 2828 4420 δέδεικται
2865 4366 3005 4420 κατὰ
3040 4367 3292 4431 πλείονας
3321 4368 3536 4436 λόγους,
3575 4371 3652 4423 εί-

2080 4458 2210 4511 κόνα
2253 4459 2556 4527 πεφυκέναι
2600 4458 2659 4510 τὺ
2700 4458 2833 4528 πῦρ,
2868 4459 2962 4511 καὶ
2997 4459 3058 4512 τὸ
3091 4457 3150 4523 ἐξ
3182 4459 3343 4513 αὐτοῦ
3377 4461 3512 4529 φῶς,
3549 4460 3650 4530 τῆς

405 4549 644 4601 ἀσθενῶν
673 4549 841 4603 όντων
871 4551 965 4604 καὶ
1000 4551 1216 4620 σαθρῶν
1258 4553 1418 4616 πάνυ,
1459 4555 1596 4624 πρὸς
1626 4556 1685 4608 τὸ
1718 4557 1788 4609 τά
1835 4557 1976 4629 ὑπὲρ
2008 4588 2055 4650 D
2081 4550 2230 4611 θείας
2263 4551 2476 4614 οὐσίας.
2521 4551 2615 4603 καὶ
2643 4550 2741 4620 τῆς
2783 4550 3022 4620 φυσικῆς
3057 4551 3226 4620 αὐτῆς
3273 4553 3579 4622 ἐνεργείας»
3611 4553 3644 4623 ἦ

406 4641 659 4710 αῖσθησίν
691 4660 750 4696 τε
785 4642 880 4696 καὶ
926 4645 1053 4698 νοῦν
1099 4646 1417 4710 είκονίζειν·
1449 4648 1614 4700 Οὐδὲν
1667 4648 1775 4718 γάρ
1829 4650 1969 4715 ἐστι,

405 4735 569 4802 φησιν
595 4736 622 4786 0
655 4735 753 4804 τῆς
780 4733 1061 4804 θεολογίας
1084 4737 1393 4807 ἐπώνυμος,
1415 4740 1442 4792 0
1472 4756 1563 4808 μοι
1611 4742 1708 4809 τὴν
1737 4742 1974 4796 διάνοιαν

405 4828 637 4895 ῐστησιν,
665 4828 755 4880 ἐπὶ
781 4828 888 4880 τῶν
920 4830 1331 4898 ὑποδειγμάτων
1374 4831 1667 4903 θεωροῦντι
1695 4832 1754 4885 :0
1777 4851 1975 4902 φαντα·

405 4919 651 4987 ζόμενον,
697 4919 834 4990 πλὴν
886 4920 1051 4984 εἴτις
1097 4921 1155 4975 ἐν
1187 4939 1237 4974 τι
1277 4922 1458 4977 λαϐὼν
1491 4927 1590 4994 τῆς
1639 4926 1848 4990 εἰκόνος
1882 4927 1971 4980 ὑπ’

403 5010 826 5079 εὐγνωμοσύνης
858 5013 924 5066 τά
951 5013 1119 5065 πολλὰ
1146 5013 1320 5084 ῥίψειε
1346 5029 1358 5042 ”
1382 5014 1478 5069 καὶ
1509 5016 1695 5070 πάλινο
1727 5019 1844 5071 Κᾶν
1863 5018 1971 5089 γάρ

407 5104 582 5172 μικρά
612 5119 694 5167 τις
720 5104 978 5172 ὁμοίωσις
1022 5105 1242 5176 εὑρεθῇ,
1280 5106 1470 5175 φεύγει
1510 5109 1571 5160 :0
1617 5109 1802 5163 πλεῖον
1835 5112 1973 5179 ἀφέν

403 5209 474 5261 με
511 5194 659 5248 κάτω
697 5195 834 5264 μετά
885 5197 982 5250 τοῦ
1037 5198 1466 5266 ὑποδείγματοςο
1528 5200 1649 5254 ἐπεὶ
1695 5198 1789 5255 οῦν
1830 5201 1972 5257 οὑτω

399 5280 604 5350 ἀσθενῆ
640 5285 774 5354 πρὸς
798 5284 866 5337 τὰ
894 5285 1012 5339 θεῖα
1039 5289 1105 5341 τά
1135 5288 1289 5342 κάτω
1314 5289 1487 5343 ταῦτα
1519 5293 1612 5347 καὶ
1652 5292 1971 5363 ἀνθρώπινα

400 5374 799 5446 ὑποδείγματα,
824 5379 1098 5446 ἀναγκαῖά
1124 5397 1185 5448 γε
1221 5382 1327 5451 μὴν
1358 5381 1533 5447 άλλως
1574 5383 1643 5437 δι’
1663 5387 1815 5455 ἡμᾶς
1846 5387 1970 5450 τοὺς

399 5465 537 5534 πρὸς
559 5463 653 5528 οὓς
682 5467 709 5519 0
741 5465 916 5532 λόγος,
947 5469 1020 5531 ὡς
1056 5472 1153 5523 καὶ
1179 5470 1256 5541 τῷ
1283 5473 1560 5543 φιλοσόφῳ
1601 5475 1774 5546 τούτῳ
1799 5476 1968 5542 δοκεῖ,

398 5558 578 5609 ἐκεῖνο
615 5557 721 5610 τῶν
764 5559 1176 5630 ὑποδειγμάτων
1220 5563 1423 5633 μᾶλλον
1469 5565 1534 5620 ἂν
1583 5569 1667 5637 εῖη
1711 5569 1971 5638 ξυγγενὲς

397 5647 538 5713 πρὸς
567 5646 626 5698 :0
653 5647 1074 5718 είκονιζόμενον,
1101 5651 1196 5703 καί
1235 5652 1595 5722 κατάλληλον,
1626 5654 1764 5723 ὅπερ
1802 5673 1969 5724 προσ-

397 5738 629 5807 αρμόζει
668 5741 888 5809 μᾶλλον,
937 5743 1030 5796 καὶ
1069 5743 1365 5799 οἰκειοῦται
1394 5746 1482 5800 διὰ
1517 5747 1801 5812 πλειόνων,
1833 5747 1966 5801 καθ-

395 5835 522 5883 όσον
553 5826 662 5883 οἷόν
692 5849 745 5883 τε
758 5873 772 5888 .

2077 4644 2169 4698 τοῦ
2213 4645 2425 4713 Πατρός
2470 4661 2527 4695 τε
2580 4644 2673 4696 καὶ
2715 4643 2807 4696 τοῦ
2860 4644 3011 4710 Υίοῦ,
3063 4644 3266 4714 μᾶλλον
3311 4645 3378 4699 ἂν
3421 4645 3508 4714 είη
3553 4648 3648 4700 καὶ

2076 4739 2518 4808 προσφυέστερον
2552 4736 2777 4790 ἐκείνων
2813 4737 3166 4807 παράδειγμα
3197 4738 3229 4808 ἢ
3266 4737 3492 4794 τούτων.
3538 4740 3648 4792 Καὶ

2076 4830 2298 4892 εἰκότως
2328 4831 2419 4883 καὶ
2451 4831 2591 4882 κατὰ
2612 4830 2703 4882 τόν
2729 4830 3073 4900 προσήκοντα
3097 4828 3254 4896 λόγον
3282 4832 3314 4900 ἡ
3341 4830 3449 4883 τῶν
3478 4830 3650 4885 Πατέ-

2077 4941 2190 4991 ρων
2221 4923 2436 4985 σύνοδος
2463 4921 2768 4992 ἐχρήσαντο
2806 4921 3002 4992 τούτῳ,
3041 4923 3132 4975 καὶ
3168 4921 3238 4991 τῷ
3278 4921 3460 4993 σεπτῷ
3483 4920 3648 4974 δεδώ-

2075 5033 2204 5069 κασι
2235 5015 2384 5085 τόμῳ
2419 5014 2477 5068 τὸ
2518 5015 2800 5084 ἡνωμένον
2842 5029 2899 5067 τε
2945 5013 3039 5067 καὶ
3076 5013 3514 5083 διακεκριμένον,
3552 5015 3645 5067 καὶ

2073 5107 2133 5162 :0
2160 5108 2478 5179 ἀδιαιρέτως
2501 5108 2565 5161 ἐκ
2587 5108 2685 5177 τῆς
2711 5107 2858 5170 θείας
2886 5106 3072 5169 οὐσίας
3099 5105 3347 5176 προϊέναι
3370 5106 3468 5173 τὴν
3493 5105 3646 5158 θείαν

2074 5201 2356 5273 ἐνέργειαν
2389 5200 2776 5269 παριστάντες,
2813 5198 2906 5253 καλ⁵
2935 5196 3129 5269 ψεῦδος
3162 5196 3423 5266 ἄντικρυς
3457 5195 3525 5248 τά
3552 5193 3646 5249 τοῦ

2074 5295 2350 5365 Γρηγορᾶ,
2381 5296 2474 5348 καὶ
2515 5294 2721 5356 κακῶς,
2756 5293 2847 5346 καὶ
2878 5290 3154 5353 δυσσεϐῶς
3185 5290 3326 5343 κατὰ
3367 5289 3466 5359 τῆς
3523 5288 3648 5341 Ἑκ-

2074 5387 2309 5454 κλησίας
2350 5386 2440 5438 καὶ
2470 5383 2629 5438 τοῦτο
2659 5384 2719 5438 τὸ
2763 5383 2918 5453 βέλος
2947 5382 3150 5452 ἀφῆκε.
3195 5382 3287 5433 Δεῖ
3314 5379 3372 5434 δέ
3408 5379 3501 5433 καὶ
3533 5380 3646 5440 τοῖς

2074 5478 2405 5543 θεολογικοῖς
2442 5478 2538 5530 καὶ
2587 5477 2880 5546 πατρικοῖς
2934 5474 3117 5543 λόγοις
3172 5470 3646 5525 πιστώσασθαιτά

2074 5569 2328 5640 ρηθέντα,
2356 5569 2442 5622 ἵνα
2491 5569 2567 5637 μή
2597 5586 2706 5622 τισι
2738 5567 2984 5638 δόξωμεν
3013 5564 3198 5628 ἁπλῶς
3247 5565 3316 5617 τὰ
3356 5562 3486 5633 παρ’
3523 5561 3647 5615 lau—

2072 5662 2180 5725 τῶν
2234 5662 2434 5729 λέγειν.
2479 5660 2670 5713 Ἥλιον
2720 5657 3086 5729 ἐνεθυμήθην,
3140 5656 3236 5710 καὶ
3286 5656 3498 5720 ἀκτῖνα,
3553 5653 3644 5705 καὶ

2076 5751 2213 5818 φῶς,
2237 5751 2402 5817 φησὶν
2433 5752 2458 5802 0
2497 5751 2594 5819 τῆς
2626 5748 2902 5818 θεολογίας
2944 5747 3136 5810 στῦλος
3159 5745 3477 5817 Γρηγόριος,
3513 5743 3646 5814 περί

2076 5859 2132 5896 τε
2173 5841 2265 5896 τοῦ
2317 5841 2628 5912 όμοουσίου,
2663 5843 2756 5898 καὶ
2814 5840 2879 5919 δῇ
2929 5841 3021 5894 καὶ
3068 5838 3162 5893 τοῦ
3203 5836 3512 5909 ἡνωμένου,
3547 5836 3639 5889 καὶ
