4470 6450
787 393 890 456 847

1839 388 2260 450 PHILOTHEI
2302 387 2410 449 CP.
2458 385 2973 448 PATRIARCHAI

3928 385 4032 448 848

783 501 1202 574 διακεκριμένου
1228 501 1325 572 τῆς
1346 499 1608 554 ἀνωτάτω
1634 496 1864 570 Τριάδος
1885 496 2167 563 θεολογῶν.
2189 495 2351 548 Ἀλλά
2381 499 2432 559 Α
2459 498 2610 551 Υἰοῦ.
2655 498 2714 550 '0
2748 500 2846 568 μέν
2873 498 2982 569 γὰρ
3017 498 3335 569 μονογενὴς,
3363 499 3531 571 φησὶν
3550 540 3565 566 ,
3593 500 3720 562 Υἰδς
3763 497 3857 553 τοῦ
3898 501 4033 554 Θεοῦ

787 593 1088 656 κάνταῦθα,
1122 593 1274 661 φησὶ,
1326 591 1444 653 δέος
1478 589 1698 660 πρῶτον
1742 590 1840 657 μέν
1873 589 1949 656 μὴ
1984 585 2236 648 σύνθεσίς
2275 602 2360 647 τις

788 686 1073 754 ἐπινοῆται
1116 686 1214 753 τῆς
1261 681 1556 736 ἀσυνθέτου
1589 681 1823 749 φύσεως,
1864 678 2052 748 ῶσπερ
2079 678 2232 747 ἡλίου
2262 675 2359 727 καὶ

787 778 897 831 τῶν
928 781 984 831 ἐν
1022 776 1155 846 ἡλίῳ
1175 792 1190 808 ο
1221 775 1472 842 δεύτερον
1495 774 1548 826 δέ
1583 774 1658 842 μὴ
1682 773 1769 824 τὸν
1790 773 2008 840 Πατέρα
2041 771 2140 839 μὲν
2165 767 2362 822 οὐσιώα

792 888 996 940 σωμεν,
1045 868 1134 920 τδν
1172 867 1300 919 Υίὸν
1349 867 1405 920 δὲ
1451 867 1543 917 καὶ
1577 865 1636 916 τὸ
1668 863 1890 932 Πνεῦμα
1929 862 2004 932 μὴ
2037 861 2359 929 ὐποστήσωυ

794 981 913 1032 μεν,
959 960 1096 1014 ἀλλὰ
1135 961 1394 1028 δυνάμεις
1442 958 1594 1018 τινάς
1639 957 1979 1025 ποιήσωμεν,
2024 952 2362 1021 ἐνυπαρχού-

792 1072 913 1117 σας,
945 1053 1042 1122 οὐχ
1090 1052 1433 1120 ὑφεστώσας.
1468 1050 1605 1104 Οὐδέ
1641 1048 1750 1117 γὰρ
1798 1047 1958 1106 ἀκτὶς
1999 1046 2157 1107 ἀλλος
2187 1045 2360 1114 ἥλιος,

795 1146 907 1198 ἀλλ’
933 1144 1154 1216 ηλιακαί
1181 1158 1324 1204 τινες
1367 1139 1658 1211 ἀπόρροιαι
1719 1137 1812 1189 καί
1845 1135 2131 1204 ποιότητες
2169 1131 2366 1186 οὐσιώ·

793 1237 927 1298 δεις.

873 1327 1038 1397 Ὀρᾷς
1067 1328 1204 1395 ὅπερ
1233 1325 1440 1393 ελεγον,
1467 1325 1552 1377 ὅτι
1587 1323 1646 1376 τδ
1692 1319 1785 1374 τοῦ
1822 1319 1994 1388 πυρός
2033 1335 2094 1370 τε
2140 1317 2233 1371 καὶ
2269 1315 2363 1369 τοῦ

794 1421 972 1488 φωτὸς
1004 1420 1372 1488 παράδειγμα,
1401 1416 1531 1468 αὐτὸ
1556 1414 1611 1468 δέ
1642 1415 1819 1467 εἰπεῖν
1847 1410 1941 1465 τοῦ
1965 1411 2120 1480 ἡλίου
2151 1408 2364 1476 καὶτῆς

794 1512 1031 1571 ἀκτῖνος,
1067 1507 1265 1576 μᾶλλον
1293 1508 1358 1574 τῇ
1385 1505 1504 1575 θείᾳ
1527 1503 1686 1573 ουσίᾳ
1705 1503 1798 1554 καὶ
1820 1504 1886 1570 τῇ
1913 1499 2165 1569 ἐνεργείᾳ
2192 1513 2366 1566 προσ.

797 1600 1066 1668 ἡκουσινῆ
1093 1602 1169 1667 τῷ
1197 1598 1371 1666 Πατρί
1399 1598 1494 1649 καὶ
1519 1595 1596 1664 τῷ
1617 1594 1730 1662 Υἰῷ
1759 1595 1847 1658 ;'0
1874 1593 1970 1660 μὲν
1994 1590 2103 1659 γὰρ
2126 1589 2365 1642 ὑπόστα-

797 1710 879 1754 σις
907 1692 1083 1744 τελεία
1107 1690 1164 1753 ἐξ
1193 1690 1541 1749 ὑποστάσεως
1573 1686 1807 1747 τελείας,
1834 1685 1930 1737 καὶ
1952 1683 2091 1747 δέος,
2135 1683 2302 1750 φησὶν
2338 1682 2366 1734 6

799 1782 1067 1846 θεοὶόγος,
1106 1782 1182 1849 μὴ
1207 1780 1298 1831 τὸν
1331 1778 1550 1845 Πατέρα
1579 1776 1678 1845 μὶν
1709 1775 2086 1844 οὐσιώσωμεν,
2113 1774 2206 1824 τὸν
2239 1771 2368 1824 Υίδν

2463 591 2528 643 ἐκ
2567 590 2660 642 τοῦ
2700 590 2916 660 Πατρδς
2948 590 3234 660 γεννηθεὶς
3272 593 3612 661 ἀχωρίστως,
3648 593 3744 646 καὶ
3787 594 3844 646 ἐν
3887 593 4036 662 αὐτῷ

2465 680 2645 748 μένων
2674 680 2783 744 ἀεὶ,
2818 680 2932 749 ἔχει
2974 680 3113 733 ἰδίαν
3143 681 3444 734 ὑπόστασιν
3474 683 3626 752 παρά
3663 682 3761 752 τὴν
3795 681 3893 736 τοῦ
3926 685 4038 736 Πα-

2462 770 2619 841 τρός⁶
2661 772 2695 840 ἠ
2745 771 2802 824 δέ
2845 771 2943 825 τοῦ
2973 772 3131 840 ἡλίου
3167 774 3324 832 ἀκτὶς
3371 773 3561 826 καὶτὸ
3600 774 3716 843 φῶς
3748 775 3807 827 τὸ
3837 777 3900 828 ἐκ
3940 773 4035 828 τοῦ

2464 864 2958 933 πυρὸς,ἀπόρροιαί
2995 864 3140 927 τινές
3173 868 3312 918 εἰσιν
3339 864 3587 930 ἐκείνων,
3623 868 3717 934 καὶ
3747 868 4035 935 ποιότητες

2462 955 2742 1014 οὐσιώδεις
2807 957 2897 1008 καὶ
2938 957 3189 1023 φυσικαὶ,
3238 956 3342 1010 οὐκ
3390 957 3528 1009 ἰδίαν
3557 957 3856 1009 ὑπόστασιν
3884 957 4039 1026 έχου-

2467 1065 2578 1111 σαι,
2610 1047 2728 1100 ἀλλ’
2760 1049 2816 1100 ἐν
2847 1047 3088 1110 ἐκείναις
3116 1051 3236 1109 ταῖς
3267 1049 3464 1116 φύσεσι
3486 1047 3887 1118 θεωρούμεναι,
3915 1047 3944 1100 6
3971 1048 4035 1117 δὴ

2467 1139 2563 1190 καὶ
2613 1139 2950 1208 κατάλληλόν
2999 1142 3117 1193 ἐστι
3168 1141 3405 1209 μάλιστα
3432 1145 3499 1211 τῇ
3537 1145 3744 1209 φυσικῇ
3777 1142 3871 1194 τοῦ
3899 1140 4036 1193 Θεοῦ

2467 1231 2748 1302 ἐνεργείᾳ,
2781 1232 2926 1287 καθὰ
2962 1233 3026 1302 δὴ
3065 1234 3156 1285 καὶ
3183 1234 3362 1298 δείξας
3383 1236 3410 1286 6
3441 1235 3599 1300 λόγος
3629 1234 3789 1302 ἔφθη.
3821 1235 3896 1286 Οὐ
3929 1236 4038 1303 γὰρ

2471 1323 2607 1376 ἰδίαν
2652 1324 2951 1378 ὑπόστασιν
2982 1324 3111 1394 ἔχει,
3146 1326 3263 1379 ἀλλ’
3291 1328 3349 1378 ἐν
3376 1329 3440 1396 τῇ
3477 1327 3601 1398 θείᾳ
3647 1333 3740 1382 καὶ
3777 1343 4038 1397 τρισυπο-

2470 1413 2652 1484 στάτῳ
2700 1413 2990 1484 θεωρεῖται
3051 1417 3234 1486 φύσει,
3295 1413 3384 1473 οἷα
3435 1419 3498 1489 δὴ
3557 1419 3788 1488 φυσικὸν
3843 1421 4039 1490 ἰδίωμα

2468 1507 2673 1574 ταύτης
2701 1507 2792 1560 καὶ
2825 1507 3094 1576 οὐσιώδης
3127 1508 3376 1578 δύναμις.
3427 1512 3608 1583 Ὅπερ
3641 1512 3750 1581 γάρ
3799 1514 3950 1566 ἐστιν
3983 1516 4039 1566 ἐν

2468 1597 2708 1659 ἐκείναις
2752 1600 2872 1659 ταῖς
2903 1599 3116 1662 οὐσίαις
3143 1602 3174 1668 ή
3207 1601 3412 1672 φυσικὴ
3462 1605 3556 1656 καὶ
3584 1605 3850 1674 οὐσιώδης
3881 1606 4038 1657 ποιό-

2468 1704 2588 1754 της,
2626 1691 2722 1741 καὶ
2763 1689 2823 1740 τὸ
2856 1691 3223 1758 συμϐεϐηκὸς,
3265 1693 3411 1745 τοῦτ’
3451 1694 3599 1748 ἐστὶν
3627 1697 3721 1749 ἐπὶ
3757 1695 3856 1765 τῆς
3890 1696 4040 1760 θείας

2470 1778 2567 1830 καὶ
2596 1779 2912 1841 ἀσυνθέτου,
2959 1782 3052 1835 καὶ
3083 1783 3260 1850 ἁπλῆς
3300 1783 3488 1847 οὐσίας
3527 1788 3670 1839 κατά
3707 1788 3834 1849 τούς
3863 1787 4041 1842 θεολό-

795 1876 850 1927 δὲ
898 1876 988 1928 καὶ
1042 1874 1103 1924 τὸ
1156 1871 1378 1941 Πνεῦμα
1429 1873 1488 1924 οὐ
1524 1870 1645 1923 καθ’
1695 1869 1990 1922 ’δπόστασίν
2048 1865 2184 1919 ἰδίαν
2226 1861 2365 1918 εἶναι
2398 1861 2440 1917 Β
2471 1885 2602 1938 γους
2649 1870 2902 1941 Πατέρας
2927 1871 2995 1924 τά
3027 1873 3235 1939 φυσικά
3273 1875 3561 1945 ἰδιώματα·
3603 1877 3638 1930 ἃ
3663 1878 3725 1948 δὴ
3752 1879 3846 1930 καὶ
3886 1880 4038 1931 ποιός

799 1969 1081 2036 φήσωμεν,
1119 1966 1254 2018 ἀλλά
1291 1965 1549 2034 δυνάμεις
1585 1962 1739 2024 τινὰς
1775 1961 2093 2032 ποιήσωμεν
2131 1960 2369 2025 ἐνυπαρ-

796 2059 1023 2128 χούσας,
1055 2060 1152 2126 οὐχ
1193 2055 1551 2126 ὑφεστώσαςο
1588 2054 1646 2107 αἰ
1683 2053 1739 2104 δέ
1784 2053 1928 2104 θεῖαι
1975 2051 2246 2120 ἐνέργειαι
2278 2049 2370 2100 δυ-

796 2154 992 2220 νάμεις
1018 2149 1298 2212 οὐσιώδεις
1342 2148 1502 2212 εἰσὶν,
1535 2146 1595 2200 οὐ
1631 2145 1757 2197 καθ’
1788 2144 1987 2206 ἐαυτὰς
2033 2141 2367 2208 ὐφεστῶσαι,

801 2243 913 2294 ἀλλ’
958 2240 1363 2310 ἐνυπάρχουσαι
1392 2239 1458 2307 τῇ
1489 2237 1670 2306 οὐσίᾳ,
1717 2234 1745 2286 ὃ
1790 2233 1854 2303 δὴ
1913 2232 2114 2302 μᾶλλον
2149 2229 2243 2282 καὶ
2294 2229 2371 2281 οἰο

801 2336 972 2388 κειότε
984 2352 1076 2403 ρον
1107 2333 1168 2384 τὸ
1206 2330 1299 2383 τοῦ
1327 2331 1478 2399 ἡλίου
1511 2329 1608 2381 καὶ
1637 2330 1734 2396 τῆς
1767 2328 1983 2387 ἀκτῖνος
2020 2323 2368 2390 παράδειγμα

800 2427 1090 2498 βούλεσθαί
1127 2442 1293 2495 φησιν
1323 2425 1350 2476 6
1380 2422 1557 2488 θεολόγ
1572 2438 1626 2483 ος
1662 2418 2004 2476 διδάσκαλος.

883 2523 940 2572 '0
982 2521 1039 2574 δέ
1091 2516 1346 2587 συμφυὴς
1394 2515 1571 2582 τούτῳ
1625 2513 1720 2566 καὶ
1776 2511 2078 2579 σύμπνους,
2109 2508 2136 2558 6
2196 2506 2371 2576 μέγας

801 2616 944 2682 φημὶ
975 2612 1270 2671 Βασίλειος,
1287 2607 1382 2660 καὶ
1403 2608 1568 2673 ἄμφω
1589 2604 1656 2657 τὰ
1679 2601 2103 2672 παραδείγματα
2133 2613 2373 2660 συναγα-

802 2706 916 2772 γὼν
952 2705 1028 2764 εἰς
1073 2701 1151 2764 ἓν,
1196 2701 1252 2753 τό
1292 2717 1350 2750 τε
1389 2697 1483 2750 τοῦ
1519 2696 1670 2765 ἡλίου
1731 2695 1826 2745 καὶ
1880 2693 1939 2744 τὸ
1994 2692 2092 2758 τῆς
2152 2687 2367 2748 ἀκτῖνός

804 2814 971 2866 φημι,
1004 2798 1097 2846 καὶ
1127 2791 1191 2861 δὴ
1244 2793 1338 2843 καὶ
1372 2789 1432 2842 τὸ
1463 2788 1557 2840 τοῦ
1611 2785 1782 2855 πυρὸς
1835 2785 1931 2835 καὶ
1974 2781 2068 2834 τοῦ
2114 2779 2172 2844 ἐξ
2207 2777 2369 2830 αὐτοῦ

806 2887 984 2956 φωτὸς
1047 2886 1120 2955 τῷ
1163 2882 1444 2952 Πνεύματι
1499 2879 1576 2949 τῷ
1634 2878 1777 2946 ἁγίῳ
1825 2876 1922 2929 καὶ
1970 2877 2035 2943 τῇ
2099 2872 2156 2936 ἐξ
2206 2869 2371 2924 αὐτοῦ

807 2977 1070 3048 προϊούσῃ
1100 2974 1342 3039 φυσικῶς
1370 2971 1619 3041 ἐνεργείᾳ
1640 2970 1733 3022 καὶ
1759 2968 1941 3038 χάριτι
1967 2965 2203 3027 δίδωσιν,
2228 2961 2374 3017 οῦτω

805 3072 1012 3136 λέγων·
1064 3068 1209 3118 Ἐκεῖ
1261 3064 1319 3116 τὸ
1375 3060 1600 3128 Πνεῦμα
1638 3061 1698 3112 τὸ
1747 3059 1920 3125 ἅγιον,
1970 3057 2104 3109 ὅπου
2152 3055 2179 3106 ὁ
2222 3053 2374 3120 Υἰὸς,

2471 1961 2638 2032 τητάς
2673 1979 2818 2024 τινες
2873 1965 3109 2031 φυσικὰς
3142 1967 3252 2021 τῶν
3302 1967 3568 2036 θεολόγων
3625 1971 3854 2025 ἐκείνων
3889 1971 4041 2042 είρή-

2472 2073 2627 2118 κασι,
2662 2057 2962 2124 σαφηνείας
3000 2057 3185 2124 ἕνεκα,
3219 2060 3315 2114 καὶ
3352 2060 3446 2113 τοῦ
3479 2061 3650 2127 δεῖξαι
3676 2062 3767 2114 τὸν
3802 2065 4039 2132 Χριστὸν

2471 2146 2826 2217 καταλληλως
2851 2151 2968 2211 ταῖς
2996 2149 3198 2212 διτταῖς
3229 2152 3395 2206 αὐτοῦ
3424 2153 3644 2222 φύσεσι,
3681 2153 3867 2209 καὶτὰ
3889 2156 4043 2208 διττά

2472 2239 2683 2308 φυσικὰ
2725 2239 3030 2308 θελήματα,
3076 2244 3172 2294 καὶ
3211 2242 3310 2306 τὰς
3344 2247 3581 2311 φυσικὰς
3618 2247 3918 2316 ἐνεργείας,
3967 2249 4043 2312 ὡς

2473 2333 2576 2385 ῐδισ
2607 2331 2715 2385 τῶν
2755 2331 2920 2385 αὐτοῦ
2963 2332 3179 2399 φύσεων
3213 2335 3463 2403 φυσικῶς
3503 2339 3871 2406 κεκτημένον.

2543 2423 2612 2474 '0
2640 2438 2703 2489 γε
2747 2423 2854 2492 μὴν
2886 2423 3173 2491 Γρηγορᾶς
3204 2426 3342 2496 μήτε
3386 2425 3464 2494 τῷ
3499 2427 3765 2497 ἡνωμένῳ
3803 2429 3901 2494 τῆς
3928 2428 4042 2480 θεό-

2471 2531 2653 2582 τητος,
2681 2517 2817 2584 μήτε
2848 2515 2924 2583 τῷ
2953 2515 3356 2585 διακεκριμένῳ
3380 2517 3587 2587 ταύτης
3637 2518 3957 2587 θεοπρεπῶς
3982 2536 4043 2572 τε

2473 2606 2569 2658 καὶ
2614 2604 2942 2672 θεολογικῶς
2987 2607 3294 2661 ἐπιϐάλλων
3331 2609 3638 2679 μηδοτιοῦν,
3689 2613 3894 2680 μᾶλλον
3944 2616 4042 2680 μὲν

2473 2697 2566 2750 οῦν
2597 2699 2690 2750 καί
2721 2697 2818 2767 τὴν
2851 2701 3034 2768 φωνὴν
3065 2701 3159 2753 καὶ
3191 2703 3317 2762 τοὺς
3339 2703 3532 2770 λόγους
3560 2705 3701 2758 κατά
3727 2705 3832 2756 τῶν
3858 2709 4039 2758 ἐκεῖνα

2477 2789 2872 2858 θεολογούντων
2903 2791 3239 2847 διδασκάλων
3261 2795 3502 2858 ὁπλίζων
3534 2799 3740 2861 κακῶς,
3766 2799 3816 2850 εί
3839 2801 4042 2853 καὶτὸν

2475 2880 2663 2950 τόμον,
2695 2883 2788 2934 καὶ
2811 2883 2940 2945 τοὺς
2965 2883 3168 2936 ἐκεῖνον
3203 2885 3362 2951 ἰερῶς
3382 2886 3764 2949 ἐκτεθεικότας
3794 2890 4044 2960 Πατέρας

2477 2971 2877 3042 σχηματῑξεται
2901 2972 3081 3040 δῆθεν,
3114 2973 3210 3026 καὶ
3231 2976 3296 3044 ῆν
3327 2976 3496 3043 μόνην
3517 2977 3690 3029 ἐδόκει
3717 2979 4044 3048 πρεσϐεύειν

2477 3065 2750 3130 διάκρισιν
2806 3064 2897 3115 ἐπὶ
2941 3062 3052 3118 τῶν
3101 3065 3411 3135 θεαρχικῶν
3447 3069 3547 3138 τῆς
3588 3070 3840 3140 θεότητος
3877 3089 4043 3141 προσ.

810 3164 902 3214 καὶ
931 3162 1061 3213 ὅπου
1093 3161 1119 3211 ὁ
1153 3158 1360 3227 Πατὴρ,
1408 3155 1585 3208 πάντα
1637 3154 1761 3224 ἐχον
1790 3153 1883 3206 καὶ
1913 3151 2045 3204 αὐτὸ
2079 3167 2373 3202 συνουσιω-
2405 3194 2446 3250 C
2478 3152 2665 3214 ώπων,
2692 3152 2785 3203 καὶ
2816 3151 3024 3221 ταύτην
3054 3153 3326 3218 ἀπώλεσε,
3347 3156 3482 3224 φεῦι
3522 3158 3656 3212 Οὐδέ
3683 3162 3791 3230 γὰρ
3813 3161 4048 3215 ὑποστά-

814 3258 988 3323 μςῖνως
1039 3252 1179 3306 κατά
1223 3252 1320 3317 τὴν
1368 3247 1553 3316 φύσιν.
1604 3245 1710 3298 Καὶ
1753 3245 1891 3313 μετὰ
1945 3243 2175 3312 μικρόν·
2236 3240 2373 3292 Ἀλλ’

811 3347 996 3411 ὥσπερ
1033 3342 1337 3411 ἀχώριστον
1367 3337 1444 3406 τῷ
1476 3336 1610 3404 πυρί
1642 3335 1700 3386 τὸ
1737 3332 2073 3400 θερμαίνειν,
2110 3330 2204 3384 καὶ
2236 3329 2375 3397 φωτί

808 3439 869 3487 τὶδ
923 3437 1179 3503 λάμπειν,
1242 3430 1386 3482 οῦτω
1438 3429 1515 3490 τῷ
1570 3425 1849 3492 Πνεύματι
1906 3423 1967 3474 τὸ
2006 3421 2274 3488 ἀγιάζειν,
2314 3420 2376 3472 τὸ

803 3529 1119 3590 ζωοποιεῖν,
1158 3526 1188 3592 ἡ
1229 3520 1526 3590 ἀγαθότης,
1559 3520 1591 3586 ὴ
1642 3517 1908 3583 εὐθύτηςο
1965 3514 2056 3565 καὶ
2112 3511 2298 3582 ῶσπερ
2349 3513 2376 3562 6

809 3620 958 3686 ἥλιος
1017 3616 1342 3681 ἐπιλαμπων
1397 3613 1507 3670 τοῖς
1546 3609 1784 3677 σώμασι,
1822 3607 1914 3658 καὶ
1968 3605 2227 3665 ποικίλως
2284 3600 2374 3653 ὐπ’

811 3711 866 3758 αι’
889 3710 988 3760 τῶν
1023 3701 1569 3776 μετεχὸμενος,οιίδέν
1599 3697 1910 3751 ἐλαττοῦται
1936 3696 2084 3766 παρά
2113 3695 2219 3747 τῶν
2249 3710 2376 3762 μετο

799 3802 1065 3870 νεχόντων,
1102 3798 1243 3849 οὕτω
1273 3795 1329 3847 τὸ
1367 3791 1587 3862 Πνεῦμα
1633 3792 1767 3843 πᾶσι
1816 3790 1913 3858 τὴν
1970 3785 2166 3840 ἑαυτου
2216 3786 2375 3855 χάριν

812 3899 1049 3966 ’παρέχον
1091 3895 1360 3963 ἀμείωτον
1396 3890 1566 3960 μένει,
1600 3888 1696 3940 καὶ
1725 3886 2051 3954 ἀδιαίρετον.

874 3991 993 4042 Καὶ
1033 3990 1058 4039 6
1109 3985 1366 4052 θεοφόρος
1416 3981 1472 4034 δὲ
1527 3976 1884 4046 Δαμασκηνὸς
1929 3975 2028 4042 την
2074 3971 2167 4024 τοῦ
2205 3971 2378 4038 πυρδς

811 4077 910 4128 καὶ
942 4073 1034 4125 τοῦ
1078 4073 1251 4139 φωτὸς
1298 4069 1503 4136 ταύτην
1553 4065 1737 4143 εικόμα
1787 4063 1924 4115 κατὰ
1972 4063 2095 4123 τοὺς
2128 4061 2373 4128 προρῤη-

818 4168 1006 4230 θέντας
1045 4163 1246 4234 δηλαδὴ
1270 4161 1549 4227 θεολόγους
1579 4161 1670 4211 ἐπὶ
1698 4157 1905 4226 [ἰατρὸς
1944 4156 2034 4208 καὶ
2075 4152 2202 4206 Υίοῦ
2234 4153 2375 4217 λαμ-

816 4259 1012 4319 ϐάνων,
1047 4256 1212 4324 ἀτελῆ
1240 4254 1377 4306 κατά
1402 4253 1526 4314 τοὺς
1562 4252 1660 4319 ἤδη
1696 4249 1984 4317 λεχθέντας
2017 4247 2148 4314 ἡμῖν
2183 4244 2377 4310 λόγους

813 4347 1020 4414 ταύτην
1050 4346 1208 4406 εὐθὺς
1245 4345 1507 4396 δείκνυσι.
1559 4343 1696 4411 Φησὶ
1729 4341 1854 4408 γάρ’
1905 4339 2117 4405 Ὠσπερ
2166 4337 2224 4387 τύ
2262 4335 2377 4404 φῶς

816 4444 879 4490 ἐκ
912 4440 1002 4489 τοῦ
1033 4437 1202 4504 πυρὸς
1237 4434 1577 4500 γεννώμενον
1629 4433 1713 4482 ἀεὶ
1759 4440 1815 4481 ἐν
1854 4429 2000 4495 αὐτῷ
2041 4430 2175 4490 ἐστι,
2211 4427 2378 4496 μηδα-

2485 3263 2598 3309 σεις
2634 3247 2769 3316 φησί
2801 3249 2970 3317 τρεῖς,
3005 3248 3126 3300 οὐδέ
3158 3251 3387 3312 ταύταις
3418 3252 3794 3322 διακρίνεσθαι
3832 3255 3925 3309 τὸν
3953 3257 4048 3310 ἐνα

2481 3337 2627 3406 λέγει
2657 3338 2810 3401 Θεὸν,
2839 3339 2980 3392 κατά
3005 3356 3066 3406 γε
3099 3341 3189 3392 τὸν
3219 3341 3319 3409 τῆς
3348 3342 3604 3404 εὐσεϐοῦς
3627 3346 3784 3413 ἡμῶν
3812 3348 4048 3411 πίστεως

2482 3430 2606 3498 ὅρον
2638 3429 2731 3481 καὶ
2763 3429 2943 3497 λόγον,
2993 3433 3084 3482 καί
3115 3431 3211 3493 τὰς
3245 3431 3457 3484 ἐκεῖθεν
3498 3435 3794 3504 ὑπερφυεῖς
3828 3437 4048 3500 ἐντολάς

2481 3539 2540 3574 τε
2577 3521 2670 3573 καὶ
2704 3521 3058 3589 παραδόσεις.

2566 3613 2706 3664 Ἀλλ’
2736 3611 2922 3681 ἐπειδὴ
2954 3613 3015 3664 τὸ
3047 3612 3257 3676 Πατρδς
3289 3613 3459 3681 ὄνομα
3501 3617 3594 3668 καὶ
3626 3616 3759 3670 Υίοῦ
3810 3618 4049 3687 σχέσεως

2482 3703 2717 3774 ήκουσεν
2743 3702 2980 3770 ονόματα
3001 3705 3136 3768 πρὸς
3154 3703 3282 3765 τούς
3307 3705 3612 3772 αἱρετικούς
3646 3706 3753 3757 τῶν
3781 3706 4048 3773 θεολόγων

2484 3795 2776 3857 εἰπόντων,
2814 3794 2972 3854 αὐτὸς
2999 3793 3060 3845 τὸ
3102 3795 3208 3846 τῶν
3240 3795 3609 3860 ὑποστάσεων,
3647 3798 3740 3849 καὶ
3770 3797 3830 3866 δὴ
3863 3800 3954 3850 καὶ
3986 3799 4047 3851 τὸ

2483 3885 2593 3938 τῶν
2627 3884 2934 3955 προσώπων
2974 3885 3189 3952 ἀφελὼν
3219 3886 3410 3956 ὄνομα,
3446 3888 3626 3956 σχέσει
3662 3888 3800 3961 μόνῃ
3833 3889 4047 3958 διακρί-

2485 3977 2670 4028 νεσθαι
2695 3976 2843 4042 λέγει
2875 3975 2962 4027 τὸν
2993 3976 3231 4045 Πατέρα,
3258 3979 3350 4028 καὶ
3385 3979 3474 4029 τὸν
3503 3977 3648 4044 Υίὸν,
3683 3981 3779 4032 καὶ
3808 3984 3866 4030 τὸ
3893 3981 4048 4045 ἅγιον

2485 4068 2729 4137 Πνεῦμα,
2772 4069 2963 4138 καινήν
2995 4085 3116 4120 τινα
3144 4072 3238 4121 καὶ
3266 4069 3406 4136 ἀήθη
3439 4071 3622 4137 φωνὴν
3662 4073 4049 4138 ἐπεισαγαγῶν

2484 4165 2547 4230 τῇ
2574 4161 2822 4230 θεολογία
2847 4160 2943 4230 τῆς
2981 4163 3254 4229 μακαρίας
3288 4161 3514 4228 Τριάδος
3539 4164 3657 4214 ἀντὶ
3686 4163 3778 4230 τῆς
3812 4164 4044 4232 Πατρδς,

2485 4254 2577 4306 καὶ
2603 4251 2754 4316 Υἰοῦ,
2782 4253 2873 4304 καὶ
2896 4253 3052 4319 ἀγῗου
3085 4253 3416 4319 Πνεύματος,
3445 4253 3509 4322 ἦν
3541 4268 3672 4321 φησι
3704 4254 3904 4320 σχέσιν.
3941 4255 4049 4307 Καὶ

2485 4347 2535 4396 εἰ
2562 4344 2665 4414 μέν
2695 4346 2909 4411 ἐκείνην
2940 4345 3239 4414 προτιθεὶς,
3271 4344 3413 4413 φημὶ
3443 4345 3506 4414 δὴ
3536 4347 3636 4413 τὴν
3670 4345 3777 4398 τῶν
3814 4347 4050 4401 ὑποστά-

2489 4453 2627 4489 σεων
2687 4437 2841 4507 ἱερὰν
2891 4436 3204 4502 θεολογίαν,
3281 4440 3398 4496 ταῖς
3460 4436 3637 4504 τρισὶν
3691 4438 4050 4490 ὑποστάσεσιν

820 4530 934 4598 μῶς
979 4527 1142 4579 αὑτοῦ
1182 4525 1570 4595 χωριζόμενον,
1602 4522 1744 4575 οὕτω
1799 4523 1891 4573 καὶ
1923 4523 1950 4572 ὁ
1990 4521 2112 4580 Υίδς
2169 4523 2232 4571 ἐκ
2283 4518 2377 4570 τοῦ
2415 4545 2457 4600 D
2488 4528 2640 4592 ἐλεγε
2672 4530 2814 4581 κατὰ
2847 4529 2937 4581 τὸν
2976 4529 3082 4580 τῶν
3111 4528 3376 4593 θεολόγων
3400 4532 3492 4579 καὶ
3524 4529 3629 4580 τῶν
3666 4529 3920 4594 Πατέρων
3956 4547 4048 4598 χο-

817 4619 1028 4689 Πατρδς
1061 4619 1336 4684 γεννᾶται,
1366 4615 1625 4684 μηδαμῶς
1659 4610 1818 4664 αὐτοῦ
1847 4609 2234 4679 χωριζόμενος,
2265 4609 2380 4662 ἀλλ’

809 4714 901 4765 ἀεὶ
933 4714 988 4762 ἐν
1017 4708 1162 4778 αὐτῷ
1192 4709 1386 4776 μένων.
1433 4706 1589 4757 ’Δλλά
1618 4707 1676 4756 τὸ
1708 4704 1803 4773 μὲν
1836 4703 1970 4772 φῶς,
1997 4706 2058 4756 ἐκ
2092 4703 2182 4755 τοῦ
2216 4703 2384 4773 πυρὸς

819 4803 1158 4872 γεννώμενον
1192 4800 1511 4868 ἀχωρίστως
1541 4799 1630 4850 καὶ
1676 4799 1732 4848 ἐν
1773 4797 1920 4865 αὐτῷ
1953 4797 2037 4850 ἀεὶ
2066 4797 2250 4866 μένον,
2284 4796 2382 4847 οὐκ

817 4898 929 4964 ἔχει
986 4894 1120 4945 ἰδίαν
1181 4893 1474 4944 ὑπόστασιν
1533 4889 1684 4958 παρά
1717 4890 1776 4941 τὸ
1823 4889 1965 4958 πῦρ*
2012 4888 2233 4956 ποιότης
2276 4886 2382 4956 γὶρ

808 4994 932 5042 ἐστι
964 4987 1167 5056 φυσικὴ
1205 4985 1298 5036 τοῦ
1343 4986 1540 5052 πυρός·
1573 4986 1599 5036 ό
1626 4983 1680 5034 δέ
1716 4984 1838 5046 Υἱὸς
1875 4981 1968 5034 τοῦ
2003 4981 2140 5033 Θεοῦ
2170 4983 2196 5032 ό
2239 4997 2387 5049 μονο·

818 5082 1002 5149 γενης,
1040 5081 1102 5131 ἐκ
1160 5076 1253 5130 τοῦ
1316 5077 1525 5145 Πατρὸς
1575 5075 1852 5144 γεννηθεὶς
1908 5074 2227 5142 ἀχωρίστως
2291 5072 2385 5124 καὶ

819 5173 1181 5234 αδιασλτὰτως,
1201 5170 1306 5221 ,καὶ
1347 5170 1401 5220 ἐν
1426 5169 1574 5236 αὐτῷ
1605 5169 1784 5236 μένων
1809 5167 1918 5233 ἀεὶ,
1948 5166 2058 5234 ἔχει
2089 5167 2223 5218 ἰδίαν
2249 5166 2381 5218 61:6-

822 5280 1010 5318 στασιν
1051 5263 1200 5328 παρὰ
1233 5261 1329 5328 τὴν
1358 5259 1450 5311 τοῦ
1488 5260 1719 5328 Πατρός.

894 5356 1032 5422 Ὅρα
1074 5354 1185 5413 πῶς
1215 5354 1308 5404 καὶ
1339 5355 1404 5404 τὰ
1442 5351 1516 5419 τῷ
1549 5351 1780 5420 θεολόγῳ
1802 5348 1974 5417 τούτῳ
2009 5348 2244 5417 ῥηθέντα
2275 5350 2384 5410 τοῖς

824 5443 1182 5513 -.ιρορρηθεῖσι
1219 5443 1388 5492 ταυτα
1437 5440 1706 5508 βούλεται,
1764 5439 1844 5492 ὃτι
1885 5443 1948 5508 τῇ
1984 5439 2046 5490 ἐκ
2097 5439 2193 5504 τῆς
2237 5438 2383 5498 θείας

822 5535 1008 5595 οὐσίας
1047 5533 1246 5600 δηλαδὴ
1305 5535 1507 5600 φυσικῇ
1559 5531 1766 5601 πρυόδῳ
1830 5531 1922 5582 καὶ
1973 5531 2225 5600 ἐνεργείᾳ
2291 5530 2384 5581 καὶ

821 5641 1006 5695 χαίεντι
1041 5624 1236 5693 μᾶλλον
1270 5626 1325 5674 αἰ
1360 5623 1452 5675 τοῦ
1499 5626 1665 5692 πυρὸς
1703 5624 1797 5676 καλ.
1830 5623 1922 5676 τοῦ
1974 5623 2145 5690 ἡλίου,
2197 5624 2287 5674 καὶ
2322 5623 2385 5691 δὴ

821 5721 916 5771 καὶ
952 5718 1057 5770 τῶν
1084 5717 1141 5782 ἐξ
1172 5717 1346 5768 αὐτῶν
1387 5719 1592 5780 εἰκόνες
1630 5719 1963 5786 προσήκουσί
1996 5737 2108 5777 πως
2151 5718 2178 5786 ἢ
2224 5719 2286 5786 τῇ
2323 5721 2384 5769 ἐκ

824 5808 914 5860 τοῦ
959 5808 1168 5870 Πατρὶς
1220 5807 1438 5878 ἁνάρχῳ
1490 5826 1544 5860 τε
1591 5810 1684 5862 καὶ
1734 5811 1950 5879 ἀρῤἠτι,
1999 5810 2253 5878 γεννήςει
2294 5807 2382 5859 τοῦ

2488 4620 2577 4687 ρδν
2634 4620 3005 4688 διακρίνεσθαι
3053 4617 3149 4687 τὴν
3188 4619 3316 4688 μίαν
3366 4618 3617 4685 θεότητα,
3659 4618 3806 4669 οὐδὲν
3861 4619 3926 4670 ἂν
3977 4615 4047 4687 ἦν

2490 4713 2618 4773 ἴσως
2648 4710 2851 4770 καινὸν,
2885 4714 2931 4762 εἰ
2964 4711 3057 4763 καὶ
3093 4711 3190 4779 τὴν
3225 4711 3406 4779 σχέσιν
3439 4709 3546 4761 τῶν
3570 4709 3876 4780 προσώπων
3910 4713 4047 4763 κατά

2484 4803 2608 4864 τοὺς
2657 4802 2914 4870 ’Πατέρας
2968 4801 3183 4870 ἐπῆγε·
3243 4801 3336 4852 νῦν
3397 4801 3452 4852 δέ
3507 4800 3566 4852 τὸ
3615 4801 4048 4870 τρισυπόστατον

2481 4892 2718 4960 ἀφελὼν,
2748 4888 2891 4964 ᾗπερ
2926 4893 3084 4962 ἐφην,
3121 4893 3215 4945 καὶ
3254 4891 3304 4944 εδ
3345 4891 3730 4962 ύποστατικὴν,
3760 4893 3791 4961 ἢ
3830 4909 4048 4961 προσω-

2486 4986 2652 5048 πικὴν
2679 4985 2938 5054 διαφορὰν
2969 4984 3203 5046 εὐσεϐῶς
3258 4984 3349 5035 καὶ
3383 4985 3544 5050 ἀξίως
3567 4988 3740 5038 εἰπεῖν
3770 4982 3864 5036 τοῦ
3888 4984 4048 5049 Θεοῦ,

2487 5078 2679 5142 καινήν
2730 5091 2847 5126 τινα
2887 5075 3164 5141 θεολογίαν
3221 5076 3430 5142 εἰσάγει
3479 5077 3577 5146 τὴν
3619 5075 3826 5145 σχέσιν,
3864 5073 4045 5142 σχέσει

2490 5161 2625 5230 μόνῃ
2652 5162 3022 5228 διακρίνεσθαι
3056 5161 3228 5227 λέγων
3252 5163 3349 5232 την
3381 5163 3630 5233 θεότητα.

2561 5254 2848 5306 Κάνταῦθα
2897 5254 2996 5322 μὲν
3049 5255 3210 5324 μέχρι
3249 5257 3476 5309 τούτου’
3522 5258 3715 5326 μικρὸν
3759 5257 3811 5308 δὲ
3844 5257 4050 5324 προῖὼν

2487 5347 2578 5396 καὶ
2631 5347 2811 5414 φωνὴν
2850 5346 3009 5414 ψιλὴν
3066 5347 3233 5413 μόνην
3275 5347 3371 5415 τὴν
3419 5349 3602 5414 σχέσιν
3637 5348 3840 5414 ταύτην
3894 5350 4046 5416 ἐρεῖ,

2490 5437 2810 5506 πράγματος
2837 5436 3000 5489 οὐσαν
3043 5440 3274 5508 ἐρήμην,
3308 5440 3401 5490 καὶ
3436 5441 3508 5508 μὴ
3537 5440 3656 5492 καθ’
3687 5439 4048 5506 ὑποκειμένου

2487 5529 2630 5589 τινὸς
2665 5530 2928 5596 μηδαμῶς
2959 5528 3278 5599 λεγομένην,
3309 5530 3404 5600 τὴν
3432 5531 3672 5598 Λιϐυκὴν
3704 5530 3915 5599 ἐριννύν
3955 5523 4052 5581 αὖ·

2489 5621 2570 5682 θις
2599 5622 2831 5688 ἐκείνην,
2855 5622 2950 5688 τὴν
2969 5619 3060 5671 τοῦ
3084 5620 3366 5672 Σαϐελλίου
3386 5621 3525 5688 φημὶ
3546 5621 3830 5688 σύγχυσιν,
3857 5621 4047 5670 ἐπεισο

2491 5715 2636 5780 ἁγων
2686 5715 2750 5782 τῇ
2819 5713 2916 5780 τῆς
2967 5713 3205 5779 μεγάλης
3246 5713 3471 5781 Τριαδος
3504 5713 3786 5781 θεολογίᾳ,
3813 5711 4051 5778 ὀνόματα

2490 5807 2621 5876 ψιλά
2654 5808 3053 5876 δογματίσασαν
3081 5808 3167 5859 τὶν
3197 5808 3433 5876 Πατέρα,
3468 5807 3676 5858 καὶτὸν
3711 5805 3859 5869 Υξδν,
3883 5805 3973 5856 καὶ
3999 5806 4054 5855 τὸ
