4470 6450
441 412 547 477 853

1198 409 1497 472 CONTRA
1535 410 1956 472 GREGORAM
1996 409 2766 472 AN'I‘IRRHETICORUM:
2806 418 2827 460 ι
3577 436 3599 465 ι·
3628 433 3655 464 ,.

439 530 503 583 ἐκ
526 527 637 582 τῶν
674 525 1018 599 μετεχόντων
1060 525 1407 596 ὑμνεῖταιτά
1439 526 1756 597 ἀμεθέκτως
1783 526 2005 596 μετεχό-
2035 538 2077 590 Α
2108 527 2259 595 ὅλης,
2300 526 2396 579 καὶ
2439 520 2759 583 παντελοῦς,
2800 519 2896 573 καὶ
2943 517 3261 587 ὁλοκλήρου,
3294 515 3389 569 καὶ
3443 519 3676 588 πλήρους

441 635 598 691 μινα.

506 707 638 762 Εἶτα
667 710 797 777 περὶ
832 709 1064 778 μετοχῆς
1098 708 1273 763 εἰπὼν
1304 708 1475 771 θείας,
1519 710 1615 762 καὶ
1646 707 1712 779 δὴ
1748 710 1843 761 καλ⁵
1885 706 2012 776 περὶ

433 800 533 869 τῆς
551 798 693 853 κατά
718 800 896 869 σάρκα
919 798 1015 854 τοῦ
1038 799 1275 871 Χριστοῦ
1295 800 1444 863 θείας
1468 801 1804 870 οἰκονομίας,
1823 800 2010 870 βραχέ’

434 890 571 943 ἄττα
596 890 1005 961 φιλοσοφήσας,
1041 892 1315 961 ἐπιφέρει·
1356 892 1519 945 Ἀλλά
1547 894 1753 947 τούτων
1777 892 1877 961 μέν
1904 892 2013 944 τῶν

438 978 690 1034 ἐνώσεών
736 999 793 1034 τε
829 985 923 1035 καὶ
968 982 1321 1051 διακρίσεων,
1382 985 1514 1047 ὅσας
1566 986 1622 1038 ἐν
1659 987 1768 1047 τοῖς
1812 984 2012 1051 λογίοις

346 1092 349 1093 ν
436 1070 766 1142 θεοπρεπεῖς
792 1073 974 1136 αἰτίας
1014 1074 1357 1143 εὑρήκαμεν,
1405 1075 1462 1126 ἐν
1509 1070 1632 1136 ταῖς
1674 1072 2013 1141 θεολογικαῖς

434 1166 857 1219 ὑποτυπώσεσιν
919 1167 1027 1238 ἰδία
1084 1169 1213 1238 περὶ
1269 1169 1501 1221 ἑκάστου
1537 1167 1906 1232 διαλαϐόντες,
1938 1168 2015 1230 ὡς

436 1258 658 1325 ἐφικτὸν
700 1257 1004 1327 ἐξεθέμεθα
1054 1259 1124 1312 τά
1186 1258 1286 1328 μὲν
1332 1260 1677 1325 άνελίξαντες
1717 1260 1796 1329 τῷ
1826 1261 2016 1331 ἀληθεῖ

436 1348 602 1417 λόγῳ,
644 1349 740 1401 καὶ
791 1348 1220 1416 ἀναπτύξαντες,
1262 1351 1357 1403 καὶ
1389 1350 1479 1404 16v
1525 1352 1670 1421 ἱερὸν
1699 1353 1794 1404 xal
1824 1352 2014 1406 ἀνεπι-

438 1437 670 1490 θόλωτον
720 1437 846 1491 νοῦν
873 1438 965 1490 ἐπὶ
994 1440 1063 1490 τὰ
1111 1440 1326 1508 φανερά
1376 1439 1486 1491 τῶν
1516 1440 1713 1507 λογίων
1764 1441 2013 1511 θεάματα

437 1530 904 1599 προσαγαγόντες,
964 1531 1080 1592 τοῖς
1130 1531 1188 1583 δὲ
1244 1531 1322 1594 ὡς
1380 1535 1667 1600 μυστικοῖς
1722 1534 1865 1587 κατὰ
1913 1535 2013 1604 τὴν

440 1617 589 1670 θείαν
620 1618 924 1688 παράδοσιν
949 1620 1091 1691 ὑπὲρ
1117 1620 1310 1689 νοεράν
1332 1622 1612 1691 ἐνέργειαν
1638 1624 2009 1688 ἐπιϐαλόντες.

443 1709 625 1761 Πάντα
663 1708 773 1780 γὰρ
800 1709 867 1763 τὰ
897 1710 1041 1775 θεῖα,
1071 1713 1165 1765 καὶ
1206 1713 1306 1767 ὅσα
1342 1714 1476 1783 ἡμῖν
1527 1715 1867 1785 ἐκπέφανται
1892 1719 2012 1780 ταῖς

442 1801 700 1869 μετοχαῖς
736 1800 929 1869 μόναις
972 1803 1327 1869 γινώσκεται.
1362 1804 1511 1857 Αὑτά
1547 1805 1605 1857 δέ
1675 1807 1839 1861 ὁποῖά
1879 1806 2011 1860 ποτέ

2114 616 2367 686 θεότητος
2390 613 2495 665 ὑπὸ
2517 612 2626 665 τῶν
2656 609 2857 675 λογίων
2890 606 3200 677 ὑμνεῖσθαι.
3237 606 3426 671 Πάλιν,
3461 612 3558 661 καὶ
3592 608 3679 661 [va

2115 706 2421 777 συλλήϐδην
2450 706 2584 775 φαίη
2621 722 2725 769 τις,
2766 702 2931 764 αὑτὸς
2959 703 2987 755 6
3023 700 3313 770 θεαρχικδς
3346 699 3517 767 Λόγος
3551 698 3675 769 ἔφη,

2126 797 2273 866 Ἐγὼ
2295 796 2391 850 καὶ
2416 798 2449 850 ὀ
2475 797 2677 863 Πατὴρ
2704 795 2774 849 ἓν
2800 795 3006 861 ἐσμεν,
3032 794 3149 855 καὶ,
3175 792 3292 847 Πάν
3304 809 3375 845 τα
3409 793 3525 845 ὅσα
3554 793 3680 861 ἔχει

2114 888 2361 957 ὀΠατ-ὴρ
2380 886 2492 957 ἐμά
2508 886 2789 950 ἐστι,καὶ,
2823 885 3023 940 Πάντα
3052 886 3121 939 τὰ
3147 884 3257 954 ἐμὰ
3282 884 3365 939 σά
3397 884 3551 952 ἐστι,
3580 885 3679 939 καί

2112 981 2184 1035 τὰ
2231 981 2312 1034 σὰ
2345 978 2477 1047 ἐμά.
2529 977 2639 1031 Kal
2670 974 2847 1040 αὖθις·
2893 980 2994 1031 ὅσα
3026 978 3141 1030 ἐστὶ
3188 979 3285 1029 τοῦ
3317 978 3550 1046 Πατρος.
3584 978 3679 1031 καὶ

2114 1070 2276 1125 αὑτοῦ
2300 1069 2379 1140 τῷ
2407 1068 2681 1140 θεσρχικῷ
2712 1067 2992 1138 Πνεύματι
3039 1069 3373 1131 κοινωνικῶς
3414 1070 3506 1122 καὶ
3537 1070 3680 1138 ἠνω-

2118 1161 2295 1231 μένως
2324 1162 2634 1232 ἀνατίθησι.
2685 1161 2798 1215 Kal
2852 1160 2971 1231 μετ’
3022 1160 3225 1229 ὀλίγον·
3284 1160 3509 1214 Ὀποίαν
3542 1164 3680 1216 ἀνα-

2117 1254 2318 1320 πτύξαι
2367 1255 2675 1321 θεωνυμίαν
2718 1254 2907 1323 ὁλικὴν
2953 1254 3372 1324 ἐγχειρήσομεν,
3430 1255 3524 1308 ἐπὶ
3581 1255 3680 1322 τῆς

2113 1348 2238 1417 ὅλης
2275 1346 2445 1417 αὐτὴν
2481 1346 2737 1416 θεότητος
2771 1347 3093 1414 ἐκληπτέον.
3134 1345 3293 1400 Οῦτω
3336 1347 3435 1417 μὲν
3464 1343 3556 1400 οὖν
3583 1348 3681 1417 τὴν

2112 1440 2221 1491 τῶν
2253 1437 2498 1507 φυσικῶν
2527 1436 2622 1490 τοῦ
2653 1437 2787 1491 Θεοῦ
2815 1437 3011 1490 ἕνωσιν
3037 1442 3062 1491 6
3094 1438 3345 1505 θεολόγος
3378 1437 3679 1500 ὑπέδειξεν,

2111 1528 2187 1590 ῶς
2218 1529 2276 1581 ἐν
2301 1527 2495 1598 βραχεῖ
2527 1526 2622 1579 καὶ
2670 1528 2818 1595 ἡμᾶς
2846 1527 3038 1591 δείξαι,
3079 1529 3351 1595 ἀμέριστα
3399 1528 3493 1581 καὶ
3528 1528 3683 1581 κοινά

2112 1619 2284 1675 ταῦτα
2334 1621 2512 1690 φήσας
2563 1620 2662 1688 τῆς
2705 1619 3006 1689 θεαρχικῆς
3037 1620 3290 1689 Τριάδος.
3341 1621 3417 1675 Οὑ
3471 1622 3579 1691 γὰρ
3622 1621 3682 1674 16

2117 1714 2214 1783 μὲν
2243 1711 2398 1766 τοῦδε
2428 1712 2524 1764 τοῦ
2570 1711 2716 1765 θείου
2743 1711 3062 1781 προσώπου,
3102 1711 3262 1781 φησὶ,
3309 1713 3368 1763 16
3399 1712 3453 1765 δέ
3506 1712 3680 1777 τοῦδε,

2113 1803 2249 1857 ἀλλά
2272 1804 2489 1866 κοινῶς,
2514 1803 2607 1857 καὶ
2646 1804 2963 1872 ήνωμένως,
3001 1802 3090 1855 καὶ
3120 1804 3335 1867 ὑλικῶς,
3381 1806 3473 1856 καί
3506 1806 3681 1857 681a:-

439 1892 556 1944 ἐστι
609 1893 752 1945 κατά
806 1894 909 1961 τὴν
969 1894 1180 1948 οἰκείαν
1215 1895 1394 1965 ἀρχὴν
1444 1896 1543 1950 καὶ
1600 1897 1806 1967 ἵδρυσιν
1868 1899 2010 1968 ὑπὲρ
2038 1891 2085 1951 Β
2111 1895 2285 1963 ρέτως
2322 1895 2539 1948 πάντων
2572 1892 2707 1962 ὁμοῦ
2752 1894 2954 1959 πάντα,
2986 1894 3060 1953 ὡς
3103 1893 3221 1956 ἐνὸς
3266 1893 3476 1947 καὶτοῦ
3518 1894 3682 1947 αὑτοῦ

441 1980 565 2034 νοῦν
612 1983 732 2035 ἐστι
780 1984 876 2035 καὶ
932 1985 1116 2043 πᾶσαν
1174 1985 1369 2040 οὐσίαν
1416 1989 1510 2041 καὶ
1544 1989 1766 2055 γνῶσιν·
1799 1984 1932 2056 οἷον,
1963 1992 2012 2043 εἰ

439 2074 537 2145 τὴν
574 2076 901 2145 ὑπερούσιον
930 2079 1271 2150 κρυφιότητα
1299 2080 1452 2148 Θεὸν,
1491 2080 1523 2150 ἢ
1549 2082 1714 2151 ζωὴν,
1746 2082 1780 2154 ἢ
1811 2085 1947 2151 φῶς,
1977 2082 2011 2151 ἢ

439 2166 597 2232 λόγον
633 2166 1027 2237 ὀνομάσαιμεν,
1065 2170 1221 2223 οὐδὲν
1268 2172 1455 2240 ἕτερον
1508 2172 1736 2242 νοοῦμεν
1768 2174 1799 2243 ἢ
1828 2173 1928 2238 τὰς
1956 2174 2014 2239 ἐξ

442 2258 613 2325 αὐτῆς
635 2258 718 2322 είς
747 2260 891 2329 ἡμᾶς
926 2262 1311 2331 προαγομίνας
1343 2262 1623 2333 δυνάμεις,
1655 2265 2011 2330 ἐκθεωτικάς,

438 2349 471 2417 ἢ
515 2348 932 2422 οὑσιοποιοὺς,ἢ
966 2351 1342 2425 ζωογόνους,ἢ
1382 2355 1742 2426 σοφοδώρους,
1784 2360 1921 2430 αὑτῇ
1956 2359 2013 2411 δὲ

442 2440 581 2493 κατά
607 2443 707 2511 τὴν
732 2443 922 2495 πασῶν
938 2443 1046 2497 τῶν
1067 2445 1267 2517 νοερῶν
1302 2447 1591 2517 ἐνεργειῶν
1606 2448 1867 2503 ἀπόλυσιν
1899 2453 2015 2504 ἐπι-

440 2532 731 2601 ϐάλλομεν,
749 2533 1003 2604 οὐδεμίαν
1026 2537 1258 2606 όρῶντες
1286 2537 1542 2609 θέωσιν,ἢ
1570 2540 1778 2610 ζωὴν,ἢ
1801 2543 2011 2608 οὑσίαν,

438 2622 560 2691 ήτις
599 2623 844 2693 ἀκριϐῶς
885 2626 1133 2697 ἐμφερής
1188 2629 1307 2683 ἐστι
1352 2632 1417 2701 τῇ
1460 2630 1676 2684 πάντων
1705 2633 2015 2704 ἐξῃρημένη

441 2714 580 2767 κατά
615 2716 796 2768 πᾶσαν
818 2716 1094 2788 ὑπεροχήν
1132 2720 1304 2793 αἰτίᾳ.
1322 2720 1454 2776 Εἶτα
1505 2725 1710 2794 μεταξὺ
1757 2725 1917 2778 πάλιν
1945 2726 2013 2780 δι’

438 2805 636 2871 ὀλίγων
677 2805 839 2860 τινῶν
862 2807 964 2876 τὴν
998 2809 1139 2880 ὑπὲρ
1168 2811 1327 2880 ήμῶν
1342 2812 1432 2865 διὰ
1450 2813 1651 2884 σαρκὸς
1665 2815 1757 2869 τοῦ
1776 2816 2011 2886 Χριστοῦ

437 2897 589 2950 θείαν
616 2897 929 2970 οἰκονομίαν
951 2899 1302 2971 θεολογήσας,
1329 2905 1525 2974 ἐπάγει
1555 2909 1801 2961 κάκείνασ
1831 2909 2014 2963 Ταῦτα

438 2991 491 3043 6‘s
526 2993 554 3058 ἦ
565 2994 658 3061 μίν
684 3009 748 3045 τε
780 2996 838 3046 ἐν
864 2992 1045 3057 ἀλλοις
1081 2993 1280 3058 ἰκανῶς
1309 2996 1548 3067 εἴρηται,
1582 3002 1676 3054 καὶ
1704 3000 1784 3071 τῷ
1814 3001 2014 3076 κλεινῷ

441 3083 782 3154 καθηγεμόνι
809 3085 952 3139 κατὰ
980 3086 1079 3150 τὰς
1103 3086 1420 3156 θεολογικάς
1449 3090 1614 3144 αὑτοῦ
1644 3091 2012 3162 στοιχειώσεις

440 3174 681 3246 ὕμνηται
715 3176 836 3231 λίαν
865 3178 1183 3248 ὑπερφυῶς.
1221 3181 1402 3253 Ἀπερ
1434 3182 1663 3250 ἐκεῖνος,
1716 3185 1828 3238 είτε
1872 3188 2010 3258 πρὸς
2033 3229 2079 3293 C

437 3269 548 3322 τῶν
604 3269 769 3340 ἱερῶν
808 3270 1081 3340 θεολόγων
1136 3275 1498 3346 παρείληφεν,
1546 3278 1656 3331 είτε
1686 3280 1781 3333 καὶ
1820 3280 1883 3333 ἐκ
1913 3282 2011 3349 τῆς

438 3362 875 3432 ὲπιστημονικῆς
901 3364 1010 3418 τῶν
1032 3365 1226 3433 λογίων
1270 3367 1501 3438 ἐρεύνης
1542 3368 1909 3440 συνεώρακεν,
1947 3372 2011 3424 ἐκ

436 3450 535 3519 τῆς
576 3450 780 3521 πολλῆς
806 3455 934 3523 περί
983 3455 1122 3508 αύτά
1159 3460 1469 3538 γυμνασίας
1513 3461 1608 3538 καὶ
1643 3461 1860 3532 τριϐῆς,
1897 3463 2011 3516 εἴτε

439 3541 533 3591 καὶ
568 3539 632 3594 ἐκ
657 3558 802 3606 τινος
840 3543 1057 3615 ἐμυήθη
1095 3533 1375 3617 θειοτέρας
1409 3533 1719 3616 ἐπιπνοίας,
1753 3552 1814 3604 οὑ
1851 3552 2013 3624 μόνον

442 3634 653 3701 μαθὼν,
691 3633 826 3687 ἀλλά
878 3635 974 3689 καὶ
1019 3637 1210 3691 παθὼν
1264 3639 1331 3693 τὰ
1378 3640 1517 3708 θεῖα,
1568 3643 1678 3695 κάκ
1711 3644 1811 3712 τῆς
1877 3644 2012 3715 πρὸς

439 3727 578 3782 αύτά
631 3727 1003 3799 συμπαθείας,
1052 3731 1101 3785 εί
1132 3731 1275 3787 οὑτω
1328 3733 1435 3805 χρὴ
1490 3734 1679 3801 φάναι,
1727 3737 1864 3806 πρὸς
1914 3738 2012 3807 τήν

441 3820 729 3874 ἀδίδακτον
759 3821 942 3874 αὐτῶν
984 3824 1079 3876 καὶ
1108 3824 1378 3895 μυστικὴν
1402 3826 1783 3891 ἀποτελεσθεὶς
1822 3829 2013 3884 ἕνωσιν

440 3917 536 3971 xal
567 3918 772 3970 πίστιν.

512 4005 585 4057 T6
616 4006 713 4075 μὲν
744 4001 838 4059 οῦν
862 4006 1142 4077 ἡνωμένον
1165 4009 1262 4062 καὶ
1290 4008 1711 4083 διακεκριμένον
1753 4015 1853 4086 τῆς
1898 4015 2015 4070 θεό-

441 4115 624 4167 τητος,
657 4099 797 4152 κατά
828 4099 1031 4168 ταύτης
1065 4101 1210 4171 φημί
1256 4102 1353 4165 τὰς
1390 4106 1628 4173 φυσικάς
1658 4107 1831 4178 αὑτῆς
1856 4108 2014 4162 δυνά-

443 4206 585 4257 μτις,
621 4190 714 4241 καὶ
759 4189 1098 4259 μεταδόσεις,
1146 4201 1240 4246 καί
1295 4196 1581 4265 προόδους,
1629 4198 1724 4251 καὶ
1757 4200 2012 4269 μετοχὰς,

442 4282 538 4333 καὶ
575 4283 857 4351 προνοίας,
885 4283 978 4335 καὶ
1008 4285 1374 4356 ἀγαθότητας,
1412 4288 1508 4343 καὶ
1541 4290 1774 4361 δωρεάς,
1803 4292 2017 4358 τούτοις

444 4375 533 4424 καὶ
566 4373 673 4441 γὰρ
700 4376 727 4426 6
772 4374 1025 4439 θεολόγος
1067 4378 1460 4445 περιεκτικῶς,
1494 4380 1747 4453 καθάπερ
1778 4383 2016 4453 ἡκούσα-

445 4483 568 4532 μεν,
600 4466 761 4533 ὑμνεῖ
818 4468 983 4521 πᾶσιν
1014 4468 1150 4537 όμοῦ
1186 4471 1299 4533 τοῖς
1344 4472 1514 4543 ίεροίς
1549 4473 1777 4543 ὀνόμασι
1818 4475 1884 4528 τὰ
1916 4477 2014 4545 τῆς

2112 1986 2248 2039 Θεοῦ
2275 2027 2287 2040 .
2325 1988 2435 2040 Kal
2461 1987 2510 2039 εἰ
2556 1986 2631 2057 μὴ
2661 1986 2793 2055 περί
2844 1989 2962 2055 τῆς,
2994 1986 3122 2052 ὅλης
3151 1985 3403 2056 θεότητος
3444 1986 3577 2056 φαίη
3598 2003 3683 2047 τις

2111 2077 2286 2132 ταῦτα
2336 2078 2612 2149 εἰρῆσθαι,
2660 2078 2825 2146 φησὶν
2870 2079 2898 2131 6
2943 2078 3129 2141 αὐτὸς,
3176 2077 3523 2147 βλασφημεῖν
3590 2077 3677 2130 καλ

2112 2168 2434 2238 ἀποσχίζειν
2501 2169 2759 2239 ἀθέσμως
2823 2168 2998 2238 τολμᾷ
3072 2170 3174 2237 τὴν
3248 2168 3680 2241 ὑπερηνωμένην

2112 2260 2293 2318 ἐνάδα.

2184 2353 2296 2406 Kal
2346 2350 2488 2418 αὕτη
2528 2350 2680 2414 ἐστὶ,
2722 2349 2978 2421 καθάπερ
3028 2351 3266 2420 εἴρηται,
3315 2351 3347 2421 ή
3394 2349 3537 2403 κατά
3584 2349 3683 2413 τὰς

2115 2442 2397 2515 ἐνεργείας
2426 2445 2680 2513 ἡνωμένη
2732 2442 2982 2511 θεολογία
3026 2443 3125 2510 τῆς
3179 2442 3453 2509 θεότητος.
3490 2442 3593 2494 Kal
3624 2440 3686 2492 τὸ

2114 2534 2531 2605 διακεκριμένον
2553 2533 2597 2587 δ’
2622 2533 2885 2597 ὡσαύτως
2907 2532 3219 2605 ἠκούσαμεν
3247 2533 3470 2601 ταύτης,
3505 2534 3681 2588 εὑδια-

2115 2626 2318 2697 κρίτως
2350 2625 2445 2679 τοῦ
2478 2624 2728 2693 θεολόγον
2766 2626 2859 2678 καὶ
2908 2625 3094 2695 σαφῶς
3130 2627 3223 2679 καὶ
3255 2626 3536 2688 εὐτάκτως
3566 2631 3677 2693 ὀρο-

2115 2719 2446 2787 θετήσαντος
2472 2718 2614 2771 κατὰ
2632 2718 2732 2789 τὴν
2752 2719 3075 2787 ὑπόσχεσιν.
3103 2718 3232 2771 Θεία
3250 2719 3493 2786 καὶγὰρ,
3523 2719 3679 2787 φησὶ,

2113 2810 2384 2882 διάκρισίς
2412 2811 2562 2863 ἐστιν
2585 2812 2619 2881 ἠ
2649 2810 3043 2881 ἀγαθοπρεπὴς
3073 2811 3299 2880 πρόοδος
3315 2810 3414 2881 τῆς
3436 2811 3685 2873 ινὼσεως

2114 2904 2213 2972 τῆς
2243 2903 2413 2968 θείας,
2433 2902 2873 2972 ὑπερηνωμενως
2915 2903 3117 2973 ἑαυτὴν
3146 2903 3442 2971 ἀγαθότητι
3473 2902 3685 2971 πληθυ-

2114 2994 2313 3064 νούσης
2365 3010 2425 3047 τε
2489 2995 2585 3047 καὶ
2652 2994 3222 3065 πολυπλασιαζούσης.
3279 2996 3388 3049 Kal
3473 2994 3673 3048 πάλιν

2114 3086 2300 3140 Πάντα
2330 3084 2440 3154 γὰρ
2479 3086 2547 3138 τὰ
2586 3085 2708 3139 θεῖα
2750 3087 2842 3140 καὶ
2871 3087 2972 3141 ὅσα
3012 3088 3148 3157 ἡμῖν
3194 3086 3533 3155 ἐκπέφανται
3564 3088 3683 3149 ταῖς

2117 3178 2373 3247 μετοχαῖς
2422 3177 2616 3246 μόναις
2660 3178 3011 3246 γινώσκεται.
3058 3177 3207 3232 Δὺτά
3255 3178 3311 3231 δὲ
3357 3179 3518 3232 ὁποῖά
3550 3178 3679 3231 ποτέ

2111 3271 2228 3324 ἐστι
2262 3270 2402 3324 κατά
2436 3270 2535 3340 τὴν
2563 3270 2771 3323 οἰκείαν
2798 3271 2977 3341 ἀρχὴν
3005 3272 3099 3325 καὶ
3122 3271 3350 3342 ἵδρυσιν,
3369 3271 3525 3341 ,ὑπὲρ
3554 3272 3680 3324 νοῦν

2112 3363 2227 3415 ἐστι
2277 3362 2373 3417 καὶ
2424 3364 2606 3415 πᾶσαν
2653 3363 2840 3416 ουσίαν
2902 3364 2995 3416 καὶ
3043 3363 3269 3432 γνῶσιν.
3331 3362 3440 3415 Kal
3498 3360 3682 3433 μικρῷ

2113 3454 2339 3523 προϊώνο
2374 3454 2532 3507 Μετά
2556 3453 2658 3523 τὴν
2697 3454 2903 3525 σεπτὴν
2931 3454 3131 3525 δηλαδὴ
3178 3453 3274 3507 τοῦ
3310 3454 3458 3507 θείου
3514 3453 3681 3522 Ἰερο·⁸

2113 3545 2236 3599 θέου
2271 3544 2552 3613 θεολογίαν
2582 3545 2874 3615 διάκρισιν,
2898 3549 3083 3617 φησὶν,
3119 3546 3268 3600 θείαν
3304 3540 3446 3599 εἷναί
3476 3563 3678 3613 φαμεν,

2113 3638 2435 3709 ὠςΙείρηται,
2455 3638 2553 3701 τὰς
2578 3638 2983 3709 ἀγαθοπρεπεῖς
3000 3639 3097 3708 τῆς
3120 3638 3375 3708 θεαρχίας
3398 3639 3678 3709 προόδους,

2113 3730 2441 3801 Δωρουμένη
2476 3730 2585 3799 γὰρ
2606 3730 2739 3783 πᾶσι
2778 3731 2890 3792 τοῖς
2915 3729 3052 3795 οῦσι,
3092 3729 3187 3781 καὶ
3211 3731 3310 3783 ὑπε
3324 3731 3553 3799 ρχέουσα
3583 3729 3682 3789 τὰς

2114 3823 2221 3875 τῶν
2240 3823 2377 3875 ὅλων
2409 3822 2631 3889 ἀγαθῶν
2670 3822 2983 3887 μετουσίας,
3019 3821 3310 3890 ήνωμένως
3340 3820 3437 3890 μὲν
3468 3820 3680 3887 διακρί-

2114 3929 2281 3980 νεται,
2314 3911 2650 3982 πληθύνεται
2681 3910 2739 3964 δέ
2766 3911 2977 3977 ἑνικῶς,
3025 3914 3120 3966 καὶ
3144 3911 3678 3975 πολλαπλασιάζεται

2112 4009 2517 4077 ἀνεκφοιτήτως
2533 4044 2548 4061 .

2190 4097 2298 4152 Καὶ
2325 4097 2418 4151 τοῦ
2445 4097 2701 4167 πέμπτου
2732 4097 2788 4150 δὲ
2824 4097 3121 4166 κεφαλαίου
3153 4098 3247 4150 τοῦ
3288 4097 3554 4168 παρόντος
3584 4102 3682 4166 ἀρ»

2115 4192 2344 4262 χόμενος
2395 4190 2625 4260 βιϐλίου,
2657 4189 2912 4259 καὶπερὶ
2959 4190 3053 4241 τοῦ
3104 4190 3258 4251 ὄντος
3307 4190 3519 4259 μέλλων
3563 4190 3680 4241 θεο-

2114 4282 2315 4349 λογεῖν,
2348 4279 2437 4350 Τῷ
2464 4280 2607 4351 λόγῳ
2658 4280 2882 4345 σκοπδς,
2913 4280 3101 4348 φησὶν,
3133 4280 3192 4333 ού
3228 4280 3324 4351 τὴν
3355 4281 3681 4349 ὑπερούσιον

2114 4360 2317 4440 οὐσίαν,
2409 4371 2735 4439 ὑπερούσιος
2764 4372 3063 4439 ἐκφαίνειν·
3101 4373 3339 4442 ἄρρητον
3370 4372 3476 4440 γὰρ
3503 4372 3678 4426 τοῦτο.

2117 4467 2213 4521 καὶ
2246 4465 2521 4533 ἀγνωστόν
2563 4466 2702 4529 ἐστι,
2736 4465 2830 4517 καὶ
2869 4462 3149 4525 παντελῶς
3184 4463 3544 4532 ἀνέκφαντον,
3588 4472 3679 4516 καὶ

444 4558 595 4620 θείας
626 4558 843 4627 φύσεως
906 4559 1195 4629 ἰδιώματα,
1243 4563 1336 4615 καὶ
1384 4565 1483 4628 τὰς
1529 4567 1833 4636 ἐνεργείας,
1865 4566 1904 4621 ἃ
1948 4568 2011 4639 δή
2044 4577 2086 4633 ί)
2118 4562 2285 4627 αὐτὴν
2334 4558 2630 4627 ὑπεραῖρον
2678 4556 2773 4627 τὴν
2806 4556 3021 4609 ἕνωσιν·
3060 4555 3195 4610 ἀλλά
3226 4555 3324 4625 τὴν
3374 4556 3681 4607 ούσιοποιὸν

447 4650 538 4701 καὶ
573 4649 714 4703 κατά
749 4648 914 4717 μέρος
955 4651 1080 4719 ἑξῆς
1128 4650 1361 4721 ὑμνήσει
1420 4655 1510 4706 καὶ
1542 4654 1878 4727 θεολογήσει,
1917 4660 2011 4711 καὶ

442 4742 656 4805 οἰκείως
687 4757 745 4794 τε
801 4741 894 4793 καὶ
921 4740 1239 4813 θεοπρεπῶς
1283 4744 1382 4813 τὴν
1429 4745 1693 4814 ἀνάλογον
1721 4750 1830 4817 ,καὶ
1870 4766 2009 4818 συμ-

446 4836 557 4902 φυᾶ
589 4832 964 4903 προσαρμόσει
996 4831 1310 4902 θεωνυμίαν
1335 4837 1573 4907 ἑκάστῳ,
1604 4839 1761 4891 τοῦτο
1787 4842 1879 4895 καὶ
1902 4842 2010 4911 γὰρ

443 4927 470 4977 6
504 4925 704 4986 σκοπὸς
738 4923 889 4992 αὑτῷ
918 4922 1013 4975 τοῦ
1045 4925 1312 4991 παρόντος
1356 4925 1583 4994 βιϐλίου,
1630 4931 1860 4984 αὐτόθεν
1894 4932 2010 4984 ἔστι

441 5015 648 5077 λαϐεῖν,
702 5014 765 5065 ἐκ
793 5012 901 5065 τῶν
935 5014 1034 5081 ἥδη
1079 4998 1356 5082 ῥηθέντων
1404 5016 1573 5086 αὐτῷ.
1630 5020 1710 5072 Τὰ
1755 5022 2009 5089 ἡνωμένα

445 5109 530 5158 καί
569 5106 701 5176 γὰρ,
725 5108 877 5173 φησι,
898 5103 997 5173 τῆς
1038 5106 1167 5175 ὅλης
1196 5106 1449 5175 Θεότητός
1484 5109 1610 5177 εἰσι,
1643 5111 1701 5162 16
1738 5110 2013 5179 ὑπεράγα-

444 5201 553 5263 θον,
584 5198 644 5249 16
699 5196 987 5265 ὑπέρθεον,
1023 5196 1083 5248 τὸ
1130 5197 1487 5265 ὑπερούσιον,
1534 5199 1594 5250 16
1622 5202 1923 5271 ύπέρξωον,
1950 5204 2009 5256 τὸ

442 5294 773 5361 ὑπέρσοφον.
813 5292 923 5345 Kal
972 5293 1090 5359 μετ’
1124 5293 1322 5355 ὀλίγον·
1374 5296 1482 5347 Kal
1504 5296 1601 5347 ὅσα
1634 5296 1694 5349 ἐκ
1733 5299 1839 5351 τῶν
1869 5300 2008 5365 ἀγα-

443 5383 733 5452 θοπρεπῶν
768 5384 942 5453 αὑτῆς
998 5385 1220 5453 δωρεῶν
1271 5387 1303 5452 ἠ
1347 5387 1568 5440 πάντων
1611 5388 1830 5455 ἀγαθῶν
1857 5392 2008 5444 αἰτία

442 5474 896 5544 κατονομάζεται.
955 5475 1041 5527 Ἐν
1090 5477 1147 5528 δέ
1178 5493 1240 5542 γε
1270 5480 1334 5546 τῇ
1370 5478 1510 5548 ἀρχῇ
1551 5479 1648 5533 τοῦ
1698 5483 1828 5549 περί
1871 5484 2010 5550 ἠνωο

445 5570 612 5639 μένης
668 5570 763 5621 καὶ
806 5568 1233 5638 διακεκριμένης
1282 5567 1561 5636 θεολογίας
1607 5572 1822 5624 τουτουῖ
1867 5591 2009 5642 φημι

442 5664 532 5716 τοῦ
572 5663 730 5729 λόγου
759 5660 899 5713 οὑτω
924 5660 1039 5723 πῶς
1063 5675 1218 5730 φησι·
1253 5662 1424 5715 Τοῦτο
1453 5663 1552 5733 μὲν
1589 5659 1682 5717 οὖν
1708 5666 1798 5715 καὶ
1828 5665 1885 5716 ἐν
1916 5666 1981 5719 ἀλ

440 5756 551 5818 λοις
596 5753 888 5819 ἐξετασθὲν
911 5755 1043 5823 ἡμῖν
1071 5755 1473 5816 ἀποδέδεικται,
1499 5755 1559 5807 16
1588 5757 1767 5818 πάσας
1803 5757 1888 5808 ἀεὶ
1911 5758 2009 5819 τὰς

444 5847 767 5917 διαπρεπεῖς
817 5844 1124 5914 Θεωνυμίας
1166 5848 1224 5900 ού
1277 5848 1538 5918 μερικῶς,
1594 5848 1707 5904 ἀλλ’
1754 5849 1845 5903 ἐπὶ
1909 5848 2006 5919 τῆς

2117 4653 2192 4712 είς
2225 4651 2292 4704 τὰ
2319 4650 2449 4704 ὄντα
2478 4652 2656 4704 πάντα
2696 4650 2791 4718 τῆς
2824 4648 3122 4718 θεαρχικῆς
3159 4649 3478 4717 ούσιαρχίας
3517 4652 3665 4716 πρῦον

2111 4746 2199 4798 ὁον
2227 4746 2499 4814 ὑμνῆσαι,
2535 4745 2625 4796 καὶ
2641 4743 2826 4807 τάλλα,
2855 4744 2953 4795 ὅσα
2981 4741 3135 4809 παρά
3164 4741 3256 4795 τοῦ
3281 4741 3532 4811 θεολόγου
3561 4742 3666 4793 τοττ-

2110 4854 2205 4891 του
2232 4836 2488 4899 λαϐόντες
2508 4837 2667 4905 ἡμεῖς
2693 4837 2750 4885 ὲν
2778 4833 2855 4904 τῷ
2879 4834 3044 4901 τρίτῳ
3076 4832 3381 4899 φθάσαντες
3418 4832 3516 4901 ’ήδη
3547 4849 3669 4884 κατ-

2113 4928 2468 5001 εστρώσαμεν
2521 4928 2685 4996 λόγῳ,
2707 4926 2869 4996 ἡνίκα
2925 4927 2988 4996 δὴ
3022 4925 3115 4978 καὶ
3149 4926 3217 4978 τὰ
3249 4926 3377 4995 περὶ
3410 4924 3559 4989 θείας
3592 4925 3683 4975 δυ-

2111 5022 2329 5090 νάμεως
2383 5017 2750 5088 ἐσκοποῦμεν.
2807 5017 2920 5070 Νῦν
2971 5018 3026 5070 δὲ
3073 5019 3317 5082 σκοπεῖν,
3370 5011 3548 5084 οἶμαι,
3602 5016 3682 5068 δεῖ

2113 5113 2220 5183 πρὸ
2244 5112 2351 5165 τῶν
2376 5110 2573 5176 ἄλλων,
2613 5110 2755 5172 τίνες
2778 5110 2827 5161 οί
2853 5108 3202 5169 διδασκοντες
3233 5099 3401 5169 οὗτοι,
3434 5107 3527 5158 xal
3565 5105 3681 5157 θεο-

2112 5204 2396 5272 λογοῦντες
2428 5204 2607 5265 ταυτὶ,
2640 5202 2733 5254 καὶ
2779 5201 2943 5254 πόθεν
2975 5199 3156 5270 ἔχουσι
3191 5200 3260 5251 τὰ
3306 5196 3533 5250 τοιαῦτα
3572 5214 3679 5266 μα-

2112 5296 2317 5363 θόντες,
2354 5296 2450 5349 καὶ
2486 5297 2535 5349 εί
2558 5295 2640 5348 δεῖ
2668 5296 2954 5348 πείθεσθαι
2997 5292 3208 5355 τούτοις
3260 5289 3675 5360 ἀναμφιϐόλως,

2112 5388 2143 5458 ἢ
2182 5389 2281 5458 μή.
2306 5387 2527 5457 Πρῶτον
2561 5387 2660 5455 μὲν
2683 5382 2774 5439 οὖν
2822 5384 3059 5452 τοσαύτη
3094 5383 3175 5445 τίς
3208 5384 3355 5436 ἐστιν
3386 5383 3417 5450 ἡ
3446 5380 3555 5434 τῶν
3580 5381 3677 5433 ἀν-

2109 5481 2249 5549 δρῶν
2271 5478 2460 5549 ἀρετὴ,
2513 5480 2608 5531 καὶ
2657 5480 2837 5547 σοφία,
2869 5479 2962 5530 καὶ
3031 5475 3317 5545 θεολογική
3369 5474 3675 5544 ἐπιστήμη,

2112 5573 2206 5624 καὶ
2232 5570 2456 5637 θεωρία,
2507 5570 2599 5621 καὶ
2637 5570 2697 5623 16
2728 5569 3107 5622 διδασκαλικὸν
3150 5567 3289 5638 μετά
3332 5566 3457 5629 τοὺς
3493 5565 3679 5637 ἐγκρί-

2110 5679 2238 5723 τους
2276 5661 2384 5713 τῶν
2414 5659 2729 5713 ἀποστόλων
2765 5660 2906 5712 κατὰ
2937 5660 3151 5712 πάντων
3186 5660 3372 5729 σχεδὸν
3400 5656 3620 5727 κράτος,
3649 5654 3679 5707 6

2110 5754 2174 5825 δὴ
2210 5754 2304 5806 καὶ
2328 5754 2632 5824 ἀρχόμενος
2665 5749 2816 5806 εἷπον
2846 5754 2940 5805 τοῦ
2974 5754 3154 5819 λόγου.
3194 5751 3267 5816 ὡς
3303 5754 3351 5803 εί
3383 5752 3478 5803 καὶ
3508 5747 3585 5819 μὴ
3618 5746 3680 5800 16

2116 5844 2457 5917 μαθητεῦσαι
2514 5846 2623 5907 τοῖς
2679 5843 2998 5913 κορυφαίοις
3059 5842 3164 5895 τῶν
3222 5841 3537 5895 ἀποστόλων
3585 5838 3680 5891 καὶ
