4470 6450
790 349 893 410 855

1825 359 2248 421 PHILOTHEI
2279 361 2391 424 ΟΡ.
2417 363 2926 424 ΡΑΤΒΙΑΗΟΗίΕ

3917 371 4019 435 856

788 461 1088 531 προύχουσι
1151 463 1362 527 τούτοις
1406 471 1615 536 προσῆν
1661 468 1755 524 καὶ
1785 471 1884 541 τὴν
1917 474 2025 526 τῶν
2052 474 2360 544 ἐκκλησιῶν
2387 482 2438 542 Α
2465 479 2849 548 φωτιζόμενοι,
2892 479 2986 531 καλ⁵
3026 478 3163 550 πρὸς
3213 477 3310 544 τὰς
3365 480 3513 551 ίεράς
3574 481 3897 552 ὑμνολογίας
3928 502 4019 538 τυ-

791 553 947 622 ίερὰν
998 557 1334 625 προστασίαν
1381 576 1438 610 τε
1487 560 1583 612 καὶ
1626 560 1985 630 δημαγωγίαν
2033 564 2125 617 ὑπ’
2177 566 2355 620 αὑτῶν

790 643 1172 712 πιστευθῆναι,
1209 645 1302 698 καὶ
1337 647 1692 701 ἀποστολικδν
1736 648 1835 718 μὶν
1876 649 2109 720 δραμεῖν
2154 651 2355 720 δρόμον

788 733 884 786 καὶ
930 734 1295 803 ἀμφοτέρους,
1342 738 1434 790 τὸν
1478 738 1664 807 ἕτερον
1717 737 1773 790 δέ
1819 738 2027 793 τούτων
2076 741 2351 811 ὑπερϐολῇ

789 824 1098 894 προθυμίας
1131 827 1421 897 ὑπερόριον
1454 829 1716 894 γεγονότα
1738 831 1831 882 καὶ
1867 831 2001 899 πρὸς
2040 832 2270 895 Ἰταλούς
2293 851 2352 886 τε

787 918 883 969 καὶ
913 917 1146 979 Γάλλους
1178 919 1488 982 ἐλαύνοντα,
1529 924 1863 992 μαρτυρικδν
1896 923 1987 976 ἐπὶ
2017 927 2147 979 πᾶσι
2178 926 2244 978 δι’
2270 928 2353 979 αῖ-

790 1025 958 1076 ματος
987 1010 1353 1078 ἀναδήσασθαι
1380 1013 1664 1078 στέφανον,
1685 1014 1772 1068 διά
1789 1031 1850 1080 γε
1871 1015 1940 1067 τὰ
1971 1017 2353 1086 προρρηθέντα

789 1101 949 1166 μόνα,
1006 1104 1118 1161 τοῖς
1171 1099 1365 1171 ἀκροές
1417 1104 1524 1157 τῶν
1563 1103 1828 1172 θεολόγων
1878 1107 1965 1159 καὶ
2014 1107 2352 1161 διδασκάλων

789 1190 1246 1258 συναριθμεῖσθαι
1272 1193 1381 1246 δεῖν
1407 1191 1545 1248 εῖναι
1576 1197 1672 1265 τῆς
1712 1197 1947 1266 Χριστοῦ
1997 1198 2346 1268 Ἐκκλησίας.

783 1282 898 1334 Νῦν
927 1283 981 1336 δὲ
1025 1285 1318 1352 πρόσεστιν
1348 1287 1574 1351 ἐκείνοις
1605 1290 1698 1340 καὶ
1725 1289 1917 1351 ταῦτα,
1960 1290 2101 1344 οὕτω
2129 1309 2210 1344 τοι
2253 1309 2349 1360 με·

781 1376 947 1441 γάλα,
983 1378 1076 1430 καὶ
1112 1378 1420 1446 θαυμαστὰ,
1453 1382 1545 1432 καὶ
1575 1381 1825 1435 πλείστου
1856 1383 2006 1453 παρά
2037 1387 2198 1438 πᾶσιν
2227 1387 2349 1451 ἀξια

784 1467 965 1535 λόγου,
1004 1470 1204 1537 μᾶλλον
1228 1471 1284 1524 δὲ
1320 1474 1411 1525 καὶ
1443 1472 1603 1540 λόγου
1635 1475 1726 1527 καὶ
1771 1476 2049 1544 θαύματος
2091 1481 2345 1548 κρείττω,

780 1561 858 1629 τῷ
913 1562 1084 1630 καινῷ
1132 1581 1272 1632 φημι
1315 1566 1657 1634 συνδυασμῷ,
1719 1568 1812 1619 καὶ
1866 1572 1930 1638 τῇ
1985 1570 2119 1639 πρὸς
2167 1575 2348 1626 ἐκεῖνα

782 1651 1054 1723 συνδρομῇ
1108 1654 1199 1707 καὶ
1250 1655 1464 1719 ἐνώσει,
1516 1657 1590 1718 ὼς
1637 1658 1744 1710 κάκ
1799 1659 1976 1727 μόνων
2003 1662 2111 1713 τῶν
2149 1663 2346 1730 ὀνομά-

780 1760 888 1796 των
918 1747 1134 1812 καὶτῆς
1167 1750 1544 1816 προσηγορίας
1590 1750 1858 1818 αίδέσιμοι
1904 1754 1998 1804 καὶ
2047 1753 2344 1822 ὑπερφυεῖς

2457 567 2739 636 πούμενοι,
2792 569 2927 638 πρὸς
2975 571 3036 622 τὺ
3070 571 3162 623 καὶ
3217 571 3349 640 όρᾷν
3399 571 3466 624 τά
3511 574 3841 642 συμμέτρως
3890 577 4021 645 ἡμῖν

2455 656 2524 710 δι’
2586 659 2766 712 αὐτῶν
2828 660 3147 731 δωρούμενα
3207 661 3473 731 θεαρχικά
3533 663 3724 732 φῶτα.
3775 665 3870 718 καὶ
3924 665 4019 735 τὴν

2454 749 2775 816 ἀγαθοδότιν
2829 753 3002 822 ἀρχὴν
3054 752 3271 822 ἀπάσης
3317 753 3466 822 ίερᾶς
3517 754 3730 822 ὑμνεῖν,
3771 756 3846 819 ὡς
3881 756 4018 824 αὑτὴ

2455 841 2583 908 περὶ
2619 842 2816 911 ἑαυτῆς
2851 843 2908 894 ἐν
2935 845 3048 905 τοῖς
3079 843 3243 910 ίεροῖς
3265 842 3466 909 λογίοις
3500 844 3875 912 παραδέδωκε.
3909 845 4019 897 Καὶ

2455 932 2617 984 πάλιν
2643 949 2656 961 θ
2695 933 2752 985 ΕΙ
2789 933 2886 1000 μὲν
2915 935 3024 1001 γάρ
3054 933 3172 985 ἐστί
3208 949 3291 995 τις
3328 933 3466 996 ὅλως
3504 935 3531 985 6
3560 937 3672 994 τοῖς
3704 933 3902 998 λογίοις
3926 935 4018 987 ἀν-

2452 1025 2865 1092 τανιστάμενος,
2912 1023 3101 1094 πόρρω
3153 1041 3255 1078 που
3301 1024 3520 1086 πάντως
3575 1024 3728 1076 ἐσται
3777 1025 3871 1077 καὶ
3918 1025 4016 1090 τῆς

2455 1116 2577 1184 καθ’
2607 1117 2748 1186 ἡμᾶς
2789 1119 3125 1185 φιλοσοφίας,
3157 1119 3250 1170 καὶ
3289 1119 3336 1170 εί
3377 1117 3450 1186 μὴ
3476 1119 3573 1188 τῆς
3601 1120 3662 1170 ἐκ
3688 1118 3794 1171 τῶν
3824 1118 4017 1184 λογίων

2452 1209 2600 1278 αὑτῷ
2625 1209 2909 1275 θεοσοφίας
2943 1211 3117 1279 μέλει,
3150 1211 3267 1272 πῶς
3312 1211 3378 1264 ἂν
3406 1213 3537 1280 ἡμῖν
3573 1211 3781 1282 μελήσῃ
3805 1211 3902 1278 τῆς
3924 1213 4016 1263 ἐπὶ

2449 1304 2549 1373 τὴν
2599 1300 2915 1372 θεολογικὴν
2956 1303 3270 1371 ἐπιστήμην
3309 1301 3473 1354 αὑτοῦ
3519 1303 3920 1374 χειραγῳγίας;
3955 1303 4015 1355 Εἰ

2450 1391 2506 1443 δὲ
2523 1393 2598 1454 είς
2629 1392 2724 1461 τὴν
2747 1391 2855 1444 τῶν
2883 1391 3078 1458 λογίων
3108 1390 3364 1460 ἀλήθειαν
3385 1392 3708 1457 ἀποσκοπεῖ,
3733 1391 3903 1459 τούτῳ
3925 1393 4016 1444 xal

2450 1483 2610 1552 ἡμεῖς
2627 1482 2806 1535 κανόνι
2828 1483 2921 1535 καὶ
2944 1483 3080 1551 φωτὶ
3105 1483 3400 1551 χρώμενοι,
3425 1483 3559 1551 πρὸς
3578 1483 3673 1552 τὴν
3697 1483 4014 1551 ἀπολογίαν,

2449 1571 2523 1633 ὡς
2553 1566 2665 1624 οἶόν
2703 1572 2760 1624 τέ
2793 1575 2980 1641 ἐσμεν,
3007 1571 3241 1632 ἀκλινῶς
3274 1571 3623 1640 βαδιούμεθα.

2520 1664 2629 1717 Καὶ
2670 1663 2882 1732 μακρὸν
2926 1663 2993 1716 ἀν
3028 1665 3136 1730 εῖη,
3173 1663 3266 1716 κα)⁸
3300 1664 3396 1731 τῆς
3449 1663 3596 1732 ὥρας
3625 1663 3759 1730 ἔξω,
3791 1664 3860 1717 τὰ
3919 1664 4013 1716 τοῦ

2449 1753 2700 1819 θεολόγου
2731 1755 2926 1806 τούτου
2974 1754 3150 1806 πάντα
3193 1753 3285 1805 νῦν
3317 1754 3444 1820 ἐξῆς
3493 1755 3837 1820 καταλέγειν,
3867 1754 4015 1818 ὅπως

777 1852 921 1898 τινες
958 1833 1095 1890 εἶναι
1127 1842 1237 1901 τοῖς
1283 1841 1436 1899 πᾶσι.
1474 1843 1564 1894 καὶ
1604 1843 1700 1908 τὴν
1732 1843 1934 1894 τούτων
1977 1844 2127 1912 ῖεράν
2162 1846 2342 1899 θεολο-
2378 1841 2416 1895 Β
2445 1859 2504 1894 τε
2559 1845 2651 1894 καὶ
2690 1844 2824 1895 ὅπου
2875 1842 2984 1896 τῶν
3019 1843 3178 1897 θείων
3223 1843 3454 1915 Γραφῶν
3489 1843 3545 1894 ἐν
3575 1845 3691 1904 ταῖς
3721 1844 3885 1897 αὑτοῦ
3920 1862 4014 1911 μει

780 1926 907 1994 γίαν
941 1947 998 1980 τε
1032 1931 1122 1983 καὶ
1152 1932 1218 1984 τά
1242 1932 1487 2001 δόγματα
1534 1932 1669 1985 Θεοῦ
1713 1933 1898 1999 φωνὰς
1944 1933 2220 2005 ἄντικρυς,
2254 1938 2349 1991 καὶ

780 2018 938 2085 λόγια
984 2020 1205 2090 δεύτερα
1253 2025 1346 2075 καὶ
1397 2024 1731 2092 νενομίσθαι,
1784 2026 1876 2076 καὶ
1926 2027 2236 2095 ὠνομάσθαι
2280 2031 2346 2099 τῇ

781 2112 947 2164 αὑτοῦ
996 2113 1318 2184 Ἐκκλησία.
1355 2115 1461 2167 Kal
1504 2115 1734 2169 τοιοῦτοι
1768 2118 1864 2186 μέν
1903 2117 1951 2170 οἱ
1980 2119 2238 2187 θεολόγοι,
2273 2122 2348 2185 ὡς

781 2201 842 2265 ἐξ
872 2201 1080 2271 ὀνύχων
1105 2208 1238 2271 φασὶ
1272 2205 1436 2269 δεῖξαι
1467 2207 1554 2260 τὸν
1600 2207 1808 2271 λέοντα,
1849 2211 1940 2262 καὶ
1987 2212 2175 2265 οὐδένα
2238 2213 2346 2266 τῶν

780 2293 1018 2345 εὐσεϐῶν
1042 2296 1288 2365 ἀντερεῖν
1311 2291 1463 2366 οἶμαι
1492 2300 1603 2360 τοῖς
1638 2299 1778 2368 ὑπὲρ
1807 2301 1985 2353 αὐτῶν
2013 2305 2342 2372 είρημένοιςο

779 2386 916 2453 πρὸς
965 2386 1019 2437 δὲ
1073 2387 1247 2458 τούτῳ
1279 2390 1494 2442 κάκεῖνο
1545 2391 1629 2443 δεῖ
1661 2395 1913 2462 συνορᾷν,
1962 2396 2108 2456 ὅπως
2139 2412 2198 2447 τε
2251 2400 2345 2450 καὶ

776 2478 898 2530 ὅθεν
929 2479 1142 2548 ἔχουσιν
1193 2484 1480 2535 ἐκεῖνοιτά
1536 2484 1654 2538 θεῖα
1685 2486 1778 2538 καὶ
1821 2486 1999 2555 ὑψηλὰ
2039 2486 2212 2540 ταῦτα
2243 2507 2344 2558 μα-

779 2570 981 2633 θόντες.
1019 2573 1214 2624 Καῖτοι
1291 2590 1354 2640 γε
1405 2575 1501 2628 καὶ
1563 2578 1816 2645 περιττόν
1847 2594 1961 2639 πως
2007 2573 2075 2649 ἦν
2104 2580 2196 2639 καὶ
2245 2582 2344 2643 τῆς

777 2664 967 2731 χρείας
989 2663 1091 2730 ἔξω
1130 2665 1188 2717 τὸ
1212 2665 1387 2718 ταῦτα
1419 2665 1602 2736 ζητεῖν
1628 2667 1756 2736 περὶ
1789 2667 1896 2720 τῶν
1931 2668 2211 2734 τοιούτων,
2239 2670 2342 2734 ἕως

777 2756 843 2807 ἀν
873 2757 1137 2825 ὁμιλητὰς
1180 2759 1378 2820 αὐτοὺς
1427 2761 1657 2830 είδῶμεν
1702 2763 1914 2816 Παύλου
1964 2767 2056 2816 καὶ
2095 2765 2341 2818 Ἰωάννου

776 2846 881 2898 τῶν
915 2848 1101 2917 ἀκρων
1134 2849 1372 2919 Χριστοῦ
1420 2852 1756 2916 ἀποστόλων,
1789 2855 1882 2906 καὶ
1935 2855 2216 2922 θεολόγων,
2269 2853 2342 2909 ὧν

774 2938 875 2991 οὐκ
923 2938 980 3002 ἐξ
1007 2940 1309 3008 ἀνθρώπων
1354 2942 1473 2994 οὐδὲ
1523 2943 1590 2995 δι’
1635 2943 1939 3014 ἀνθρώπων
1987 2946 2244 3016 ήκλῆσίς
2281 2965 2340 3000 τε

776 3033 870 3084 καὶ
899 3033 958 3084 τὸ
991 3034 1344 3101 Εὑαγγέλιον,
1391 3035 1508 3092 ἀλλ’
1543 3035 1602 3100 ἐξ
1647 3037 1818 3105 αὐτῆς
1859 3037 2104 3099 ἐνώσεώς
2139 3055 2198 3090 τε
2247 3041 2342 3092 καὶ

774 3123 992 3188 ὁμιλίας
1027 3124 1283 3193 Χριστοῦ.
1327 3127 1474 3178 Ἐπεὶ
1504 3128 1558 3180 δὲ
1594 3128 1893 3182 οὐδὲτοῦτο
1930 3129 2138 3194 διδάξαι
2163 3131 2338 3200 παρῆ-

774 3232 874 3266 καν
899 3216 948 3266 οῖ
978 3216 1244 3285 θεολόγοι,
1279 3219 1573 3284 σκοπῶμεν
1607 3219 1701 3271 καὶ
1738 3218 1915 3274 τοῦτο.

843 3305 886 3356 Τ
894 3306 1091 3373 ρισσῶς
1135 3323 1267 3376 φησι
1316 3308 1455 3361 κατά
1493 3309 1728 3377 τρόπους
1765 3310 1858 3362 καὶ
1898 3312 2086 3379 λόγους
2122 3315 2271 3381 τρεῖς
2315 3316 2342 3366 6

777 3398 918 3466 ίερδς
961 3401 1234 3462 Διονύσιος
1279 3400 1440 3453 αὐτόν
1483 3415 1540 3452 τε
1571 3401 1662 3453 καὶ
1707 3404 1797 3454 τὸν
1832 3402 2041 3455 κλεινὸν
2083 3404 2341 3473 ’Ῑερόθεον

773 3492 868 3561 τὴν
887 3493 1034 3546 θείαν
1049 3495 1276 3563 ταυτηνὶ
1300 3493 1572 3563 μυηθῆναι
1593 3493 1888 3562 θεολογίαν,
1912 3497 2159 3566 καθάπερ
2180 3497 2344 3565 ηκού-

775 3602 946 3653 σαμεν
963 3588 1063 3657 ἢδη
1085 3603 1098 3618 ο
1121 3588 1199 3639 ἐνὶ
1228 3587 1325 3655 μὲν
1348 3588 1424 3657 τῷ
1454 3590 1560 3641 τῶν
1575 3590 1757 3659 ἄκρων
1778 3591 2092 3643 ἀποστόλων
2117 3593 2340 3644 ἐκείνων

771 3678 1040 3746 ὁμιλητάς
1061 3679 1256 3740 αὐτοὺς
1281 3697 1637 3748 χρηματιςαι,
1658 3681 1751 3732 καὶ
1780 3680 1926 3733 τοῦτ’
1952 3682 2099 3733 ἔστιν
2122 3682 2339 3734 ἀκούειν

773 3773 830 3821 ἐν
875 3771 992 3831 ταῖς
1040 3769 1340 3838 θεολογίαις
1398 3771 1598 3835 αὐτοῦ,
1638 3773 1814 3823 πυκνὰ
1847 3772 1973 3833 τοὺς
2011 3773 2340 3836 ἀποστόλους

770 3860 864 3911 καὶ
893 3860 1245 3923 διδασκάλους
1275 3861 1676 3930 προῖοταμένου
1701 3904 1714 3929 ,
1739 3864 1832 3914 καὶ
1852 3863 1948 3924 τὰς
1977 3863 2125 3932 ίεράς
2159 3879 2338 3933 παρα-

770 3952 944 4014 δόσεις
977 3953 1217 4016 ἐκείνων,
1239 3954 1333 4005 καὶ
1363 3956 1458 4005 νῦν
1486 3954 1582 4021 μὲν
1600 3953 1823 4022 ὀνόματι
1845 3955 2010 4023 κοινῷ
2036 3955 2336 4022 θεολόγους,

771 4045 862 4096 καὶ
891 4045 1242 4107 ἀποστόλους.
1269 4046 1362 4098 καὶ
1391 4045 1738 4114 ίερομύστας,
1759 4047 1851 4099 xal
1879 4047 2218 4119 καθηγητὰς,
2243 4050 2337 4102 καὶ

773 4135 1239 4204 τεροδιδασκάλους
1271 4135 1690 4202 ἀποκαλοῦντος,
1718 4137 1811 4189 νῦν
1837 4138 1891 4190 δὲ
1924 4139 2018 4192 καὶ
2053 4140 2333 4206 ὀνομαστὶ,

768 4227 860 4279 καὶ
894 4227 1126 4295 μάλιστα
1159 4226 1370 4279 Παύλου
1396 4226 1490 4278 τοῦ
1525 4229 1824 4296 κορυφαίου
1847 4228 1953 4280 τῶν
1979 4229 2334 4296 διδασκάλων,

770 4319 909 4388 μετά
931 4319 1187 4388 πλείστης
1216 4320 1346 4388 ὅσης
1372 4319 1468 4387 τῆς
1497 4317 1774 4382 ἀξιώσεως
1794 4320 2147 4389 μεμνημένου
2177 4334 2189 4349 ⁶
2218 4321 2338 4374 δευ-

767 4410 908 4479 τέρῳ
948 4408 1003 4461 δὲ
1034 4409 1107 4475 τῷ
1146 4411 1206 4462 ὲκ
1243 4411 1349 4462 τῶν
1380 4410 1539 4462 θείων
1566 4411 1651 4462 ἀεὶ
1676 4412 1931 4480 Γραφῶν,
1957 4413 2046 4464 καὶ
2079 4413 2183 4465 τῶν
2204 4414 2336 4466 ταύ-

767 4519 885 4564 ταις
908 4501 1204 4556 δοκούντων
1226 4501 1629 4571 όρμάσθαι,καὶ
1658 4503 1824 4571 μηδὲν
1856 4503 2175 4572 ἐπιχειρεῖν,
2197 4503 2330 4574 μηδὲ
2366 4539 2408 4594 D

767 4592 1075 4660 λογίζεσθαι
1110 4592 1396 4661 μηδοτιοῦν
1424 4593 1572 4662 παρά
1604 4595 1702 4658 τὴν
1726 4593 1834 4646 τῶν
1878 4593 2072 4662 λογίων
2109 4595 2332 4648 ἀκολου-

768 4683 888 4735 om
918 4699 977 4734 τε
1008 4682 1099 4734 και
1131 4665 1431 4749 θεολογίαν.
1462 4683 1642 4734 Ἔστω
1670 4684 1762 4735 καὶ
1791 4684 1898 4752 γὰρ
1927 4685 2057 4752 ἡμῖν
2087 4686 2181 4738 καὶ
2217 4685 2331 4748 νῦν,

767 4774 953 4842 φησὶν,
993 4774 1021 4825 6
1056 4773 1161 4826 τῶν
1192 4773 1389 4840 λογίων
1419 4772 1620 4841 θεσμὸς
1648 4775 2115 4844 προδιωρισμένος
2147 4777 2206 4827 τὸ
2239 4776 2334 4843 τὴν

767 4866 1024 4935 ἀλήθειαν
1049 4867 1193 4935 ἡμᾶς
1223 4864 1631 4934 καταδήσασθαι
1654 4865 1762 4918 τῶν
1795 4867 1921 4934 περὶ
1944 4866 2079 4919 Θεοῦ
2111 4867 2336 4935 λεγομέ-

769 4977 893 5021 νων,
927 4959 1026 5010 ούκ
1062 4959 1116 5009 ἐν
1148 4959 1354 5020 πειθοῖς
1390 4959 1580 5026 σοφίας
1618 4957 1967 5026 ἀνθρωπίνης
2002 4958 2198 5025 λόγοις,
2220 4958 2334 5010 ἀλλ’

770 5057 825 5104 ὲν
848 5051 1119 5114 ἀποδείξει
1147 5052 1246 5118 τῆς
1282 5053 1780 5119 πνευματοκινήτου
1810 5053 1916 5103 τῶν
1949 5052 2210 5118 θεολόγων
2245 5053 2334 5104 δυιι

768 5145 1002 5212 νάμεως.
1036 5144 1141 5196 Kal
1167 5141 1342 5205 αὖθις·
1370 5142 1613 5194 Καθόλου
1637 5142 1923 5212 τοιγαροῦν
1950 5142 2008 5193 οὑ
2042 5142 2334 5210 τολμητέον

767 5237 970 5300 εἰπεῖν,
1003 5233 1125 5285 οὕτε
1177 5233 1283 5303 μὴν
1314 5235 1636 5303 ἐννοῆσαίτι
1687 5234 1812 5300 π;ρὶ
1860 5235 1954 5299 τῆς
2006 5234 2331 5295 ὑπερουσίνρυ

767 5329 860 5379 καὶ
902 5327 1138 5396 κρυφίας
1194 5325 1444 5394 θεότητος
1496 5327 1647 5393 παρὰ
1693 5327 1758 5377 τὰ
1807 5325 2040 5386 eamea),-
2084 5326 2213 5392 ἡμῖν
2272 5327 2332 5376 ἐκ

766 5419 876 5470 τῶν
934 5419 1090 5471 θείων
1125 5417 1321 5484 λογίων
1380 5419 1787 5486 ἐκπεφασμένα.
1848 5419 1954 5469 Καὶ
2005 5417 2194 5468 πάλιν·
2256 5416 2334 5470 Τὸ.

766 5510 821 5562 δέ
855 5508 1071 5580 ἄρρητα
1130 5509 1368 5577 σώφρονι
1417 5512 1544 5578 σιγῇ
1602 5509 1902 5576 τιμῶντες,
1962 5511 2051 5559 ἐπὶ
2093 5511 2188 5570 τὶις
2244 5509 2332 5560 ἐλ-

771 5601 1252 5669 λαμπούσαςὴμῖν
1300 5602 1354 5652 ἐν
1394 5602 1504 5662 τοῖς
1537 5601 1698 5668 ῑεροῖς
1748 5601 1945 5667 λογίοις
1996 5601 2163 5666 αὐγὰς
2210 5601 2332 5652 ἀνα·

767 5691 1076 5761 τεινόμεθα,
1121 5690 1214 5744 xal
1273 5690 1407 5757 πρὸς
1430 5690 1608 5743 αὐτῶν
1651 5689 2154 5760 φωταγωγούμεθα,
2200 5690 2333 5758 πρδς

769 5785 894 5848 τοὺς
938 5782 1262 5856 θεαρχικοὺς
1313 5782 1512 5852 ὕμνους
1568 5784 1658 5836 ὑπ’
1708 5784 1885 5838 αὐτῶν
1946 5785 2386 5852 ὑπερκοσίι.ί‹ι›;·.

2454 1935 2730 2003 μνημένος
2780 1935 2867 2004 είη
2908 1935 3210 2002 θεολογίαις
3261 1935 3354 2003 τῆς
3401 1936 3550 2004 ίεράς
3606 1934 3769 1987 αὑτοῦ
3831 1935 4014 2003 πάσης

2449 2025 2584 2092 ὁμοῦ
2621 2024 3004 2092 πραγματείας
3032 2022 3122 2075 ὑπ’
3151 2022 3271 2090 ὄψιν
3305 2023 3475 2076 ἀπασι
3503 2024 3890 2092 προκειμένης,
3921 2027 4014 2076 xal

2448 2113 2547 2182 τὴν
2582 2115 2690 2166 τῶν
2717 2115 3088 2182 Εὑαγγελίων,
3124 2115 3218 2167 καὶ
3245 2115 3557 2168 ἀποστόλων
3590 2115 3683 2166 καὶ
3723 2116 4012 2183 προφητῶν

2451 2206 2792 2273 συμφωνίαν,
2824 2207 2918 2259 καὶ
2958 2204 3108 2275 ρητῷ
3144 2223 3310 2274 φημι,
3343 2207 3434 2258 καὶ
3461 2206 3691 2276 διανοίᾳ,
3723 2207 3815 2258 καὶ
3848 2207 4012 2258 πᾶσιν

2447 2290 2528 2358 οἷς
2563 2295 2764 2362 ἔξεστι,
2813 2297 3082 2367 λαμπρῶς
3132 2297 3635 2366 ἀνακηρυττούυής.
3691 2297 3890 2350 Λοιπὸν
3934 2297 4012 2349 ἔτι

2447 2387 2539 2440 καὶ
2562 2390 2740 2458 τρίτον
2764 2389 2945 2450 αὐτοῖς
2968 2391 3082 2441 ἐστι
3109 2388 3240 2456 πρὸς
3255 2389 3348 2456 τὴν
3373 2389 3470 2457 τῆς
3496 2386 3808 2455 ὑπερφυοῦς
3836 2386 4011 2438 θεολοο

2446 2481 2569 2545 γίας
2620 2480 3032 2547 μυσταγωγίαν,
3071 2473 3112 2547 ᾧ
3145 2479 3208 2548 δὴ
3250 2482 3341 2533 καὶ
3384 2479 3492 2532 τῶν
3532 2480 3798 2532 πλείστων
3845 2479 4012 2548 ὑπερ-

2446 2570 2660 2638 έχοντες
2710 2571 3066 2635 διδασκάλων,
3109 2575 3220 2634 τοῖς
3270 2574 3489 2633 οἰκείοις
3530 2575 3908 2640 μυσταγωγοῖς
3950 2589 4007 2623 τε

2445 2665 2539 2713 καὶ
2573 2663 2890 2731 κορυφαίοις
2916 2664 3252 2732 ἁμιλλῶνται
3288 2665 3395 2717 τῶν
3421 2663 3752 2723 ἀποστόλων,
3784 2666 3814 2732 ἡ
3849 2664 4009 2731 καινὴ

2443 2750 2554 2803 τῶν
2601 2753 2916 2820 μυστηρίων
2948 2752 3154 2804 ἀνωθεν
3194 2753 3535 2822 ἀποκάλυψις
3584 2753 3649 2804 δι’
3690 2752 4010 2822 ἐλλάμψεως

2445 2844 2596 2910 ἱερᾶς
2623 2861 2765 2913 φημι
2790 2845 2885 2897 καὶ
2915 2843 3163 2911 γνώσεως
3189 2846 3485 2911 ἀγνώστου,
3511 2844 3606 2898 καὶ
3636 2846 3877 2902 ἐνώσεως
3901 2864 4011 2897 νοε-

2447 2935 2545 3002 ρᾶς
2574 2935 2884 3004 ὑπερφυοῦς
2914 2951 2969 2987 τε
3003 2937 3096 2988 καὶ
3117 2937 3456 3007 ἀπορρήτου,
3491 2937 3610 2989 καθ’
3637 2937 3702 3007 ἢν
3733 2937 3980 2989 ἀποκαλύ

2445 3043 2638 3078 πτεται
2672 3028 2741 3079 τὰ
2790 3031 3065 3097 μυστήρια
3111 3033 3222 3092 τοῖς
3265 3029 3572 3083 θεοειδέσιν.
3616 3031 3717 3083 Ἢν
3766 3032 3792 3082 ό
3847 3030 4008 3097 σοφός

2444 3117 2716 3180 Διονύσιος
2763 3120 2819 3171 ἐν
2853 3121 2951 3188 μὲν
3002 3123 3110 3183 τοῖς
3151 3121 3386 3189 φθάσασι
3429 3122 3718 3184 διδάσκων,
3753 3123 4006 3191 καθάπερ

2369 3195 2411 3251 C
2445 3210 2794 3280 ἠκούσαμεν,
2828 3211 2956 3280 περὶ
2997 3213 3096 3276 μὲν
3125 3212 3289 3274 αὐτὸς
3336 3211 3551 3275 ἑαυτοῦ,
3598 3213 3756 3266 Ἀλλά
3804 3213 4008 3265 τούτων

2446 3305 2567 3372 μὲν,
2607 3305 2760 3373 φησὶ,
2791 3305 2899 3356 τῶν
2931 3305 3175 3357 ἐνὼσεὼν
3207 3323 3262 3357 τε
3299 3309 3390 3358 καὶ
3432 3306 3777 3377 διακρίσεων,
3810 3309 3906 3359 ὅσα
3950 3309 4005 3357 ἐν

2443 3397 2555 3456 τοῖς
2605 3394 2804 3462 λογίοις
2837 3394 3161 3464 θεοπρεπεῖς
3190 3397 3368 3459 αἰτίας
3410 3396 3747 3465 εὑρήκαμεν,
3789 3399 3843 3448 ἐν
3889 3401 4005 3460 ταῖς

2444 3485 2776 3552 θεολογικαῖς
2814 3486 3224 3539 ὑποτυπώσεσιν
3258 3488 3361 3556 ίδίᾳ
3391 3489 3519 3557 περὶ
3552 3488 3778 3541 ἑκάστου
3819 3488 4003 3540 6:11a-

2444 3576 2648 3640 δόντες,
2694 3575 2765 3637 ὼς
2803 3577 3018 3644 ἐφικτὸν
3051 3577 3366 3645 ἐξεθέμεθα,
3405 3578 3472 3630 τὰ
3530 3577 3632 3645 μὲν
3663 3579 4005 3643 ἀνελίξαντες

2441 3659 2516 3727 τῷ
2543 3661 2730 3730 ἀληθεῖ
2750 3661 2911 3732 λόγῳ,
2945 3664 3035 3715 καὶ
3061 3664 3483 3732 ἀναπτύξαντες,
3517 3668 3606 3718 καὶ
3634 3667 3723 3719 τὸν
3749 3669 3890 3735 ἱερὸν
3914 3672 4005 3720 καὶ

2441 3750 2840 3802 ἀνεπιθόλωτον
2871 3750 2993 3803 νοῦν
3019 3754 3110 3804 ἐπὶ
3141 3754 3205 3805 τὰ
3239 3754 3382 3820 φανά
3413 3753 3519 3807 τῶν
3539 3754 3731 3819 λογίων
3758 3755 4003 3822 θεάματα

2441 3844 2907 3910 προσαγαγόντες,
2938 3845 3049 3905 τοῖς
3073 3843 3126 3895 δὲ
3157 3843 3231 3904 ὼς
3265 3847 3542 3912 μυστικοῖς
3562 3846 3698 3896 κατὰ
3734 3845 3830 3912 τὴν
3853 3846 4003 3897 Θεία)

2440 3933 2741 4002 παράδοσιν
2778 3935 2916 4004 ὑπὲρ
2955 3936 3147 4002 νοεράν
3181 3936 3460 4003 ἐνέργειαν
3491 3935 3861 3997 ἐπιϐαλόντες.
3911 3937 3998 3988 Ἐν

2439 4024 2493 4077 δὲ
2525 4025 2599 4093 τῷ
2632 4025 2842 4096 ἑϐδόμῳ
2867 4025 3145 4094 κεφαλαίῳ
3169 4025 3260 4077 τοῦ
3299 4027 3460 4079 αὑτοῦ
3495 4027 3700 4096 βιὸλίου
3738 4028 3996 4097 περὶτῶν

2439 4118 2620 4171 αὑτῶν
2650 4119 2828 4172 τοιάδε
2876 4119 3010 4186 φησί
3042 4134 3055 4148 θ
3088 4119 3196 4170 Kal
3228 4120 3290 4170 ἐκ
3318 4119 3424 4170 τῶν
3473 4119 3640 4172 ὄντων
3680 4121 3933 4173 ἁπάντων
3975 4123 4001 4174 6

2439 4210 2569 4272 Θεὸς
2604 4211 2877 4280 ὑμνεῖται,
2896 4212 3034 4264 κατὰ
3061 4211 3160 4281 τὴν
3188 4210 3403 4263 πάντων
3429 4213 3718 4278 ἀναλογίαν
3752 4205 3826 4265 ὧν
3855 4213 4001 4263 ἐστιν

2439 4303 2631 4366 αῖτιος,
2676 4303 2770 4356 καὶ
2806 4303 2951 4355 ἐστιν
2989 4303 3143 4365 αὖθις
3176 4307 3207 4373 η
3255 4303 3505 4372 θειοτάτη
3566 4302 3699 4355 θεοῦ
3735 4302 3930 4370 γνῶσις
3968 4305 3999 4371 ἡ

2436 4394 2505 4448 δι’
2538 4395 2810 4461 ἀγνωσίας
2841 4395 3222 4464 γινωσκομένη
3256 4395 3394 4447 κατὰ
3425 4395 3522 4463 τὴν
3548 4394 3684 4462 ὺπέρ
3718 4394 3840 4445 νοῦν
3872 4395 4000 4446 ῖνω-

2441 4500 2545 4549 σιν,
2573 4483 2700 4536 ὅταν
2735 4484 2762 4536 6
2795 4483 2916 4547 νοῦς
2935 4484 3040 4536 τῶν
3073 4484 3240 4536 ὄντων
3272 4484 3488 4537 πάντων
3520 4483 3780 4547 ἀποστὰς,
3809 4483 3997 4536 ἒπειτα

2437 4576 2532 4628 καὶ
2565 4576 2756 4629 ἑαυτὸν
2806 4575 2986 4642 ἀφεὶς,
3017 4574 3188 4643 umor,
3219 4576 3337 4635 ταῖς
3388 4573 3722 4643 ὑπερφαέσιν
3762 4577 3996 4639 ἀκτῖσιν,

2435 4668 2647 4720 ἐκεῖθεν
2680 4668 2775 4720 καὶ
2815 4669 2932 4719 ἐκεῖ
2957 4668 3033 4736 τῷ
3066 4667 3468 4734 ἀνεξερευνήτῳ
3501 4665 3650 4732 βάθει
3681 4666 3774 4733 τῆς
3809 4667 3998 4732 σοφίας

2436 4759 2951 4828 καταλαμπόμενος.
3007 4759 3140 4826 Περὶ
3175 4757 3231 4810 δέ
3283 4774 3343 4826 γε
3388 4757 3480 4809 τοῦ
3526 4758 3668 4809 θείου
3733 4757 3994 4825 ἰεροθὲου

2434 4853 2607 4906 ταῦτά
2636 4870 2802 4922 φησιν
2829 4867 2842 4881 ·
2874 4853 2995 4904 Εῖτε
3020 4853 3154 4920 πρὸς
3182 4849 3288 4902 τῶν
3324 4850 3485 4918 ίερῶν
3515 4849 3779 4915 θεολόγων
3811 4852 3996 4918 παρεί-

2434 4944 2629 5012 ληφεν,
2681 4945 2789 4994 εἴτε
2824 4944 2916 4995 καὶ
2947 4945 3008 4995 ἐκ
3043 4943 3142 5010 τῆς
3171 4943 3608 5010 ἐπιστημονικῆς
3645 4940 3754 4990 τῶν
3803 4940 3997 5008 λογίων

2435 5039 2662 5108 ἐρεύνης
2682 5038 3047 5103 συνεώρακεν,
3069 5036 3128 5086 ἐκ
3145 5034 3240 5101 τῆς
3261 5033 3461 5100 πολλῆς
3483 5034 3610 5100 περὶ
3638 5034 3775 5084 αὐτὰ
3797 5049 3998 5100 γυμναο

2437 5131 2556 5191 σίας
2593 5132 2687 5182 καὶ
2718 5129 2927 5199 τριϐῆς,
2962 5127 3068 5179 εἴτε
3100 5127 3192 5178 καὶ
3225 5127 3285 5177 ἐκ
3310 5142 3451 5185 τινος
3478 5124 3692 5194 ἐμυήθη
3719 5124 3997 5193 θειοτέρας

2435 5223 2740 5285 ἐπιπνοίας,
2767 5221 2825 5272 οὺ
2848 5220 3006 5289 μόνον
3039 5220 3244 5286 μαθων,
3278 5218 3411 5270 ἀλλὰ
3433 5220 3521 5269 καὶ
3549 5218 3735 5270 παθὼν
3763 5219 3828 5269 τα
3853 5217 3993 5280 θεῖα,

2435 5317 2540 5367 κάκ
2570 5315 2666 5381 τῆς
2701 5314 2836 5382 πρὸς
2862 5311 3001 5365 αὑτά
3033 5309 3400 5377 συμπαθείας,
3429 5312 3474 5361 εί
3507 5310 3645 5362 οὕτω
3677 5311 3779 5378 χρὴ
3814 5311 3997 5376 φάναι,

2435 5404 2569 5473 πρὸς
2603 5404 2701 5470 τὴν
2748 5403 3029 5454 ἀδίδακτον
3065 5402 3264 5462 αύτῷ-λ,
3308 5404 3401 5455 καὶ
3434 5401 3698 5471 μυστικὴν
3738 5401 3997 5454 ἀποτελε-

2437 5500 2582 5559 σθεὶς
2622 5497 2814 5549 ἐνωσιν
2841 5498 2935 5548 καὶ
2969 5495 3391 5547 πίστιν.’ῖόύτων
3423 5493 3592 5556 οὕτως
3628 5496 3874 5563 ἐχόντων,
3909 5496 3997 5546 καὶ

2434 5591 2691 5657 τοιαύτης
2744 5589 2843 5658 μὲν
2888 5589 2987 5654 τῆς
3023 5589 3172 5656 ἱερᾶς
3223 5585 3388 5656 οὔσης
3425 5587 3721 5654 θεολογίας,
3768 5587 3861 5638 καὶ
3892 5586 3999 5638 τῶν

2437 5684 2774 5752 μυστηρίων,
2811 5682 2932 5749 περὶ
2962 5674 3035 5732 ὧν
3069 5678 3419 5746 σκοπούμεθα
3465 5678 3583 5737 νῦν.
3637 5676 3893 5729 τοιούτων
3943 5677 3997 5728 δὲ

2436 5775 2539 5828 τῶν
2560 5775 2821 5841 θεολόγων
2846 5774 3072 5828 τουτωνὶ
3095 5790 3124 5825 κ
3146 5773 3180 5823 -.l
3195 5771 3471 5842 κηρύκων,
3493 5769 3818 5841 τηλικαύτης
3837 5770 3888 5822 δὲ
3909 5771 3997 5821 καὶ
