4414 6456
450 374 555 436 857
882 395 893 403 ·
1246 379 1546 445 CONTRA
1577 385 2006 451 GREGORAM
2039 390 2813 454 ANTIRRHETICORUM.
2836 392 2904 454 V.
3354 393 3358 396 ’
3576 397 3684 459 858

442 490 544 556 τῆς
578 490 984 560 μυσταγωγίας,
1011 492 1130 562 μεθ’
1149 485 1216 567 ἦς
1239 497 1330 550 ἐπὶ
1356 499 1482 564 τοὺς
1510 500 1700 569 λόγους
1732 498 1894 573 ἦλθον
1922 505 2018 557 αὑ·-
2043 507 2094 566 Λ
2121 506 2215 560 καὶ
2244 506 2342 564 τάς
2389 505 2782 569 θεοπνεύστους
2825 505 2937 560 τῶν
2978 505 3175 574 λογίων
3222 508 3552 580 μαρτυρίας.
3590 513 3685 566 καὶ

441 582 525 636 τοὶ
541 581 780 647 τούτους,
808 582 1114 654 ἀξιώσομεν
1150 585 1243 640 νῦν
1269 589 1428 658 ἡμεῖς
1455 593 1580 655 τοὺς
1602 595 1730 664 περὶ
1761 594 1852 647 τὸν
1877 595 2023 663 φιλό-
2123 595 2186 666 δὴ
2221 596 2314 650 καὶ
2362 597 2459 660 τὰς
2503 597 2654 668 ίεράς
2704 597 3078 668 ἀποκαλύψεις
3111 601 3266 667 φασὶ,
3303 602 3430 670 περὶ
3473 602 3529 655 δι
3574 600 3686 656 τῶν

446 686 608 736 σοφον
633 672 939 742 Γρηγορᾶν,
973 676 1028 728 τί
1055 676 1184 747 περ)⁸
1216 678 1422 733 τούτων
1449 682 1695 746 ἀξιοῦσιν
1718 686 1913 742 είπείν.
1956 685 2019 742 El
2119 687 2390 758 δευτέρων
2419 687 2625 741 τούτων
2655 689 2808 742 οὐδέν
2838 706 2889 742 τι
2919 690 3029 742 τῶν
3053 691 3362 761 εἰρημένων
3387 692 3682 755 οὑδοτιοῦν,

447 763 546 832 μιν
577 765 685 835 γὰρ
714 767 986 822 πείθονται
1020 771 1232 834 τούτοις
1258 791 1317 826 τε
1362 779 1475 837 τοῖς
1507 777 1607 846 ἤδη
1639 778 1853 848 ῥηθεῖσι
1874 820 1889 845 ,
1922 784 2017 835 καὶ
2119 777 2258 830 Ιστω
2295 777 2466 832 ταῦτα
2498 779 2635 833 κατά
2676 779 2769 832 τδν
2804 780 3069 849 ὑμέτερον
3108 783 3286 850 λόγον,
3313 783 3407 835 καὶ
3436 786 3684 836 πιστευέ-

444 856 608 931 πεῖσιν
635 856 761 925 ἑξῆς
778 859 874 912 ὅσα
899 862 1025 946 περὶ
1053 864 1162 915 τῶν
1193 865 1373 917 αὑτῶν
1401 869 1448 918 οἱ
1482 869 1718 935 Ιῖατέρες
1755 862 1898 924 οὗτοι
1922 874 2020 940 τῆς
2119 870 2334 923 σθωσαν
2368 871 2466 940 μὶν
2496 872 2554 923 ἐν
2601 872 2854 936 ἐκείνοις,
2905 873 3354 926 ἀπιστείσθωσαν
3386 873 3432 925 δ’
3467 874 3524 925 έν
3563 873 3684 925 τού-

453 946 780 1015 Ἑκκλησίας
829 952 967 1005 κατά
1000 954 1165 1026 μέρος
1213 955 1526 1024 θεολογοῦσι
1571 960 1657 1013 διὰ
1688 961 1888 1024 παντὸς
1919 962 2015 1015 τοῦ

439 1042 664 1111 βιϐλίου,
704 1046 898 1116 ἔχομεν
949 1050 1008 1102 τὸ
1051 1050 1387 1120 ζητούμενον
1431 1055 1564 1123 ήδη,
1603 1057 1697 1109 καὶ
1756 1057 1878 1111 οὑδὲ
1910 1075 2018 1111 πυ-

439 1133 626 1229 κτίων,
677 1135 796 1188 οὑδὲ
842 1138 1013 1229 λόγων
1047 1142 1251 1209 ἑτέρων
1283 1144 1470 1211 σχεδὸν
1515 1146 1696 1214 χρεία.
1730 1147 1874 1201 Αὐτὸ
1905 1149 2015 1219 γάρ

435 1223 614 1287 τοῦτο,
652 1228 742 1279 καὶ
763 1223 865 1279 οὑκ
892 1228 1021 1280 ἄλλο
1056 1232 1254 1292 σκοπός
1284 1234 1402 1285 ἐστι
1432 1237 1546 1297 τοῖς
1575 1235 1852 1303 θεολόγοις
1882 1238 2012 1291 τού-

435 1329 548 1374 τοις
595 1314 653 1366 έν
703 1315 780 1386 τῷ
813 1319 1041 1388 παρόντι
1073 1323 1214 1391 φημί¹
1262 1323 1368 1377 τῶν
1391 1323 1550 1378 θείων
1585 1328 1869 1398 ὀνομάτων
1929 1330 2011 1401 βι-

436 1404 588 1473 ϐλίῳ,
609 1407 668 1459 τὸ
700 1409 827 1478 περὶ
855 1411 963 1462 τῶν
995 1413 1240 1479 φυσικῶν
1269 1415 1362 1469 τοῦ
1387 1417 1522 1470 Θεοῦ
1547 1419 1890 1492 θεολογῆσαι,
1919 1428 2012 1480 καὶ

433 1495 494 1547 τὸ
527 1496 803 1566 ἡνωμένον
828 1501 963 1570 ὁμοῦ
993 1505 1086 1555 καὶ
1115 1503 1530 1576 διακεκριμένον
1554 1512 1730 1565 αὑτῶν
1746 1514 1886 1583 πρὸς
1910 1515 2010 1585 τὴν

434 1586 586 1641 θείαν
618 1591 778 1657 φύσιν
829 1594 1029 1656 είπεῖν,
1066 1597 1157 1648 καὶ.
1188 1599 1478 1666 ὀνομάσαι,
1528 1603 1620 1654 καὶ
1673 1603 2005 1674 ἀνυμνῆσαι,

431 1680 739 1747 καὶδιδςὶξαι
769 1683 1021 1752 καθάπερ
1044 1688 1400 1758 ἐδιδάχθησαν
1434 1691 1606 1745 ταῦτα
1634 1695 1733 1763 τὴν
1765 1697 2004 1766 Χριστοῦ

445 1771 805 1841 Ἐκκλησίαν,
841 1778 967 1845 περὶ
1001 1772 1074 1830 ὧν
1105 1779 1277 1849 δήπου
1324 1782 1418 1836 καὶ
1455 1785 1610 1852 ἡμεῖς
1641 1786 1738 1839 νῦν
1773 1791 2007 1844 σκοποῦ-

434 1880 564 1930 μεν·
601 1868 648 1918 εί
679 1868 720 1919 δ’
754 1868 1098 1936 ἀπιστοῦσιν,
1136 1872 1196 1925 οὑ
1246 1875 1381 1943 πρὸς
1427 1877 1648 1942 αὑτοὺς,
1697 1881 1831 1934 ἀλλά
1864 1885 2002 1952 προς

433 1957 610 2009 πᾶσαν
644 1959 776 2026 ὁμοῦ
829 1961 928 2030 τὴν
959 1962 1320 2035 εὑαγγελικὴν
1341 2007 1358 2031 ,
1413 1969 1504 2020 καὶ
1537 1969 1904 2043 ἀποστολικήν
1942 1993 2000 2028 τε

430 2049 527 2100 καὶ
575 2053 916 2121 προφητικὴν
980 2054 1278 2122 θεολογίαν,
1347 2062 1440 2112 καὶ
1491 2061 1582 2116 τὸν
1644 2063 1700 2116 έν
1744 2065 1880 2136 αὑτῇ
1941 2084 2000 2120 τε

430 2139 524 2190 καὶ
584 2144 787 2204 τούτοις
842 2143 1150 2215 λαλήσαντα
1219 2148 1388 2214 Θεὸν,
1449 2153 1517 2206 τά
1577 2154 1679 2223 τῆς
1738 2158 1998 2222 ἀπιστίας

431 2230 681 2301 καθαρῶς
702 2236 983 2288 διαϐαίνει.
1023 2239 1130 2291 Καὶ
1168 2241 1250 2304 τίς
1268 2242 1347 2294 ἔτι
1375 2245 1511 2314 πρός
1545 2261 1607 2312 γε
1654 2249 1780 2311 τοὺς
1821 2251 1996 2303 τοιού-

428 2339 552 2386 τους
607 2325 762 2392 λόγος
800 2330 964 2396 ἡμῖν,
997 2334 1089 2382 καὶ
1143 2333 1315 2385 ταῦτα
1378 2337 1508 2403 περὶ
1572 2338 1871 2406 τοιούτων;
1931 2343 1999 2395 ’Δ

431 2416 558 2484 γὰρ,
603 2421 786 2487 φησὶν,
830 2422 856 2472 ό
907 2421 1068 2490 νόμος
1093 2423 1263 2487 λαλεῖ,
1299 2429 1408 2489 τοῖς
1442 2429 1499 2480 εν
1528 2428 1606 2495 τῷ
1629 2431 1778 2501 νόμῳ
1823 2433 1996 2498 λαλεῖ,

430 2511 539 2572 τοῖς
571 2511 699 2576 γοῦν
728 2511 1017 2566 ἀπιστοῦσι
1062 2518 1184 2585 περὶ
1215 2519 1312 2587 τῆς
1344 2520 1468 2588 ὅλης
1499 2521 1768 2592 θεότητος,
1800 2526 1881 2578 ὅτι
1907 2527 2000 2579 καὶΙ

433 2601 598 2668 μονάς
629 2601 763 2662 ἐστι,
793 2604 885 2654 καὶ
912 2603 1091 2671 τριάς,
1116 2607 1208 2658 καὶ
1235 2609 1315 2661 ὅτι
1343 2611 1461 2663 κατ’
1495 2614 1672 2666 ἐκεῖνο
1701 2615 1799 2683 μὲν
1831 2617 1998 2689 ὑπερ-

429 2691 578 2756 φυῶς
613 2710 671 2743 τε
709 2695 799 2744 καὶ
832 2695 1084 2763 ἀρρήτως
1126 2698 1366 2766 ἥνωται,
1407 2703 1549 2755 κατά
1578 2703 1737 2759 τοῦτο
1769 2706 1826 2759 δὲ
1855 2707 1996 2761 διαι-

430 2785 602 2849 ρεῖται
634 2783 974 2852 ἀδιαιρέτως,
1003 2789 1094 2840 καὶ
1116 2789 1262 2843 ἔστιν
1289 2793 1429 2863 ὑπὲρ
1464 2795 1640 2848 πάντα
1675 2796 1832 2864 λόγον
1859 2801 1996 2868 ὁμοῦ

427 2875 484 2925 ὲν
520 2876 655 2945 αὑτῇ
695 2875 727 2945 ἥ
758 2894 815 2928 τε
847 2877 1114 2946 διάκρισις
1149 2884 1239 2934 καὶ
1292 2887 1322 2953 ἠ
1357 2887 1568 2953 ἓνωσις,
1601 2891 1694 2943 καὶ
1725 2891 1805 2945 δτι
1860 2895 1996 2964 μόνη

428 2966 576 3034 πηγὴ
611 2966 710 3032 τῆς
743 2969 1070 3038 ὑπερουσίου
1101 2973 1352 3044 θεότητος
1381 2977 1408 3028 ὁ
1447 2978 1656 3049 Πατὴρ,
1685 2981 1780 3035 καὶ
1810 2983 1876 3036 τὰ
1899 2985 1999 3051 τῆς

429 3057 751 3128 ὑπ;ρουσὶου
786 3064 1061 3131 θεογονίας
1087 3067 1186 3118 οὑκ
1218 3070 1565 3140 ἀντιστρέφει
1599 3074 1738 3142 πρὸς
1767 3076 1993 3146 ἄλληλα,

2115 979 2228 1025 τοις
2259 963 2382 1017 καθ’
2413 965 2554 1032 ὑμᾶς
2584 965 2633 1015 οἱ
2664 964 2830 1016 κοινοὶ
2860 965 2960 1034 τῆς
2995 964 3318 1034 Ἐκκλησίας
3337 965 3681 1019 διδάσκαλον

2116 1057 2369 1123 φείδομαι
2407 1057 2516 1126 γάρ
2553 1073 2605 1109 τι
2641 1056 2806 1109 πλέον
2831 1058 3034 1110 είπεῖν⁸
3066 1058 3116 1110 εί
3147 1057 3203 1110 δὲ
3235 1056 3425 1128 ῶσπερ
3456 1059 3513 1109 ὲν
3539 1057 3681 1109 ὲκεί-

2114 1163 2249 1209 νοις,
2276 1145 2418 1199 οὑτω
2445 1148 2547 1199 κάν
2575 1147 2808 1210 τούτοις,
2841 1147 2936 1200 καὶ⁵
2965 1147 3281 1202 ἀποστόλων
3313 1149 3452 1200 είσὶν
3477 1150 3682 1216 ἀκροα-

2112 1237 2224 1301 ταὶ,
2276 1239 2372 1290 καὶ⁵
2421 1237 2683 1307 διάδοχοι,
2739 1240 2830 1291 καὶ
2881 1237 3140 1305 θεολόγοι,
3186 1240 3279 1291 καὶ
3341 1238 3681 1290 διδασκάλων

2113 1327 2292 1396 ἄκροι,
2323 1329 2430 1382 κάκ
2473 1330 2581 1382 τῶν
2611 1329 2802 1396 λογίων
2837 1331 3018 1383 πᾶσαν
3067 1328 3204 1398 ὁμοῦ
3251 1329 3531 1396 θεολογίαν
3577 1347 3673 1398 μα-

2115 1421 2297 1482 θόντες
2342 1420 2550 1490 ἔχουσι,
2580 1423 2676 1474 καὶ
2717 1423 2844 1488 περὶ
2875 1422 3095 1474 πάντων
3127 1419 3387 1482 ὡσαύτως
3415 1420 3513 1488 τὴν
3545 1421 3682 1472 ἀνω-

2112 1511 2204 1564 θεν
2244 1513 2588 1581 ἀποκάλυψιν
2634 1513 2728 1565 καὶ
2765 1514 2862 1581 τὴν
2896 1513 3136 1584 ἄρρητον
3169 1511 3560 1582 μυσταγωγίαν
3595 1509 3679 1562 δε-

2112 1605 2355 1672 ξάμενοι,
2406 1606 2501 1658 καὶ
2558 1607 2844 1675 μαθόντες,
2889 1611 2982 1660 καὶ
3036 1608 3299 1669 παθόντες
3332 1607 3535 1665 ἐκεῖνα,
3583 1602 3679 1655 καὶ

2109 1696 2362 1768 διαστολή
2407 1714 2488 1760 τις
2556 1697 2613 1750 ὲν
2670 1697 2898 1760 ἐκείνοις
2947 1699 3042 1752 καὶ
3101 1698 3367 1766 διαίρεσις
3414 1693 3676 1763 οὐδαμοῦ,

2108 1790 2191 1851 τίς
2221 1790 2252 1859 ἠ
2287 1788 2450 1858 καινὴ
2477 1790 2562 1842 καὶ
2597 1790 2909 1858 παράλογος
2938 1788 3074 1858 αὕτη
3102 1789 3298 1858 τόλμα,
3332 1786 3408 1848 ὡς
3431 1784 3527 1838 νῦν
3578 1783 3677 1851 μὲν

2106 1880 2300 1941 αὑτοὺς
2334 1883 2446 1942 τοῖς
2479 1880 2819 1943 διδασκάλοις
2852 1896 2909 1931 τε
2933 1881 3027 1933 καὶ
3055 1882 3164 1942 τοῖς
3189 1878 3463 1946 θεολόγοις
3490 1875 3678 1944 ἐγκρί-

2105 1988 2237 2036 νειν,
2265 1971 2359 2023 νῦν
2379 1971 2435 2024 δὲ
2465 1971 2588 2032 τοὺς
2616 1972 2813 2034 αὑτοὺς
2834 1970 3158 2038 διαγράφειν
3183 1970 3321 2039 μετά
3353 1968 3554 2038 πολλῆς
3574 1967 3677 2034 τῆς

2102 2061 2370 2128 ἐξουσίας,
2409 2063 2499 2112 καὶ
2546 2060 2666 2113 τοτὲ
2714 2060 2817 2128 μὲν
2866 2059 3123 2130 Ἰερόθεόν
3170 2075 3229 2110 τε
3274 2057 3369 2110 καὶ
3398 2055 3674 2110 Διονύσιον

2105 2154 2244 2218 μετὰ
2277 2151 2385 2204 τῶν
2423 2151 2735 2204 ἀποστόλων
2767 2167 2826 2203 τε
2855 2152 2949 2203 καὶ
2989 2147 3252 2214 θεολόγων
3297 2147 3539 2208 ἑστάναι,
3581 2146 3676 2197 καὶ

2101 2245 2452 2307 διδασκάλους
2480 2239 2620 2298 εἶναι
2682 2245 2773 2295 καὶ
2807 2244 3054 2312 κήρυκας
3084 2240 3193 2292 τῶν
3212 2238 3676 2306 ὑπερφυεστάτων

2104 2339 2225 2406 περὶ
2279 2336 2415 2389 Θεοῦ
2465 2337 2661 2403 λόγων,
2720 2335 2787 2388 ἂν
2837 2336 2930 2388 καὶ
2973 2333 3041 2386 τά
3085 2333 3215 2402 ὑμῖν
3255 2331 3547 2397 θεολογῶσι
3591 2330 3675 2382 δο-

2101 2430 2325 2492 κοῦντα,
2364 2430 2482 2482 τοτὲ
2512 2430 2567 2482 δὲ
2597 2427 2896 2497 ὑπερορίαν
2923 2426 3102 2479 αὑτῶν
3140 2441 3199 2477 τε
3235 2424 3327 2476 καὶ
3364 2425 3463 2491 τῆς
3494 2421 3676 2473 αὑτῶν

2101 2520 2578 2590 καταψηφίζεσθαι
2624 2518 2926 2587 θεολογίας,
2968 2520 3017 2570 εί
3068 2516 3144 2586 μὴ
3197 2518 3321 2578 ταῖς
3376 2515 3674 2582 ὑμετέραις

2103 2611 2603 2680 συμπεριφέροιντο
2632 2609 2836 2672 δόξαιςς
2863 2609 2932 2662 Ἦ
2953 2608 3060 2676 γάρ
3095 2610 3199 2661 κάν
3227 2605 3441 2668 τούτοις
3478 2621 3535 2656 τε
3576 2604 3673 2655 κά-

2100 2700 2302 2762 κείιλοις
2347 2699 2572 2770 ἀληθεῖς
2625 2700 2674 2752 οί
2726 2698 3062 2759 διδάσκαλοι,
3113 2698 3206 2750 καὶ
3237 2697 3318 2748 δεῖ
3358 2696 3448 2748 τὸν
3497 2693 3669 2763 ἀληθῆ

2101 2790 2194 2843 τοῦ
2227 2791 2567 2859 Εὑαγγελίου
2604 2790 2817 2858 μύστην
2839 2789 3100 2850 ὡσαύτως
3131 2791 3189 2842 ὲν
3219 2787 3546 2856 ἀμφοτέροις
3570 2786 3670 2838 αὑ-

2099 2885 2211 2945 τοῖς
2255 2883 2625 2952 πείθεσθαι,ἦ
2671 2883 2888 2951 ψευδεῖς
2939 2883 3034 2934 καὶ
3075 2881 3197 2934 κατ’
3247 2881 3436 2950 ἄμφω,
3472 2880 3566 2932 καὶ⁸
3591 2878 3672 2930 δεῖ

2099 2978 2197 3030 καὶ
2237 2975 2359 3029 κατ’
2399 2974 2570 3043 ἄμφω
2603 2975 2813 3036 τούτοις
2863 2973 3110 3026 ἀπειθεῖν
3135 2986 3150 3002 ·
3181 2973 3241 3024 οὺ
3274 2973 3383 3042 γὰρ
3419 2970 3482 3040 δὴ
3512 2969 3670 3022 τοῦτο

2099 3066 2320 3120 κάκεῖνό
2342 3067 2392 3134 γ’
2425 3067 2492 3119 ἂν
2526 3067 2729 3134 εῖηςτὸ
2779 3066 3006 3135 θάτερον
3045 3064 3146 3134 μέν
3170 3080 3312 3132 φημι
3353 3061 3666 3131 ψεύδεσθαι,

427 3151 520 3201 καὶ
541 3151 640 3202 ὅσα
667 3153 872 3216 τούτοις
895 3156 1199 3221 ἀκολούθως
1217 3161 1264 3211 οί
1295 3160 1534 3229 θεολόγοι
1562 3166 1720 3232 φασὶ,
1759 3171 1871 3229 τοῖς
1896 3166 1988 3222 οὖν
2017 3167 2060 3226 C
2093 3159 2318 3229 θάτερον
2357 3159 2412 3211 δὲ
2445 3159 2751 3227 ἀληθεύειν,
2781 3157 2902 3211 ἐπεὶ
2954 3155 3098 3210 οὕτω
3152 3173 3255 3208 που
3288 3157 3382 3209 καὶ
3443 3154 3540 3224 τὴν
3570 3155 3668 3208 ἀν·

427 3242 713 3296 ἀπιστοῦσι
753 3249 815 3315 τῇ
855 3247 975 3316 περὶ
1014 3248 1110 3315 τῆς
1147 3249 1474 3319 ὑπερουσίου
1527 3255 1718 3319 οὐσίας
1755 3258 1850 3311 καὶ
1885 3260 1994 3312 τῶν

425 3335 630 3406 ταύτης
664 3337 967 3408 θεαρχικῶν
996 3341 1346 3396 ὑποστάσεων
1375 3345 1707 3419 ἀποστολικῇ
1751 3352 1994 3419 παραδό-

428 3445 510 3480 σει
542 3446 601 3481 τε
635 3431 725 3482 καὶ
762 3430 1006 3500 θεολογὶᾳ
1028 3473 1041 3495 ,
1080 3434 1192 3497 πῶς
1222 3433 1287 3487 ἀν
1323 3453 1404 3498 τις
1436 3443 1562 3507 περὶ
1598 3439 1706 3492 τῶν
1740 3443 1994 3508 φυσικῶν

425 3519 516 3572 τοῦ
561 3519 695 3572 Θεοῦ
727 3521 1078 3591 διαλέγηται,
1115 3526 1207 3578 καὶ
1231 3525 1290 3578 τδ
1323 3527 1459 3595 πρὸς
1492 3529 1587 3599 τὴν
1614 3531 1870 3602 ὑπερφυᾶ
1895 3535 1995 3601 φύ-

427 3628 512 3663 σιν
543 3612 818 3679 ἡνωμένον
845 3631 902 3666 τε
933 3615 1022 3667 καὶ
1054 3619 1469 3686 διακεκριμένον
1500 3623 1680 3674 αὑτῶν
1715 3627 1851 3693 μετά
1881 3628 1994 3681 τῶν

423 3701 792 3755 ὰποστολ.;κῶν
819 3703 1019 3758 τούτων
1042 3709 1250 3777 ἀνδρῶν
1279 3709 1502 3783 θεολογῇ
1524 3733 1536 3777 ;
1560 3715 1732 3768 Τοῦτο
1768 3717 1860 3770 καὶ
1887 3721 1992 3787 γάρ

424 3793 491 3846 ἂν
530 3793 615 3863 είη
644 3795 703 3846 τὸ
738 3795 859 3848 καθ’
906 3796 1095 3859 ὓδατος
1125 3800 1376 3868 γράφειν,
1408 3801 1438 3870 ἢ
1489 3804 1756 3859 διανεύειν
1787 3809 1989 3878 τυφλῷ.

424 3884 486 3939 Εἰ
525 3887 579 3938 δὲ
608 3888 790 3960 ἐκείνῃ
821 3890 920 3957 μέν
952 3907 1117 3957 φασιν
1143 3893 1271 3955 ῖσως
1304 3896 1369 3964 τῇ
1408 3894 1658 3968 θεολογίᾳ
1694 3901 1988 3968 πιστεύειν,

421 3979 592 4048 ταύτῃ
623 3979 678 4030 δὲ
718 3980 988 4047 οὐδαμῶς,
1020 3983 1234 4051 πρῶτον
1261 3987 1362 4054 μὲν
1394 3989 1515 4042 οὑδὲ
1552 3993 1830 4044 πιστεύειν
1859 3993 1992 4057 ὅλως

421 4071 602 4130 αὑτοῖς
651 4071 859 4134 ἔξεστιν
903 4073 1134 4128 ἀδύνατα
1179 4076 1419 4144 λέγουσι,
1471 4084 1563 4135 καὶ
1617 4082 1993 4153 σοφιζομένοις

422 4165 712 4230 προφανῶς
727 4165 849 4227 τοὺς
874 4166 1150 4235 ἀκροατάς
1175 4183 1189 4198 ’
1217 4169 1378 4237 φύσιν
1400 4173 1508 4242 γὰρ
1531 4172 1660 4225 ἀνευ
1691 4174 1799 4227 τῶν
1822 4176 1991 4244 αὑτῆς

420 4255 667 4325 φυσικῶν
690 4253 809 4307 οὑδὲ
857 4257 912 4308 ἐν
942 4255 1221 4325 λογισμοῖς
1246 4260 1374 4326 γοῦν
1426 4261 1654 4316 δυνατὸν
1683 4265 1992 4320 ἀναπλάσαι

420 4350 516 4401 καὶ
557 4349 963 4416 ὑποστήσασθαι
981 4364 996 4379 ⁸
1023 4350 1092 4404 τὰ
1120 4350 1177 4404 δὲ
1211 4354 1413 4421 φυσικά
1441 4356 1754 4426 κατάλληλα
1788 4358 1869 4412 δεῖ
1893 4376 1990 4412 πε-

418 4441 652 4509 φυκέναι
677 4445 742 4512 τῇ
771 4443 1094 4516 πηγαζούσῃ
1124 4446 1305 4512 φύσει,
1329 4448 1396 4500 ἵν’
1423 4449 1555 4502 αὑτὸ
1581 4447 1740 4503 τοῦτο
1771 4450 1864 4503 καὶ
1888 4467 1990 4519 φυ-

2093 3249 2316 3317 τίφασιν
2357 3251 2669 3318 συμφωνεῖν
2697 3249 2764 3302 ἂν
2803 3249 2888 3318 είη
2922 3247 3060 3318 πρὸς
3105 3247 3331 3315 ἑαυτήν.
3365 3247 3575 3309 Ἀλλως
3606 3262 3666 3298 τε

2097 3341 2278 3395 καὶτὸ
2304 3341 2382 3410 τῷ
2421 3341 2731 3410 διδασκάλῳ
2780 3341 2876 3394 νῦν
2912 3341 3011 3409 μὲν
3050 3340 3282 3393 ἔπεσθαι
3322 3339 3417 3392 νῦν
3449 3341 3492 3390 δ’
3517 3339 3665 3392 ἀντι-

2095 3433 2276 3502 λέγειν
2327 3434 2556 3498 ἐθέλειν,
2588 3436 2682 3487 καὶ
2712 3433 2865 3487 ταῦτ’
2906 3413 2970 3486 ἓν
3000 3435 3110 3497 τοῖς
3157 3433 3456 3503 ἀξιώμασι,
3491 3433 3667 3501 μαθη-

2093 3524 2185 3578 τοῦ
2215 3543 2278 3593 γε
2327 3525 2429 3577 οὑκ
2464 3526 2530 3578 ἂν
2577 3525 2684 3591 είη.
2719 3522 2892 3578 Τοῦτο
2933 3525 3040 3596 γάρ
3074 3527 3222 3578 ἐστιν
3271 3526 3330 3576 οὑ
3381 3540 3666 3593 μυσταγωτ

2094 3616 2365 3684 γουμένου
2414 3615 2505 3666 καὶ
2534 3613 2896 3682 τυπουμένου,
2937 3613 3026 3666 τὸν
3050 3613 3106 3666 δὲ
3155 3610 3513 3681 μυσταγωγὸν
3573 3614 3666 3664 καὶ

2093 3708 2184 3758 τὸν
2245 3705 2446 3758 κανόνα
2507 3705 2708 3774 μᾶλλον
2775 3706 2911 3774 πρὸς
2975 3706 3168 3758 ἑαυτὸν
3230 3705 3502 3770 ἕλκοντος,
3569 3705 3663 3757 καὶ

2093 3798 2188 3862 τὰς
2237 3797 2420 3868 πηγὰς
2469 3797 2583 3851 ἀνω
2619 3797 2880 3868 ποταμῶν
2915 3802 3116 3868 χωρεῖν
3160 3794 3473 3860 κελεύοντος
3516 3795 3663 3848 ἀντι-

2093 3907 2250 3962 κρυς.

2164 3983 2225 4034 El
2256 3982 2312 4035 δὲ
2344 3982 2406 4051 δὴ
2440 3982 2648 4050 λέγοιεν
2677 3982 2727 4034 οί
2766 3981 2894 4049 περὶ
2924 3980 3014 4034 τὸν
3043 3979 3336 4050 φιλόσοφον
3367 3976 3549 4048 αὖθις,
3586 3982 3660 4044 ὡς

2093 4074 2272 4143 ικείνη
2311 4075 2408 4143 μὲν
2437 4074 2468 4142 ἠ
2495 4074 2624 4143 περὶ
2654 4072 2976 4142 μοναρχίας,
3008 4071 3100 4124 καὶ
3127 4071 3190 4142 δὴ
3229 4071 3319 4124 καὶ
3356 4071 3463 4124 τῶν
3492 4070 3660 4140 τριῶν

2093 4164 2399 4235 θεαρχικῶν
2431 4165 2782 4218 ὑποστάσεων
2811 4163 3080 4230 θεολογία,
3130 4164 3279 4233 παρά
3309 4166 3374 4232 τῇ
3405 4163 3525 4234 θείᾳ
3554 4181 3658 4234 κη-

2096 4253 2346 4325 ρύττεται
2374 4255 2521 4326 πάσῃ
2553 4255 2766 4324 Γραφῇ,
2797 4256 2890 4308 καὶ⁸
2919 4255 3094 4317 οὐδεὶς
3131 4256 3381 4308 ὁστισοῦν
3408 4256 3524 4307 ιστι
3548 4254 3658 4308 τῶν

2094 4346 2322 4413 πιστῶν,
2347 4347 2403 4411 ὃς
2420 4346 2743 4414 ἀντιλέγειν,
2767 4348 2798 4415 ἢ
2823 4346 2952 4417 γοῦν
2972 4347 3338 4417 ἀμφισϐητεῖν
3366 4347 3502 4411 ὅλως
3525 4348 3655 4418 περὶ

2091 4440 2199 4492 τῶν
2235 4439 2560 4508 ἀξιωμάτων
2579 4438 2770 4504 ἐθέλει,
2795 4441 2863 4493 τά
2885 4438 2940 4493 δὲ
2972 4439 3098 4510 περὶ
3119 4439 3363 4508 προόδων
3378 4441 3536 4492 ταυτὶ
3559 4441 3652 4494 καὶ

422 4533 550 4585 σικά
580 4533 892 4603 τυγχάνοιεν
924 4535 1074 4603 ὄντα,
1101 4539 1194 4590 καὶ
1227 4539 1574 4604 καταλλήλως
1595 4540 1661 4594 δι’
1692 4541 1872 4595 αὑτῶν
1905 4544 1989 4596 ἀν·
2014 4550 2066 4610 D
2093 4531 2380 4602 ινιργειῶν
2412 4548 2471 4585 τι
2506 4532 2598 4584 καὶ
2633 4531 2970 4600 μεταδόσιων
3017 4531 3110 4584 καὶ
3139 4533 3406 4602 διαφορᾶς
3434 4531 3651 4601 φύσεως

420 4627 604 4694 εργείν
628 4626 725 4695 τὴν
752 4626 931 4690 φύσινο
957 4628 1147 4681 επειτα
1174 4629 1230 4683 δὶ
1253 4631 1365 4694 πῶς
1399 4633 1455 4685 tv
1473 4633 1703 4696 εκείνοις
1734 4635 1833 4702 μέν
1855 4652 1988 4704 φασι

419 4717 533 4776 τοῖς
567 4716 820 4783 πρώτοις,
853 4716 1100 4787 Ἰεροθέῳ
1129 4736 1187 4771 τε
1223 4724 1317 4773 καὶ
1355 4721 1636 4793 Διονυσίῳ,
1675 4723 1987 4791 θεολογοῦσι

420 4806 727 4868 πείθεσθαι,
772 4808 863 4860 καὶ
912 4807 1085 4862 ταῦτα
1133 4811 1262 4880 περὶ
1295 4811 1548 4866 τοιούτων
1600 4813 1865 4880 είποῦσιν,
1913 4809 1988 4868 ῶν

419 4897 541 4950 οὑδὲ
577 4898 748 4966 ἀρχὰς
782 4897 928 4952 ἐστιν
976 4901 1153 4970 εὑρεῖν
1186 4903 1306 4956 οὐδὲ
1360 4905 1804 4974 παραδείγματα,
1855 4906 1987 4961 ἀλλά

420 4989 662 5051 πίστεως
697 4991 778 5044 δεῖ
807 4993 996 5061 μόνης,
1036 4994 1130 5046 καὶ
1172 4995 1438 5062 ὑπακοῆς,
1471 4999 1516 5048 εί
1573 4999 1645 5067 μὴ
1679 4999 1862 5066 μέλλοι
1903 5017 1986 5064 τις

419 5079 527 5144 ἔξω
557 5081 649 5132 τοῦ
700 5083 856 5150 λόγου
922 5084 1014 5136 καὶ
1047 5086 1143 5152 τῆς
1180 5085 1328 5149 θείας
1363 5087 1578 5156 τρέχειν
1612 5088 1984 5154 διδασκαλίας,

420 5171 479 5221 ὲν
515 5171 571 5223 δὲ
601 5174 711 5235 τοῖς
764 5173 1037 5242 δευτέροις
1091 5177 1321 5241 τούτοις,
1371 5179 1500 5246 περὶ
1539 5173 1613 5233 ὧν
1659 5179 1752 5232 νῦν
1798 5182 1928 5248 ἡμῖν
1959 5183 1987 5234 ό

422 5263 604 5330 λόγος,
639 5266 774 5332 μετά
808 5267 1012 5336 πολλῆς
1050 5285 1192 5331 τινος
1223 5268 1322 5338 τῆς
1374 5271 1676 5334 ὲνστάσεως
1699 5273 1982 5337 ’ἀπειθεῖν,

419 5356 552 5408 ὅπου
587 5360 677 5408 καὶ
707 5359 882 5428 ἀρχὰς
918 5359 998 5412 ἔνι
1024 5361 1128 5413 τῶν
1166 5361 1340 5430 λόγων
1371 5364 1574 5430 εὑρεῖν,
1614 5365 1707 5417 καὶ
1750 5366 1986 5434 φυσικὴν

420 5447 745 5500 ἀκολουθίαν
773 5451 915 5512 τινά,
951 5452 1045 5502 καὶ
1076 5452 1538 5522 παραδειγμάτων
1570 5456 1834 5526 ἀμηγέπη
1867 5456 1988 5526 βοή-

421 5538 595 5602 θειαν;
630 5539 691 5590 Εί
724 5541 822 5608 μὲν
855 5542 960 5610 γὰρ
1009 5543 1068 5594 ἐν
1116 5544 1344 5608 ἐκείνοις
1381 5546 1562 5615 μόνοις
1599 5550 1710 5609 τοῖς
1751 5547 1986 5617 πρώτοις

419 5630 698 5690 Διονύσιός
754 5647 813 5683 τε
859 5634 952 5684 καὶ
992 5631 1248 5703 Ἱερὸθεος
1284 5636 1600 5690 ἀποστόλων
1642 5640 1749 5691 είσὶ
1793 5655 1984 5711 φοιτη-

417 5723 511 5775 τα“ι
545 5723 638 5774 καὶ
683 5723 936 5794 διάδοχοι,
973 5726 1066 5778 καὶ
1110 5726 1210 5796 τῆς
1246 5727 1569 5798 Ἐκκλησίας
1607 5730 1980 5799 μυσταγωγοὶ,

421 5811 456 5882 ἢ
490 5815 613 5887 περὶ
654 5814 876 5872 ἐκείνων
927 5824 1102 5888 μόνων
1153 5820 1435 5891 είληφέναι
1495 5822 1590 5886 τὰς
1631 5821 1978 5893 παραδόσεις,

2091 4621 2256 4684 θείας,
2284 4621 2378 4673 καὶ
2413 4620 2656 4690 φυσικῶν
2682 4620 3004 4690 ίδιωμάτων,
3032 4621 3125 4675 καὶ
3153 4621 3255 4677 ὅσα
3283 4623 3489 4677 τούτων
3522 4625 3650 4693 ἑξῆς

2092 4713 2248 4781 ὑμεῖς
2271 4711 2466 4773 αὑτοὺς
2496 4711 2676 4779 λέγειν
2701 4711 2856 4781 φατὲ,
2886 4711 3059 4765 ταῦτα
3082 4713 3262 4767 τοίνυν
3279 4714 3378 4767 οὑκ
3399 4713 3514 4768 ἐστι
3556 4715 3653 4769 λα-

2090 4805 2202 4858 ϐεῖν
2224 4803 2480 4867 ὡσαύτως
2510 4805 2574 4857 ὲκ
2620 4803 2728 4857 τῶν
2758 4804 2916 4858 θείων
2952 4803 3201 4874 Γραφῶν.
3233 4806 3339 4859 Καὶ
3374 4805 3463 4858 διά
3493 4806 3651 4861 τοῦτο

2089 4897 2181 4949 καὶ
2197 4897 2356 4966 ἡμεῖς
2379 4895 2735 4965 ἀντιλέγομεν
2755 4898 2983 4958 τούτοις,
3002 4896 3106 4960 ίξω
3120 4895 3214 4950 τοῦ
3236 4897 3360 4951 καθ’
3383 4899 3529 4968 ἡμᾶς
3563 4898 3649 4952 λό-

2088 5005 2184 5057 γου
2219 4986 2459 5052 δοκοῦσι,
2507 4987 2704 5057 ψεῦδος
2731 4988 2823 5041 καὶ
2867 4987 3046 5042 τοῦτο.
3098 4990 3232 5060 Περὶ
3265 4990 3365 5060 μὲν
3409 4991 3518 5060 γὰρ
3546 4991 3648 5062 τῆς

2089 5081 2322 5143 παλαιᾶς
2353 5082 2534 5151 πάσης
2558 5082 2796 5151 Γραφῆς,
2825 5082 3066 5144 Μωσέως
3093 5083 3257 5150 φημὶ,
3290 5084 3383 5136 καὶ
3416 5083 3524 5136 τῶν
3550 5100 3647 5136 κα-

2090 5171 2248 5243 θεξῆς
2267 5174 2579 5242 προφητῶν,
2594 5173 2711 5226 οὐδὲ
2731 5174 2876 5226 ἔστιν
2894 5175 3068 5228 είπείν
3085 5175 3208 5228 ὅσον
3222 5176 3278 5227 τὸ
3301 5178 3396 5246 τῆς
3415 5173 3644 5245 Τριάδος

2087 5265 2412 5335 ἀπέκρυψαν
2435 5267 2752 5336 μυστήριον,
2773 5267 2974 5337 σφόδρα
2996 5266 3291 5329 δεδοικότες
3312 5269 3372 5320 τὸ
3400 5270 3527 5335 περὶ
3544 5268 3646 5338 τὴν

2089 5356 2378 5410 πολυθεΐαν
2405 5358 2826 5428 εὐπερίτρεπτον
2869 5359 2960 5412 καὶ
3001 5358 3181 5428 λίχνον
3213 5359 3320 5411 τῶν
3356 5357 3643 5426 Ἰουδαίων,

2089 5449 2182 5500 καὶ
2217 5448 2303 5500 διά
2347 5448 2625 5512 τοῦτο,καὶ
2680 5448 2759 5508 τὸ,
2792 5451 3003 5516 Κύριος
3035 5453 3066 5503 ό
3097 5451 3240 5516 Θεός
3273 5467 3391 5504 σου
3427 5452 3650 5517 Κύριος

2088 5536 2173 5604 εἷς
2195 5544 2343 5604 ἐστι,
2374 5541 2485 5604 καὶ,
2507 5543 2720 5609 Κύριος
2749 5545 2780 5595 d
2805 5542 2947 5608 Θεὸς
2968 5542 3174 5611 μόνος,
3205 5543 3318 5605 καὶ,
3337 5543 3483 5609 Ἐγὼ
3504 5542 3648 5608 Θεὸς

2091 5630 2337 5700 πρῶτος,
2366 5635 2462 5686 καί
2493 5635 2604 5703 ἐγὼ
2629 5637 2778 5703 μετὰ
2800 5635 3005 5697 ταῦτα,
3039 5635 3138 5688 καί
3170 5633 3334 5702 πλὴν
3365 5633 3510 5702 ἐμοῦ
3535 5635 3648 5688 οὐκ

2090 5725 2283 5789 ἐστιν,
2307 5728 2368 5778 ὲκ
2395 5725 2687 5799 προσώπου
2714 5727 2911 5797 δηλαδὴ
2942 5725 3034 5779 τοῦ
3060 5726 3196 5779 Θεοῦ
3220 5726 3483 5794 λεγόμενα
3509 5725 3646 5778 πολὺ

2090 5820 2219 5888 παρ’
2250 5819 2497 5885 ἐκεί-τοις,
2539 5822 2630 5874 καὶ
2661 5819 2725 5874 τὰ
2764 5817 3120 5891 παραπλήσια
3162 5816 3399 5881 τούτοιςε
3424 5816 3504 5873 οὑ
3532 5815 3640 5888 μὴν
