4414 6456
421 408 512 469 861
1236 411 1537 475 CONTRA
1568 414 1992 480 GREGOBAM
2024 419 2802 481 ANTIRRHETICURUM.
2848 421 2919 480 V.

3556 418 3663 481 862

418 522 452 590 ἢ
484 520 611 590 περὶ
638 517 788 583 θείας
840 518 1089 584 ινῶσεώς
1125 537 1185 576 τι
1231 525 1324 578 καὶ
1356 525 1686 596 διακρίσεως
1736 535 1816 597 εἰς
1857 538 1992 606 μνή-
2022 555 2064 610 Α
2092 543 2124 612 ἢ
2151 542 2445 612 πλήρωμα,
2472 542 2540 594 τά
2567 541 2709 594 κατά
2741 539 3019 607 θεολογίαν
3051 537 3270 608 ἔχομεν,
3290 537 3353 591 τὸ
3381 537 3661 601 ἄκτιστον,

421 629 531 682 μην
570 612 751 674 ἰούσας
787 613 919 682 ἡμῖν
975 614 1340 682 εὐαγγελικάς
1385 635 1443 671 τε
1485 622 1580 673 καὶ
1624 625 1989 690 ἀποστολικὰς

422 701 612 772 ῥήσεις
653 705 683 757 6
720 704 878 772 λόγος
908 705 1010 776 ἥδη
1043 707 1368 776 προσθήσει.
1400 710 1583 780 Εὐχῆς
1630 712 1675 766 δ’
1709 715 1776 768 ἂν
1826 717 1990 787 ἔργον

421 792 508 858 είη
538 796 633 846 καὶ
664 794 846 858 τοῦτο,
879 796 974 848 καὶ
1007 795 1110 864 τῆς
1140 797 1250 850 τῶν
1295 799 1561 868 θεολόγων
1589 808 1816 860 τουτωνί
1845 825 1988 876 φημι

418 884 780 949 προστασίας,
811 885 873 936 τὸ
897 886 970 955 μὴ
1005 889 1192 956 πόρῤω
1223 890 1322 959 τῆς
1347 892 1524 946 αὐτῶν
1550 894 1866 967 διαγνώμης
1895 901 1988 950 xal

419 973 528 1026 τῶν
581 974 906 1042 θεολογικῶν
953 979 1178 1030 ἐκείνων
1228 979 1660 1048 ὑποτυπώσεων,
1716 987 1836 1056 μηδ’
1883 989 1990 1055 ἐξω

420 1064 514 1116 τοῦ
556 1065 759 1118 σκοποῦ
806 1067 1158 1122 παντάπασιν
1197 1070 1262 1123 ἂν
1309 1073 1496 1126 τοῦτον
1544 1075 1748 1145 βαλεῖν.
1810 1079 1990 1136 Ἰωάν-

422 1173 518 1225 νης
547 1158 839 1228 τοιγαροῦν
865 1162 893 1212 6
921 1161 1028 1213 τῶν
1063 1162 1469 1231 εύαγγελιστῶν
1498 1184 1556 1220 τε
1589 1171 1682 1222 καὶ
1721 1171 1989 1239 θεολόγων

421 1252 740 1316 κορυφαῖος,
792 1251 931 1320 μνετά
980 1253 1081 1322 τὴν
1114 1253 1323 1324 ὑψηλὴν
1351 1259 1566 1327 ἐκείνην
1608 1259 1700 1312 τοῦ
1729 1261 1867 1315 Θεοῦ
1890 1264 1991 1316 Λό-

421 1357 521 1408 γου
553 1341 852 1409 θεολογίαν,
882 1344 972 1396 τὸν
998 1343 1308 1417 Βιπτιστὴν
1360 1346 1882 1420 Ἰωάννηντείσάγων
1913 1355 1990 1423 τῷ

421 1433 568 1501 λόγῳ
601 1437 664 1504 τῇ
706 1435 918 1488 ἐκείνου
957 1435 1172 1505 θεότητι
1209 1441 1616 1510 μαρτυροῦντα,
1649 1445 1824 1498 τοιάδε
1854 1426 1990 1514 πρὸς

434 1524 721 1587 Ἰουδαίους
772 1527 935 1579 αὐτὸν
990 1529 1268 1597 εἰρηκέναι
1321 1534 1523 1600 φησίν·
1573 1531 1761 1600 Οὗτος
1811 1536 1890 1604 ἦν
1919 1538 1992 1590 ὃν

421 1613 616 1679 εἷπον,
659 1617 713 1669 '0
755 1619 947 1672 ὀπίσω
988 1637 1107 1685 μου
1132 1620 1454 1690 ἐρχόμενος
1499 1625 1842 1692 ἔμπροσθέν
1869 1647 1990 1697 μου

421 1705 692 1773 γέγονεν,
731 1707 821 1761 ὅτι
873 1709 1105 1777 πρῶτός
1135 1729 1248 1777 μου
1279 1709 1360 1782 ἦν
1383 1731 1398 1746 ο
1444 1715 1543 1767 καί
1595 1717 1663 1769 ἐκ
1705 1717 1811 1771 τοῦ
1839 1723 1993 1786 πληο

416 1793 682 1861 ρώματος
718 1797 904 1850 αὐτοῦ
938 1797 1107 1865 ἡμεῖς
1133 1800 1358 1868 πάντες
1403 1803 1717 1875 ἐλάϐομεν,
1755 1808 1852 1860 καὶ
1885 1809 1992 1878 χά-

415 1903 518 1952 ριν
551 1887 686 1939 ἀντὶ
746 1889 1009 1957 χάριτος.
1056 1891 1234 1961 Ὅπερ
1284 1895 1312 1946 ό
1363 1893 1568 1948 τούτων
1597 1898 1905 1968 ὁμώνυμος,
1961 1901 1991 1954 6

422 1979 808 2049 Χρυσῦστομός
833 2000 976 2052 φημι
1003 1985 1216 2054 Πατὴρ,
1245 1987 1630 2059 ἐξηγούμενος,
1652 1994 1761 2046 Καὶ
1786 1995 1838 2047 τί
1861 1993 1990 2047 ποτέ

421 2070 562 2136 ἐστι,
599 2088 733 2140 φησι
769 2072 830 2124 τὸ
871 2074 973 2127 Ἐκ
1009 2075 1115 2130 τοῦ
1149 2079 1542 2150 πληρώματος
1585 2084 1772 2137 αὑτοῦ
1823 2085 1993 2154 ἡμεῖς

423 2161 648 2228 πάν-(ες
696 2163 1016 2234 ἐλάϐομενς
1052 2169 1126 2223 Ού
1180 2171 1473 2239 μεθεκτὴν,
1517 2176 1702 2244 φησὶν,
1737 2175 1852 2244 ἔχει
1894 2178 1992 2248 τὴν

423 2254 653 2324 δωρεὰν,
692 2258 805 2310 ἀλλ’
835 2259 1143 2332 αὐτοπηγὴ,
1197 2265 1291 2316 καὶ
1323 2265 1581 2334 αὐτόριζα
1621 2268 1738 2319 ἐστὶ
1769 2270 1992 2324 πάντων

423 2348 531 2398 τῶν
556 2347 757 2414 καλῶν,
781 2350 1052 2420 αύτοζωὴ,
1079 2355 1172 2406 καὶ
1202 2354 1477 2423 αύτοφῶς,
1498 2359 1590 2410 καὶ
1607 2359 1990 2428 αὐτοαλήθεια,

423 2439 525 2490 οὐκ
575 2441 632 2492 ἐν
683 2441 868 2511 ἐαυτῴ
916 2444 1156 2513 συνέχων
1187 2446 1292 2498 τῶν
1324 2449 1545 2515 ἀγαθῶν
1597 2451 1686 2502 τὸν
1739 2452 1990 2518 πλοῦτον,

425 2529 560 2581 ἀλλά
593 2531 686 2582 καὶ
733 2534 812 2594 εἰς
840 2533 964 2596 τοὺς
997 2535 1189 2598 ἄλλους
1217 2537 1464 2603 ἅπαντας
1499 2541 1855 2612 ὑπερϐλύζων
1887 2545 1990 2597 αὐ-

424 2623 537 2684 τὸν,
570 2624 664 2674 καὶ
717 2624 859 2693 μετὰ
885 2625 945 2678 τὸ
999 2627 1339 2698 ύπερϐλύσαι
1388 2632 1567 2701 μένων
1625 2635 1864 2706 πλήρης,
1897 2639 1992 2690 καὶ

424 2714 600 2766 οὐδενὶ
652 2715 1050 2785 ἐλαττούμενος
1079 2720 1144 2772 ἐκ
1181 2719 1279 2788 τῆς
1311 2723 1390 2783 εἰς
1435 2723 1658 2794 ἐτέρους
1703 2728 1988 2796 χορηγίας,

425 2806 541 2858 ἀλλ’
567 2809 654 2860 ἀεὶ
680 2809 965 2876 πηγάζων,
999 2812 1097 2864 καὶ
1125 2813 1260 2866 πᾶσι
1289 2813 1501 2877 τούτοις
1535 2818 1849 2885 μεταδιδοὺς
1881 2821 1992 2874 τῶν

429 2899 632 2966 καλῶν,
669 2903 764 2953 ἐπὶ
792 2903 891 2971 τῆς
930 2904 1101 2975 αὐτῆς
1131 2906 1282 2974 μένει
1308 2906 1668 2978 τελειότητος.
1713 2912 1823 2964 Καὶ
1856 2913 1995 2982 μετά

427 3009 583 3044 τιναο
639 2988 1002 3064 Ύποθώμεθα
1052 2997 1160 3067 γὰρ
1207 2995 1342 3052 εἶναι
1400 3001 1571 3070 πυρὸς
1621 3003 1822 3071 πηγὴν,
1875 3001 1994 3059 εἶτα

427 3085 534 3137 ἀπὸ
562 3089 660 3154 τῆς
686 3088 870 3156 πηγῆς
891 3090 1102 3159 ἐκείνης
1131 3093 1357 3160 μυρίους
1385 3093 1721 3147 ἀνάπτεσθαι
1745 3095 1990 3165 λύχνους,

429 3180 519 3231 καὶ
576 3180 655 3242 δὶς
687 3184 998 3245 τοσούτους,
1050 3184 1144 3238 καὶ
1201 3183 1343 3251 τρὶς,
1386 3185 1476 3237 xal
1520 3186 1804 3250 πολλάκις.
1847 3184 1993 3257 ’Λρα

2087 633 2149 685 τὸ
2176 633 2489 701 ἀσώματον,
2523 633 2584 686 τὸ
2611 633 2862 702 ἄχρονον,
2899 631 2961 685 1:6
2989 632 3244 700 ἄναρχον,
3272 631 3333 682 τὸ
3373 629 3566 692 ἀΐδιον,
3597 628 3662 680 τὸ

2091 722 2472 793 ἀτελεύτητον,
2500 723 2564 776 τὸ
2593 725 2840 792 ἄπειρον,
2873 723 2934 776 τὸ
2973 724 3274 792 ἄγνωστον,
3308 721 3369 774 τὺ
3408 720 3661 790 ἀσχημάο

2089 831 2292 878 τιστον,
2320 815 2380 866 τδ
2414 816 2842 885 ἀνερμήνευτον,
2890 815 2951 868 τὸ
2983 814 3408 884 ἀνεξιχνίαστον,
3433 812 3494 864 τὸ
3526 812 3659 864 Θεὸν

2090 905 2227 959 θεῶν
2263 906 2518 973 λέγεσθαι
2549 907 2735 974 αὐτὸν,
2756 908 2818 960 τὸ
2852 907 3056 978 Κύριον
3080 909 3309 976 κυρίων,
3336 907 3398 958 τὸ
3427 904 3659 956 Βασιλέα

1998 1023 2016 1047 λ
2092 997 2508 1064 βασιλευόντων,
2569 1001 2631 1052 τὸ
2692 999 3136 1074 Παντοκράτορα,
3183 999 3245 1049 τὸ
3294 995 3545 1066 ποιητὴν,
3602 999 3662 1046 τδ

2089 1087 2450 1158 δημιουργὸν,
2481 1089 2541 1141 τὸ
2573 1089 2709 1156 φῶς,
2735 1090 2794 1142 τὸ
2834 1089 3013 1158 ἅγιον,
3039 1089 3099 1142 τὸ
3131 1086 3296 1156 ζωὴν,
3328 1085 3388 1138 τὸ
3431 1083 3658 1152 ἀγαθὸν,

2090 1180 2150 1232 τὸ
2172 1181 2460 1247 ἀθάνατον,
2493 1182 2555 1235 τὸ
2605 1183 2847 1252 ἰσχυρὸν,
2881 1183 2940 1234 τὸ
2965 1181 3393 1249 παντοδύναμον,
3443 1178 3539 1230 καὶ
3563 1177 3662 1228 ὅσα

2089 1271 2226 1324 ἄλλα
2257 1273 2398 1326 κατά
2444 1289 2503 1325 τε
2535 1273 2808 1343 ὑπεροχὴν
2852 1273 2944 1327 καὶ
2999 1271 3357 1338 αἰτιολογίαν,
3386 1271 3485 1338 οὐχ
3526 1268 3662 1320 ἐκα-

2053 1414 2065 1424 ,
2093 1380 2216 1415 στον
2272 1364 2429 1416 οὐσία
2463 1365 2700 1433 λέγεται,
2758 1365 2896 1418 ἀλλά
2930 1365 3056 1435 περὶ
3102 1366 3203 1434 τὴν
3247 1365 3437 1416 οὐσίαν
3486 1361 3562 1423 ὡς
3598 1364 3662 1412 ἐν

2091 1455 2184 1508 δύο
2214 1455 2308 1508 καὶ
2333 1455 2596 1509 πλειόνων
2628 1458 2720 1510 ἐπὶ
2750 1456 2811 1509 ἐν
2846 1457 3040 1526 ἔχοντα
3068 1457 3166 1524 τὴν
3197 1454 3478 1523 ἀναφορὰν
3513 1452 3658 1504 κατὰ

2091 1546 2150 1598 τὸ
2180 1546 2658 1618 ἐπιμεριξόμενον,
2685 1553 2762 1613 ὡς
2794 1550 3093 1619 ἐμάθομεν.
3132 1550 3199 1601 "A
3255 1547 3349 1599 καὶ
3389 1545 3662 1613 ἄθροισμα

2092 1636 2187 1690 xal
2218 1638 2492 1706 πλήρωμα
2519 1639 2738 1705 λέγεται
2784 1640 2881 1709 τῆς
2913 1639 3188 1707 θεότητος,
3208 1637 3350 1689 κατά
3393 1636 3490 1705 τὴν
3520 1635 3664 1702 Γρα-

2091 1727 2220 1797 φὴν,
2273 1728 2396 1782 καθ’
2430 1729 2665 1799 ἑκάστην
2701 1730 2817 1782 τῶν
2863 1730 3032 1799 τριῶν
3072 1728 3424 1781 ὑποστάσεων
3466 1726 3663 1792 ἐπίσης

2093 1818 2440 1889 θεωρούμενα
2495 1821 2592 1874 καὶ
2643 1819 3059 1888 θεολογούμενα.
3111 1817 3315 1870 Πάντα
3371 1819 3482 1885 γάρ
3545 1815 3664 1868 ὅσα

2019 1925 2064 1984 Β
2091 1910 2218 1977 ἔχει
2250 1913 2284 1963 ό
2329 1910 2530 1978 Πατὴρ
2565 1911 2679 1980 ἐμά
2712 1912 2864 1977 ἐστι,
2898 1911 2998 1964 καὶ
3047 1910 3424 1977 δεδόξασμαι
3449 1909 3519 1962 ἐν
3557 1910 3659 1960 αὑ⁶

2093 2018 2240 2066 τοις.

2163 2093 2306 2161 Δήλη
2344 2093 2445 2162 μὲν
2474 2088 2569 2148 οῦν
2611 2095 2720 2148 κάκ
2757 2093 2866 2147 τῶν
2894 2093 2990 2147 νῦν
3018 2094 3325 2164 εἰρημένων
3365 2093 3397 2160 ἡ
3437 2107 3664 2157 συμφω-

2093 2183 2182 2236 νία
2214 2184 2311 2253 τῆς
2345 2184 2437 2237 τοῦ
2497 2185 2734 2252 μεγάλου
2787 2185 2931 2254 φημὶ
2960 2185 3151 2236 τούτου
3204 2182 3481 2248 θεολογίας
3522 2182 3658 2240 πρὸς

2092 2275 2190 2346 τὴν
2217 2277 2624 2347 προρρηθεῖσαν
2667 2277 2760 2330 τοῦ
2802 2278 2947 2330 θείου
2979 2274 3280 2329 Διονυσίου.
3328 2273 3512 2326 Ταυτά
3567 2271 3660 2323 καὶ

2093 2368 2200 2437 γάρ
2235 2370 2430 2439 ἐκείνῳ
2461 2370 2548 2422 διὰ
2578 2371 2797 2423 πάντων
2835 2371 2974 2438 ὑπὲρ
3007 2368 3115 2422 τῶν
3147 2368 3241 2420 νῦν
3273 2369 3404 2437 ἡμῖν
3439 2381 3666 2433 προκειο

2095 2461 2273 2528 μένων
2307 2460 2570 2528 θεολογεί,
2629 2463 2759 2529 περὶ
2804 2463 2904 2524 τάς
2944 2461 3139 2524 λέξεις,
3175 2459 3272 2512 καὶ
3312 2459 3412 2523 τὴν
3461 2456 3664 2524 φράσιν

2095 2552 2234 2621 μόνα
2261 2568 2314 2603 τι
2346 2551 2699 2606 διαλλάττων.
2719 2550 2835 2605 Ἵνα
2858 2552 2914 2604 δέ
2946 2554 3040 2605 καὶ
3065 2551 3461 2620 ἐναργέστερον
3491 2551 3570 2600 ἐτι
3599 2547 3667 2600 τά

2093 2649 2192 2715 τῆς
2237 2646 2558 2714 συμφωνίας
2591 2645 2891 2716 διαδειχθῇ,
2932 2647 3032 2714 τὴν
3078 2645 3402 2713 δεσποτικὴν
3452 2643 3667 2708 ἐκείνην

2095 2738 2274 2806 ῥῆσιν,
2307 2732 2373 2806 ἧς
2396 2738 2453 2788 ἐν
2480 2737 2562 2806 τῷ
2595 2736 2738 2789 τέλει
2770 2738 2869 2805 τῆς
2912 2735 3316 2808 προρῤηθείσης
3385 2733 3664 2798 θεολογίας

2092 2827 2120 2878 ὁ
2150 2826 2324 2896 μέγας
2352 2818 2506 2888 οὗτος
2548 2827 2820 2896 ἐμνήσθη,
2844 2827 2949 2879 ’καὶ
2983 2828 3144 2896 ἡμεῖς
3182 2823 3416 2877 ἐνταῦθα
3447 2823 3660 2891 προθῶνΔ

2093 2933 2197 2986 μεν
2229 2916 2307 2985 τῷ
2335 2915 2500 2986 λόγῳ,
2532 2919 2656 2971 ἐπεὶ
2690 2919 2784 2970 καὶ
2809 2918 2878 2970 τὰ
2907 2918 3015 2970 τῶν
3043 2916 3240 2985 λογίων
3279 2917 3405 2986 ἄρτι
3429 2915 3669 2968 σκοποῦ-

2098 3026 2217 3077 μεν.
2252 3009 2388 3078 Φησὶ
2428 3009 2607 3062 τοίνυν
2630 3010 2658 3063 6
2697 3010 2933 3079 Χριστὸς
2979 3010 3116 3079 πρὸς
3156 3010 3284 3071 τοὺς
3319 3007 3565 3079 μαθητὰς
3599 3009 3664 3078 τῇ

2094 3100 2199 3168 πρὸ
2229 3099 2322 3153 τοῦ
2357 3101 2563 3164 πάθους
2596 3102 2800 3172 ἐσπέρᾳ
2818 3103 2882 3155 τὰ
2911 3102 3194 3154 τελευταία
3214 3101 3503 3162 διδάσκων,
3525 3101 3665 3151 κατὰ

2094 3192 2184 3243 τὸν
2239 3191 2644 3263 Εὐαγγελιστὴν
2698 3192 2989 3262 Ἰωάννηνο
3047 3191 3254 3245 Πάντα
3285 3191 3405 3244 ὅσα
3455 3190 3580 3256 ἔχει
3634 3192 3667 3241 ό

426 3273 528 3327 οὐκ
567 3275 661 3325 ἐπὶ
702 3275 801 3343 τῆς
845 3275 1014 3343 αὐτῆς
1047 3276 1197 3343 μένει
1243 3278 1583 3348 πληρότητος
1626 3281 1688 3332 τὸ
1734 3280 1844 3349 πῦρ
1896 3281 1992 3333 καὶ
2016 3269 2061 3332 C
2095 3283 2298 3349 Πατὴρ
2321 3284 2436 3353 ἐμά
2460 3285 2593 3338 ἐστι
2615 3302 2630 3320 ο
2656 3284 2756 3339 διὰ
2785 3284 2962 3339 τοῦτο
2983 3281 3160 3338 εἶπον
3178 3285 3266 3338 ὅτι
3297 3284 3365 3337 ἐκ
3388 3283 3494 3336 τοῦ
3520 3282 3668 3350 ἐμοῦ

429 3364 572 3430 μετά
619 3364 678 3416 τὸ
718 3366 1046 3435 μεταδοῦναι
1083 3366 1356 3432 τοσούτοις
1408 3370 1508 3436 τῆς
1563 3371 1848 3440 ἐνεργείας
1902 3373 1997 3426 αὑ-

427 3455 565 3521 τοῦ;
599 3457 767 3510 Παντί
806 3475 909 3511 που
939 3457 1306 3530 δῆλόναέστιν.
1350 3460 1410 3512 Εί
1439 3461 1496 3514 δὲ
1528 3461 1624 3514 ἐπὶ
1659 3462 1770 3515 τῶν
1805 3464 1992 3532 σωμά-

428 3564 535 3600 των
559 3550 667 3601 τῶν
705 3551 981 3618 μεριστῶν
1007 3550 1114 3604 τῶν
1145 3551 1553 3622 ἐλαττουμένων
1580 3553 1687 3607 ὑπὸ
1710 3557 1808 3625 τῆς
1837 3559 1999 3621 ἀφαι-

427 3643 635 3711 ρέσεως
655 3642 852 3712 εὑρέθη
877 3660 929 3696 τι
962 3643 1226 3709 τοιοῦτον,
1246 3645 1275 3698 6
1301 3647 1394 3699 καὶ
1435 3646 1570 3716 μετά
1599 3646 1661 3700 τδ
1694 3649 1997 3717 παρασχεῖν

430 3739 641 3806 ἑτέροις
663 3739 727 3790 τά
753 3739 884 3808 παρ’
912 3739 1108 3794 ἐαυτοῦ
1132 3742 1285 3794 οὐδὲν
1317 3741 1793 3812 παραϐλάπτεται,
1822 3741 1996 3812 πολλῷ

430 3831 634 3899 μᾶλλον
675 3831 770 3882 ἐπὶ
800 3830 900 3897 τῆς
940 3832 1236 3900 ἀσωμάτου
1269 3833 1362 3886 καὶ
1393 3836 1669 3904 ἀκηράτου
1715 3835 1996 3906 δυνάμεως

430 3922 647 3988 ἐκείνης
676 3925 832 3975 τοῦτο
872 3924 1234 3994 συμϐήσεται.
1281 3928 1342 3979 Εἰ
1380 3926 1486 3997 γάρ
1527 3928 1657 3982 ἔνθα
1688 3929 1843 3982 οὐσία
1877 3928 1998 3981 ἐστὶ

429 4016 492 4066 τὸ
531 4015 1083 4084 μεταλαμϐανόμενον
1115 4019 1208 4072 καὶ
1233 4019 1413 4087 σῶμα,
1449 4024 1545 4073 καὶ
1575 4021 1878 4090 μερίζεται,
1903 4022 1999 4073 xal

429 4107 489 4165 οὐ
529 4107 844 4176 μερίζεται,
871 4108 1052 4178 πολλῷ
1091 4109 1289 4178 μᾶλλον
1321 4111 1450 4165 ὅταν
1496 4111 1626 4181 περὶ
1656 4114 1939 4182 ἐνεργείας
1971 4114 1998 4165 6

430 4205 588 4273 λόγος
630 4203 686 4276 ᾖ,
720 4207 813 4259 καί
849 4206 1128 4275 ἐνεργείας
1159 4207 1261 4275 τῆς
1320 4207 1386 4260 ἐκ
1431 4207 1533 4276 τῆς
1568 4209 1863 4278 ἀσωμάτου
1906 4209 1998 4260 οὑ·-

429 4299 577 4362 σίας,
613 4299 767 4352 οὐδὲν
813 4297 960 4361 εἰκὸς
1012 4299 1254 4352 τοιοῦτον
1303 4300 1513 4355 παθείν.
1549 4303 1648 4354 Διά
1697 4300 1856 4356 τοῦτο
1904 4302 1998 4355 καὶ

441 4394 695 4460 Ἰωάννης
718 4392 922 4457 ἔλεγεν,
943 4391 1042 4446 Ἐκ
1072 4391 1175 4445 τοῦ
1199 4391 1589 4460 πληρώματος
1611 4394 1800 4447 αὑτοῦ
1824 4392 1998 4461 ἡμεῖς

428 4485 657 4549 πάντες
685 4485 1002 4553 ἐλάϐομεν.

505 4577 642 4646 Περὶ
674 4577 860 4629 τούτου
889 4573 984 4629 τοῦ
1017 4577 1387 4648 πληρώματος
1429 4579 1528 4648 τῆς
1561 4579 1812 4648 θεότητος
1848 4583 1944 4635 xal
1971 4583 1997 4634 6

429 4667 729 4730 ἀπόστολος
760 4667 966 4729 Παῦλος
998 4667 1339 4721 Κολασαεῦσι
1367 4670 1594 4736 γράφων
1623 4670 1780 4736 ἔλεγε
1802 4685 1815 4700 ·
1853 4669 1999 4722 Βλέ-

430 4777 578 4814 πετε
605 4758 691 4827 μή
741 4776 828 4825 τις
866 4759 1021 4827 ὑμᾶς
1051 4760 1221 4813 ἕσται
1279 4764 1309 4813 ό
1343 4761 1714 4829 συλαγωγῶν
1756 4761 1854 4815 διὰ
1894 4761 2003 4829 τῆς

431 4852 820 4920 φιλοσοφίας,
852 4851 952 4904 καί
984 4850 1169 4919 κενῆς
1200 4850 1454 4918 ἀπάτης,
1485 4853 1637 4907 κατὰ
1669 4853 1782 4920 τὴν
1812 4853 2000 4920 παράο

425 4944 611 4997 δοσιν
642 4942 758 4996 τῶν
785 4941 1132 5010 ἀνθρώπων,
1160 4943 1312 4998 κατὰ
1357 4944 1429 4997 τὰ
1459 4945 1727 5014 στοιχεῖα
1761 4945 1869 5026 τρῦ
1902 4946 2003 4997 κό-

427 5054 616 5106 σμου,
650 5037 748 5090 καί
803 5036 875 5090 οὐ
914 5038 1066 5090 κατὰ
1110 5037 1399 5106 Χριστόν·
1443 5036 1530 5091 ὅτι
1557 5037 1627 5089 ἐν
1663 5034 1823 5100 αὐτῷ
1861 5053 2002 5091 κατ·

431 5129 589 5183 οικεῖ
627 5127 750 5191 πᾶν
772 5130 840 5182 τὸ
867 5129 1156 5198 πλήρωμα
1176 5129 1286 5197 τῆς
1310 5131 1588 5197 θεότητος
1614 5129 1962 5198 σωματικῶς
1986 5168 2000 5192 ,

432 5222 535 5277 καί
568 5221 710 5275 ἐστὲ
739 5222 806 5274 ἐν
834 5221 993 5285 αὺτῷ
1025 5207 1501 5290 πεπληρωμὲνοι.
1545 5222 1751 5276 Τούτου
1781 5222 1838 5276 δέ
1883 5221 2005 5289 ἐξη-

434 5314 612 5384 γητὴς
651 5315 678 5365 6
716 5315 812 5381 τῆς
853 5313 1178 5381 Ἑκκλησίας
1220 5314 1445 5392 φωστὴρ
1486 5313 1802 5378 Ἀθανάσιος
1831 5317 1857 5366 6
1907 5315 2004 5384 μέ·-

433 5423 538 5473 γας
578 5407 708 5474 ἡμῖν
736 5406 910 5472 ἔσται,
942 5406 1194 5474 καθάπερ
1240 5404 1488 5474 Ἰωάννης
1532 5405 1766 5460 ἐκείνου.
1814 5407 1878 5459 Τί
1909 5406 2002 5459 οὖν

429 5500 462 5550 6
494 5499 704 5561 κλεινός
747 5515 912 5583 φησιν
951 5498 1306 5562 Ἀθανάσιοςς
1341 5485 1480 5552 Ἕνα
1525 5498 1662 5550 Θεὸν
1725 5500 1783 5554 ἐν
1824 5504 2003 5568 τρισὶν

437 5592 768 5644 ὑποστάσεσι
837 5590 1214 5662 θεολογοῦμεν,
1244 5593 1372 5662 μίαν
1404 5592 1594 5663 ἔχοντα
1639 5593 1738 5662 τὴν
1792 5593 1999 5658 οὐσίαν,

438 5683 533 5738 καὶ
565 5682 664 5754 τὴν
703 5683 954 5752 δύναμιν,
986 5687 1080 5737 καὶ
1127 5685 1225 5753 τὴν
1256 5685 1561 5755 ἐνέργειαν,
1606 5687 1698 5739 καὶ
1739 5686 1840 5737 ὅσα
1867 5685 2001 5737 ἄλλα

439 5775 573 5843 περ’.
606 5776 705 5844 τὴν
728 5775 915 5829 οὐσίαν
939 5776 1224 5846 θεωρεῖται
1254 5775 1645 5847 θεολογούμενα
1676 5778 1770 5830 καὶ
1801 5776 2001 5846 ὑμνού-

442 5884 584 5936 μενα
606 5883 619 5896 ·
655 5869 746 5920 xal
772 5867 856 5921 ἵνα
883 5867 1052 5922 τύπον
1073 5868 1252 5937 δῶμεν
1275 5868 1352 5941 τῷ
1383 5870 1546 5940 λόγῳ,
1580 5870 1674 5925 καὶ
1704 5868 1994 5940 ἄθροισμα,

2095 3376 2408 3444 λαμϐάνει,
2457 3377 2550 3430 καί
2597 3378 2927 3447 ἀναγγελεῖ
2957 3376 3120 3447 ὑμῖν,
3156 3376 3288 3445 περὶ
3324 3375 3418 3428 τοῦ
3476 3376 3660 3444 Παρα-

2100 3470 2299 3538 κλήτου
2343 3470 2546 3538 δηλαδὴ
2581 3470 2758 3538 λέγων
2783 3485 2798 3501 ⁸
2830 3472 2924 3524 καὶ
2967 3470 3130 3523 πάλιν
3173 3469 3310 3537 πρὸς
3350 3468 3440 3520 τὸν
3471 3465 3667 3520 ἐαυτοῦ

2096 3561 2318 3628 Πατέρα
2345 3576 2358 3590 ·
2400 3561 2473 3615 Τὰ
2509 3561 2621 3630 ἐμὰ
2662 3562 2862 3615 πάντα
2889 3560 2974 3615 σά
3015 3561 3164 3624 ἐστι,
3196 3559 3295 3613 καί
3325 3560 3397 3612 τὰ
3426 3560 3508 3612 σὰ
3535 3557 3663 3624 ἐμὰς

2098 3651 2196 3704 καὶ
2226 3650 2596 3720 δεδόξασμαι
2623 3653 2694 3706 ἐν
2719 3653 2945 3718 αὐτοῖς.
2987 3653 3078 3706 Ἐν
3107 3651 3242 3720 γοῦν
3287 3653 3353 3720 τῇ
3384 3650 3526 3704 κατὰ
3573 3649 3668 3701 Nl-

2097 3759 2258 3795 καιαν
2292 3743 2499 3817 μεγάλῃ
2561 3745 2764 3815 συνόδῳ
2813 3747 2925 3807 τοῖς
2981 3744 3112 3813 περὶ
3150 3744 3370 3810 Ἀρειον
3426 3743 3456 3795 6
3489 3745 3661 3809 μέγας

2097 3834 2474 3905 διαλεγόμενος
2504 3831 2657 3901 οὗτος
2685 3837 2863 3890 τοιάδε
2889 3837 3024 3907 φησί
3051 3851 3065 3866 °
3105 3836 3306 3889 Πάντα
3332 3834 3451 3888 ὅσα
3478 3834 3604 3902 ἕχει
3637 3836 3668 3885 ὁ

2102 3928 2322 3997 Πατὴρ.
2349 3928 2461 3998 ἐμά
2495 3931 2684 3985 ἐστιν.
2706 3931 2819 4000 Οὐχ
2849 3929 3037 3982 ἕνεκεν
3059 3929 3293 3982 κτιστῶν
3322 3927 3665 3996 πραγμάτων

2096 4020 2254 4074 τοῦτο
2287 4021 2388 4092 ἐφη
2422 4023 2450 4074 6
2480 4023 2688 4092 Σωτὴρ,
2716 4023 2776 4074 τὸ
2820 4021 3023 4077 Πάντα
3057 4022 3172 4077 ὅσα
3198 4022 3325 4089 ἔχει
3365 4022 3397 4074 ό
3445 4018 3669 4084 Πατὴρ,

2101 4114 2219 4170 ἀλλ’
2246 4116 2344 4168 ὅσα
2383 4115 2549 4184 ἀνῆκε
2583 4119 2649 4184 τῇ
2689 4114 2904 4185 θεότητι
2941 4114 3035 4167 τοῦ
3083 4113 3316 4183 Πάτρὸς,
3345 4110 3513 4164 αὐτοῦ
3561 4111 3672 4162 ίδια

2098 4207 2200 4277 ἐφη
2233 4208 2260 4259 6
2309 4206 2543 4277 Κύριος·
2577 4201 2688 4259 οἷον
2729 4207 2789 4259 τὸ
2833 4207 3119 4268 ἀθάνατον,
3158 4205 3218 4257 1:6
3262 4205 3559 4274 ἄφθαρτον,
3611 4204 3672 4255 τ’)

2097 4299 2388 4369 ἄτρεπτον,
2403 4299 2462 4350 1:6
2479 4298 2881 4366 ἀκατάληπτον,
2905 4299 2965 4349 τὸ
2984 4296 3232 4357 δυνατὸν,
3252 4295 3314 4348 τὺ
3338 4311 3672 4364 προγνωστιν

2097 4390 2214 4454 κὺν,
2247 4390 2340 4444 καὶ
2363 4392 2461 4445 ὅσα
2482 4391 2629 4445 ἐστὶν
2648 4392 2678 4442 6
2713 4388 2919 4458 Πατὴρ,
2945 4388 3117 4442 ταῦτα
3146 4387 3253 4440 ίδια
3269 4387 3364 4442 τοῦ
3392 4386 3524 4439 Υἰοῦ
3542 4403 3674 4450 τυγ-

2098 4482 2303 4551 χάνειν.
2332 4483 2441 4534 Καὶ
2464 4482 2624 4537 πάλιν
2656 4482 2791 4548 πρὸς
2819 4482 2945 4542 τοὺς
2971 4479 3168 4544 αὐτοὺς
3196 4482 3223 4533 6
3245 4480 3408 4541 αὐτός
3431 4495 3445 4510 ·
3475 4477 3674 4531 Πάντα

2097 4572 2217 4626 ὅσα
2245 4574 2373 4643 ἔχει
2399 4577 2431 4627 ό
2456 4573 2678 4640 Πατὴρ,
2701 4572 2813 4641 ἐμά
2838 4572 3026 4624 ἐστιν.
3068 4571 3309 4642 Ἀνάγκη
3331 4572 3513 4625 τοίνυν
3529 4573 3674 4622 νοεῖν

2105 4668 2271 4736 ἡμᾶς,
2295 4669 2376 4720 ὅτι
2405 4668 2553 4720 ἐστὶν
2587 4668 2644 4720 ὲν
2693 4667 2769 4735 τῷ
2802 4670 2975 4738 Πατρὶ
3013 4667 3073 4720 τὸ
3093 4665 3285 4727 ἀίδιον,
3341 4664 3400 4716 τὸ
3432 4662 3671 4727 αἰώνιον,

2103 4757 2163 4808 τὸ
2194 4757 2458 4810 ἀθάνατον
2483 4771 2498 4788 ο
2529 4757 2647 4809 ἐστι
2677 4757 2733 4809 δέ
2761 4757 2925 4811 αὐτοῦ
2964 4757 3060 4826 οὐχ
3088 4755 3160 4818 ὡς
3201 4753 3459 4821 ἀλλότρια
3481 4752 3671 4828 αὐτοῦ,

2102 4849 2217 4902 ἀλλ’
2255 4849 2331 4911 ὡς
2353 4850 2411 4901 ἐν
2439 4852 2588 4919 πηγῇ
2624 4851 2771 4905 ἐστιν
2795 4850 2852 4901 ἐν
2880 4849 3031 4918 αὐτῷ
3058 4846 3475 4913 ἀναπαυόμενα.
3505 4844 3674 4896 Ὅταν

2100 4942 2281 4995 τοίνυν
2323 4945 2450 5011 περὶ
2475 4941 2602 4994 Υἰοῦ
2631 4945 2771 4995 νοεῖν
2810 4941 3024 5011 ἐθέλῃς,
3059 4941 3274 5011 μαθὼν,
3308 4938 3430 5014 τίνα
3452 4940 3571 4991 ἐστὶ
3603 4939 3676 4989 τὰ

2101 5035 2162 5086 ἐν
2181 5032 2258 5104 τῷ
2280 5036 2474 5104 Πατρὶ,
2506 5035 2678 5090 ταῦτα
2702 5036 2792 5088 καὶ
2808 5038 2866 5087 ἐν
2894 5035 2973 5102 τῷ
2991 5033 3103 5104 Υἰῷ
3125 5027 3268 5086 εἶναι
3291 5033 3537 5085 πίστευε.
3565 5033 3678 5084 Kal-

2102 5126 2256 5191 αὖθις
2277 5144 2289 5157 ·
2311 5128 2515 5180 Πάντα
2533 5127 2648 5180 ὅσα
2660 5128 2783 5194 ἔχει
2803 5129 2834 5184 ὁ
2855 5125 3081 5194 Πατήρ.
3109 5127 3264 5194 Ἔχει
3295 5124 3351 5178 δὲ
3373 5125 3431 5176 τὸ
3447 5123 3682 5186 κτίζειν.

2102 5222 2161 5274 τὸ
2184 5222 2558 5291 δημιουργεῖν,
2594 5223 2653 5273 τὸ
2676 5221 2870 5284 ἀΐδιον,
2897 5222 2957 5273 τὸ
2989 5215 3128 5273 εἶναι
3153 5218 3583 5288 Παντοκράτωρ,
3617 5219 3677 5267 τὸ

2101 5312 2393 5382 ἄτρεπτον.
2427 5313 2579 5379 Ἔχει
2606 5312 2661 5364 ἑὲ
2687 5311 2857 5365 ταῦτα
2879 5311 2972 5364 xal
2993 5312 3022 5363 6
3058 5309 3204 5375 Υἱὸς,
3236 5309 3338 5363 οὐκ
3363 5306 3422 5371 ἐξ
3449 5307 3692 5376 ἀρετῆς..

2105 5408 2177 5468 ὡς
2212 5408 2458 5475 είπομεν,
2487 5406 2626 5462 ἀλλά
2651 5407 2746 5473 τῆς
2774 5406 2961 5467 οὐσίας
2992 5403 3159 5460 αὑτοῦ
3191 5406 3330 5459 ἐστι.

2179 5499 2286 5553 Ποῦ
2319 5499 2414 5552 νῦν
2461 5501 2599 5552 εἰσιν
2647 5499 2696 5550 οἰ
2727 5496 2975 5565 λέγοντες
3015 5496 3090 5566 μὴ
3135 5491 3275 5548 εἶναι
3309 5495 3382 5548 τὰ
3410 5493 3677 5565 εἰρημένα

2106 5596 2162 5650 ἐν
2193 5592 2270 5661 τῷ
2320 5591 2437 5659 Θεῷ
2479 5590 2804 5658 πράγματα,
2839 5589 2976 5658 μηδὲ
3024 5589 3281 5643 ἀκτιστόν
3308 5605 3361 5640 τι
3391 5587 3483 5642 τδν
3535 5587 3670 5639 Θεὸν

2103 5686 2247 5754 ἐχειν
2263 5684 2320 5735 ἐν
2346 5681 2520 5752 ἐαυτῷ
2546 5683 2684 5752 πλὴν
2703 5681 2799 5747 τῆς
2829 5682 3013 5744 οὐσίας
3039 5696 3054 5744 ;
3101 5679 3551 5750 Αἰσχυνέσθωσαν
3576 5675 3672 5729 καὶ

2107 5777 2200 5829 νῦν
2222 5777 2380 5843 εἰπερ
2408 5775 2560 5838 ποτὲ,
2593 5773 2683 5827 τοῦ
2712 5774 2950 5842 μεγάλου
2993 5771 3182 5826 τούτου
3202 5770 3552 5841 διδασκάλου,
3577 5771 3672 5820 καὶ

2109 5868 2378 5937 θεολόγον,
2399 5865 2493 5920 καὶ
2519 5866 2709 5935 πρᾶγμ
2750 5882 2817 5918 τα
2842 5864 3013 5919 ταῦτα
3029 5864 3236 5935 τρανῶς
3260 5865 3403 5920 οὕτω
3421 5865 3672 5932 λέγοντος
