4470 6450
411 380 518 442 855

1224 381 1516 441 CONTRA
1560 379 1992 442 CREGORAM
2030 380 2806 451 ANTIRRHETICORUM.
2846 389 2910 452 V.

3551 395 3655 457 866

410 504 593 544 σκετε
643 486 849 552 αὐτὸν,
887 489 983 542 καί
1030 489 1325 577 ἑωράκαττε
1372 491 1581 556 αὑτὸν,
1634 492 1781 555 λέγει
1833 493 1982 562 αὐτῷ
2008 512 2192 573 Ανον,
2229 480 2372 550 κατά
2406 497 2497 548 τὸν
2525 499 2618 551 τοῦ
2656 500 3050 569 εὐαγγελιστοῦ
3091 499 3269 572 λόγον.
3296 505 3423 568 Πῶς
3474 504 3531 558 δὲ
3561 510 3658 561 κα¹ι

410 582 675 644 ⁴ι>ίλιππος
701 597 714 612 ο
774 582 970 648 Κύριε,
1006 581 1209 645 δεῖξον
1255 583 1401 651 ἡμῖν
1447 584 1555 637 τὸν
1595 586 1847 652 Πατέρα,
1882 586 1977 639 καὶ

411 673 588 742 ἀρκεῖ
608 673 770 740 ἡμῖν.
808 673 1024 744 Ταύτην
1068 670 1162 727 οῦν
1197 674 1298 745 τὴν
1339 675 1435 728 τοῦ
1469 678 1743 730 Φιλίππου
1788 678 1983 731 πεῦσιν

411 768 440 819 6
474 765 614 825 θετος
653 764 816 827 αὖθις
868 766 1256 835 Χρυσόστομος
1312 768 1373 820 ἐν
1419 770 1536 831 ταῖς
1595 770 1983 836 εὐαγγελιικαῖς

414 858 789 926 σκοπούμενος
859 857 1221 927 ἐξηγήσεσιν,
1285 860 1611 930 ἀκούσωμεν
1667 858 1755 914 οἷα
1809 863 1978 930 λέγει.

415 950 668 1018 ἰδωμεν,
703 949 856 1018 φησὶ,
885 949 991 1002 τί”ό
1020 951 1284 1016 Φίλιππος
1334 953 1489 1023 ζητεῖ
1523 955 1670 1006 ἰδείν.
1705 950 1850 1023 *Αρα
1883 955 1984 1025 τὴν

415 1039 610 1107 σοφίαν
660 1040 753 1094 τοῦ
807 1042 1054 1111 Πατρός;
1114 1039 1221 1112 ἆρα
1277 1043 1372 1113 τὴν
1425 1044 1768 1114 ἀγαθότητα;
1825 1047 1981 1116 Οὐχὶ,

413 1130 529 1182 ἀλλ’
552 1132 684 1183 αὐτὸ
714 1131 767 1183 τί
798 1134 929 1184 ποτέ
960 1135 1107 1205 ἐστιν
1134 1136 1159 1187 6
1189 1134 1341 1199 Θεὸς,
1376 1136 1546 1205 αὐτὴν
1571 1135 1670 1206 τὴν
1697 1138 1908 1191 οὐσίαν.

485 1222 553 1275 ’Ὀ
593 1239 656 1290 γε
708 1223 815 1294 μὴν
861 1225 1250 1295 εὐαγγελιστὴς
1296 1228 1512 1292 Λουκᾶς
1563 1227 1704 1298 μετά
1741 1231 1842 1297 τὴν
1874 1231 1984 1283 τῶν

414 1315 763 1384 προύχόντων
793 1317 1103 1371 ἀποστόλων
1139 1319 1374 1388 ἐκλογὴν
1422 1322 1558 1391 πρὸς
1588 1323 1854 1391 Χριστοῦ,
1891 1325 1984 1378 καὶ

413 1408 608 1476 κλῆσιν
658 1412 775 1461 κατ’
836 1410 1026 1481 ὄνομα,
1087 1413 1180 1466 καὶ
1227 1412 1354 1465 τάδε
1417 1416 1551 1484 φησὶ
1605 1417 1736 1485 περὶ
1793 1417 1980 1483 αὐτοῦ,

413 1501 620 1568 προϊών
640 1516 654 1530 ·
683 1501 788 1555 Καὶ
813 1500 932 1566 πᾶς
959 1506 991 1557 ό
1020 1503 1206 1569 ὄχλος
1226 1503 1414 1571 ἐζήτει
1443 1507 1738 1562 ἅπτεσθαι
1770 1509 1982 1574 αὐτοῦ,

411 1589 501 1643 ὅτι
535 1591 791 1659 δύναμις
821 1593 958 1658 παρ’
982 1594 1170 1648 αὐτοῦ
1200 1596 1514 1665 ἐξήρχετο,
1546 1597 1644 1653 καί
1674 1600 1802 1654 ἰᾶτο
1827 1602 1984 1654 πάν-

411 1697 540 1747 τας.
572 1682 749 1752 Ὅπερ
784 1686 810 1734 ό
856 1685 1028 1750 μέγας
1074 1684 1449 1755 διερμηνεύων
1500 1687 1786 1758 Κύριλλος,
1824 1690 1984 1743 Είκό-

2085 589 2289 658 κτίσμα
2318 605 2400 652 τις
2431 590 2546 660 ὲρεί
2581 592 2680 662 τὴν
2719 593 2776 645 ἐν
2815 594 3037 665 Χριστῷ
3087 599 3356 666 μένουσαν
3386 603 3659 672 ἀμείωτον

2084 679 2314 749 δύναμιν
2344 682 2487 734 κατὰ
2517 683 2608 734 τὸν
2651 684 2877 739 εἰπόντα
2923 689 3135 740 τουτονὶ
3172 689 3450 759 θεολόγον,
3487 695 3535 747 εἰ
3581 695 3657 764 μὴ

2088 773 2226 839 μετά
2272 773 2381 823 τῶν
2432 774 2776 843 μαινομένων
2832 778 2929 830 κα)⁵
2996 783 3426 850 παραπαιόντων
3494 786 3657 849 αὐτὸς

2085 861 2440 929 ἀριθμεῖσθαι
2473 862 2617 915 θέλοι
2641 882 2655 928 ;

2169 951 2311 1006 Ἀλλ’
2349 954 2438 1006 ἐπὶ
2464 957 2554 1008 τὸν
2582 958 2648 1025 μέ
2663 975 2758 1025 γαν
2788 959 2879 1012 καὶ
2906 956 3060 1025 αὖθις
3095 963 3267 1033 ῐωμεν
3300 965 3536 1029 Παῦλον,
3565 971 3660 1022 καὶ

2089 1048 2454 1116 σκοπήσωμεν
2495 1049 2560 1102 τὰ
2589 1049 2724 1117 πρὸς
2764 1051 3075 1120 Ῥωμαίους
3105 1055 3254 1126 αὐτῷ
3290 1061 3656 1129 γεγραμμένα

2087 1137 2343 1206 περὶτῆς
2390 1137 2542 1202 θείας
2595 1140 2799 1211 ταύτης
2852 1142 3159 1212 δυνάμεως.
3212 1148 3658 1203 Ἀποαειιειλύπτε⁴

2085 1243 2200 1288 ται,
2235 1229 2418 1297 φησὶν,
2470 1230 2617 1298 ὀργὴ
2659 1234 2806 1288 Θεοῦ
2839 1235 2941 1290 ἀπ’
2977 1239 3238 1303 οὐρανοῦ
3287 1241 3383 1292 ἐπὶ
3451 1243 3664 1296 πᾶσαν

2085 1320 2367 1373 ἀσέϐειαν
2405 1324 2502 1375 καὶ
2560 1324 2799 1378 ἀδικίαν
2838 1327 3184 1395 ἀνθρώπων,
3220 1329 3338 1384 τῶν
3370 1332 3482 1398 τὴν
3516 1334 3661 1400 ἀλή-

2087 1412 2252 1462 θειαν
2288 1411 2358 1463 ἐν
2386 1411 2583 1480 ἀδικίᾳ
2617 1416 3012 1484 κατεχόντων.
3072 1422 3223 1474 Διότι
3271 1423 3338 1474 τὸ
3387 1428 3664 1490 γνωστὸν

2086 1501 2192 1554 τοῦ
2231 1503 2379 1556 Θεοῦ
2407 1506 2673 1573 φανερόν
2700 1508 2875 1562 ἐστιν
2908 1509 2978 1563 ἐν
3005 1513 3232 1577 αὐτοῖς.
3272 1514 3334 1567 Ὀ
3377 1518 3522 1583 Θεὸς
3548 1520 3661 1589 γὰρ

2085 1593 2290 1659 αὺτοῖς
2342 1595 2705 1663 ἐφανέρωσε.
2763 1602 2839 1654 Τὰ
2878 1602 2986 1669 γὰρ
3039 1604 3264 1671 ἀόρατα
3314 1609 3500 1662 αὐτοῦ
3543 1612 3660 1665 ἀπὸ

2086 1685 2340 1749 κτίσεως
2381 1690 2616 1756 κόσμου
2651 1689 2774 1756 τοῖς
2807 1694 3099 1762 ποιήμασι
3137 1701 3435 1766 νοούμενα
3480 1707 3658 1756 καθο-

411 1789 521 1834 τως
547 1774 596 1825 οἰ
630 1772 730 1841 μὲν
763 1776 1062 1844 προφῆται,
1087 1777 1278 1846 φησιν,
1304 1778 1408 1830 οὐκ
1433 1774 1576 1848 εἶχον
1602 1779 1859 1848 δυνάμεις
1888 1780 1982 1834 ἀπ’
2021 1853 2052 1857 _
2079 1773 2278 1841 ρᾶται.
2312 1774 2351 1841 ἦ
2378 1793 2441 1829 τε
2480 1777 2672 1844 ἀΐδιος
2725 1783 2913 1836 αὐτοῦ
2947 1783 3202 1853 δύναμις
3249 1791 3346 1843 καὶ
3401 1793 3657 1857 θειότης.

411 1862 592 1916 αὐτῶν
622 1863 985 1934 ὲξερχομένας
1017 1882 1032 1896 ο
1062 1867 1244 1937 χάριτι
1274 1867 1382 1938 γάρ
1426 1868 1562 1921 Θεοῦ
1612 1870 1988 1941 ιθαυματούρ-
2020 1853 2061 1907 Β
2092 1866 2272 1936 Ἀπερ
2303 1867 2349 1918 οἱ
2389 1868 2632 1938 θεολόγοι
2671 1872 2934 1941 Πατὲρες,
2967 1877 3232 1946 Κύριλλός
3263 1897 3319 1932 τε
3360 1882 3454 1934 κα)⁸
3499 1853 3660 1936 ’Λεα-

412 1969 582 2021 γουν’
615 1957 642 2006 6
687 1955 743 2007 δὲ
800 1957 1004 2025 Ἰησοῦς
1048 1957 1199 2028 πηγὴ
1243 1958 1318 2012 ὢν
1381 1960 1584 2021 παντὸς
1629 1960 1833 2028 ἀγαθοῦ
1893 1964 1987 2016 καὶ

413 2047 594 2115 πέσης
641 2047 946 2114 δυνάμεως,
977 2049 1092 2120 ἔχει
1144 2052 1400 2121 δυνάμεις
1432 2052 1528 2104 ἀπ’
1564 2054 1727 2106 αὐτοῦ
1767 2055 1988 2126 ἐξερχο-

414 2137 609 2207 μένας.
639 2139 746 2193 Τοῦ
790 2139 847 2192 δὲ
880 2141 1044 2194 αὐτοῦ
1094 2142 1258 2195 πάλιν
1310 2144 1702 2210 εὐαγγελιστοῦ
1750 2148 1811 2199 τὸ
1860 2150 1987 2218 περὶ

410 2230 511 2298 τὴν
544 2231 842 2301 αἱμόρῤουν
889 2232 1173 2297 διεξιόντος
1225 2233 1318 2286 τοῦ
1367 2235 1603 2305 Χριστοῦ
1638 2237 1846 2306 θαῦμα,
1892 2243 1986 2293 καὶ

410 2321 602 2372 τοῦτον
647 2322 962 2389 εἰσάγοντος
1003 2323 1147 2378 οὕτω
1200 2328 1332 2395 πρὸς
1361 2326 1488 2388 τοὺς
1541 2325 1702 2389 ίδίους
1762 2327 1986 2396 λέγοντα

415 2411 667 2481 μαθητάς
693 2426 707 2440 ⁸
749 2414 987 2482 ’Ἥψατό
1018 2416 1139 2484 μού
1184 2434 1298 2481 τις,
1345 2417 1460 2485 ἐγὼ
1490 2418 1598 2487 rdp
1632 2419 1824 2487 ἔγνων
1877 2420 1977 2475 δύο

411 2519 593 2570 ναμιν
619 2505 995 2568 ἐξελθοῦσαν
1024 2506 1126 2560 ἀπ’
1151 2507 1319 2574 ἐμοῦ,
1351 2510 1378 2561 ό
1403 2508 1542 2571 θεῖος
1573 2507 1730 2573 αὖθις
1760 2511 1985 2582 ἐξηγού-

415 2611 576 2662 μενος
609 2598 770 2648 ταιοτὶ
821 2597 1113 2668 Κύριλλος,
1174 2599 1508 2668 Ἐξέρχεται,
1554 2601 1708 2669 φησὶ,
1755 2602 1984 2668 δύναμις

409 2689 520 2740 ἀπὸ
557 2688 818 2756 Χριστοῦ,
861 2690 921 2740 οὐ
952 2692 1190 2754 τοπικῶς
1227 2693 1648 2761 μεταϐαίνουσα,
1681 2692 1816 2746 ἀλλά
1850 2694 1982 2762 πρὸς

409 2783 539 2842 τοὺς
591 2781 782 2844 ἄλλους
821 2783 1164 2852 διαδιδομένη
1215 2784 1308 2836 καὶ
1359 2785 1414 2834 ἐν
1468 2784 1544 2852 τῷ
1609 2785 1829 2853 Χριστῷ
1889 2785 1984 2854 μέ-

411 2889 600 2937 νουσα,
643 2873 833 2940 ῶσπερ
869 2875 961 2926 καὶ
993 2875 1058 2926 τὰ
1103 2874 1402 2945 μαθήματα
1438 2878 1528 2930 καὶ
1564 2879 1713 2946 παρὰ
1764 2880 1875 2940 τοῖς
1901 2879 1983 2931 δι-

410 2965 698 3028 δασκάλοις
732 2971 839 3020 εἰσὶ
863 2971 956 3022 καὶ
990 2971 1100 3032 τοῖς
1134 2970 1468 3038 μανθάνουσι
1512 2972 1888 3040 παραδίδοται.

481 3061 649 3128 Δῆλον
691 3061 790 3129 μὲν
835 3057 949 3123 οῦν,
1000 3063 1080 3115 ὅτι
1115 3064 1346 3131 δύναμιν
1386 3064 1618 3116 ἐνταῦθα
1666 3067 1725 3118 οὐ
1761 3068 1860 3137 τὴν
1891 3068 1981 3120 οὐ-

2090 1958 2274 2022 νάσιος
2301 1961 2761 2025 ἀναπτύσσοντες,
2793 1967 3116 2037 ἀκούσωμεν
3154 1966 3242 2023 οίά
3272 1989 3453 2040 φασιν.
3489 1971 3659 2029 Εἶπεν

2091 2051 2223 2116 ἀνω,
2266 2054 2347 2106 ὅτι
2381 2054 2480 2123 τὴν
2524 2054 2618 2107 τοῦ
2649 2057 2784 2109 Θεοῦ
2830 2060 3032 2126 γνῶσιν
3065 2064 3330 2132 ἠδίκησαν
3369 2068 3418 2119 οί
3460 2051 3660 2139 ιἘλληι-

2089 2161 2200 2206 νες,
2231 2145 2416 2208 κακῶς
2460 2146 2599 2217 αὐτῇ
2642 2151 3001 2220 χρησάμενοι.
3047 2155 3221 2210 Πόθεν
3251 2152 3345 2211 οὖν
3370 2158 3529 2228 δῆλον
3575 2164 3658 2214 ὅτι

2088 2238 2290 2303 γνῶσιν
2321 2236 2502 2307 ἔσχον,
2544 2241 2639 2293 νῦν
2671 2259 2838 2310 φησιν
2863 2260 2877 2273 ·
2919 2247 3001 2298 ὅτι
3036 2247 3097 2300 τὸ
3129 2251 3370 2318 γνωστὸν
3401 2254 3494 2307 τοῦ
3522 2256 3659 2308 Θεοῦ

2089 2329 2321 2398 φανερόν
2349 2332 2496 2383 ἔστιν
2527 2331 2584 2384 ἐν
2618 2334 2820 2396 αὐτοῖς.
2855 2333 2984 2390 Εἶτα
3008 2342 3100 2393 καὶ
3128 2343 3286 2396 τοῦτο
3317 2349 3662 2403 κατασκευά-

2088 2422 2192 2485 ζει,
2236 2420 2426 2491 λέγων,
2466 2427 2544 2478 ὅτι
2591 2427 2702 2479 ἀπὸ
2737 2428 2835 2497 τῆς
2876 2431 3136 2498 εὐταξίας
3183 2437 3292 2487 τῶν
3341 2442 3659 2509 κτισμάτων

2089 2515 2416 2585 ὲκηρύττετο
2442 2519 2470 2570 6
2498 2517 2833 2588 δημιουργός
2859 2538 2872 2552 ο
2904 2523 2979 2586 ὡς
3021 2528 3048 2577 ό
3079 2528 3243 2582 Δαὸὶδ
3271 2529 3439 2598 λέγει,
3470 2535 3535 2586 οι
3561 2535 3662 2588 οὐ-

2080 2608 2254 2671 paro!
2294 2607 2641 2677 διηγοῦνται
2678 2611 2869 2675 δόξαν
2905 2616 3073 2670 Θεοῦ.
3103 2619 3176 2670 Τὸ
3205 2619 3261 2672 δὲ
3290 2623 3530 2687 γνωστὸν
3563 2626 3658 2679 τοῦ

2087 2696 2223 2749 Θεοῦ
2265 2697 2319 2749 τί
2367 2699 2537 2764 ἐστιν,
2574 2702 2746 2763 οὕτως
2787 2704 2852 2756 ἂν
2887 2705 3100 2772 μάθοις.
3143 2709 3244 2761 ἔόῦ
3293 2711 3428 2765 Θεοῦ
3457 2715 3516 2766 τὸ
3559 2716 3660 2783 μὶν

2088 2789 2237 2841 ἐστιν
2261 2790 2562 2858 ἄγνωστον,
2594 2795 2654 2862 in
2667 2813 2759 2847 ουν
2787 2797 2819 2864 ὴ
2845 2797 3001 2851 οὐσία
3022 2801 3209 2867 αὐτοῦ,
3232 2802 3290 2854 τὸ
3313 2805 3368 2856 δὲ
3408 2808 3658 2875 ίνωστὸν,

2085 2879 2199 2936 οἷον
2233 2891 2410 2939 πάντα
2447 2886 2516 2939 τὰ
2545 2889 2673 2955 περὶ
2700 2891 2797 2953 τὴν
2832 2892 3041 2955 οὐσίαν,
3077 2897 3355 2950 τουτέστιν
3397 2900 3427 2968 ή
3456 2901 3661 2967 ἀγαθό-

2085 2993 2205 3043 της,
2232 2978 2265 3045 ἠ
2297 2977 2480 3043 σοφία,
2512 2982 2544 3046 ἠ
2570 2980 2822 3047 δύναμις,
2863 2985 2895 3051 η
2927 2983 3164 3054 θειότης,
3195 2987 3231 3041 θ.
3261 3007 3352 3043 και
3395 2993 3600 3061 ἀόρατα
3631 2998 3661 3047 6

2089 3067 2300 3130 Παῦλος
2349 3067 2516 3135 λέγει,
2570 3072 2840 3140 νοούμενα
2894 3079 3004 3138 το”’ς
3044 3082 3336 3149 ποιήμασι.
3383 3084 3508 3147 Τοῖς
3566 3083 3660 3139 οὖν

409 3150 531 3202 clay
580 3151 704 3204 οὔτε
752 3155 778 3204 ὁ
808 3153 1042 3223 Χριστός
1099 3171 1282 3222 φησιν,
1338 3154 1461 3207 οὔτε
1516 3155 1783 3225 Κύριλλος
1829 3162 1856 3211 6
1911 3159 1977 3213 τά
2003 3179 2046 3236 c
2089 3157 2348 3225 Ἕλλησιν
2378 3159 2545 3224 ἔδειξε
2577 3163 2637 3215 τὸ
2670 3167 2910 3231 γνωστὸν
2937 3168 3103 3221 αὐτοῦ
3127 3174 3255 3233 πᾶν,
3288 3174 3405 3243 ἦτοι
3432 3178 3498 3228 τὰ
3531 3181 3658 3248 περὶ

407 3243 575 3294 αὐτοῦ
633 3243 1016 3312 ἐξηγούμενος.
1068 3247 1278 3314 Ἐγνων
1324 3248 1454 3317 γὰρ,
1521 3252 1677 3318 φησὶ,
1746 3251 1978 3321 δύναμιν

406 3332 756 3398 ἐξελθοῦσαν,
801 3338 893 3388 καὶ
925 3336 1153 3406 δύναμις
1193 3338 1322 3406 παρ’
1353 3341 1517 3392 αὐτοῦ
1561 3343 1848 3413 ἐξήρχετο,
1885 3347 1978 3398 καὶ

405 3422 490 3474 ὃτι
518 3426 544 3475 ό
582 3425 809 3492 Ἰησοῦς,
840 3427 1025 3494 φησὶν,
1061 3429 1172 3497 ἔχει
1200 3429 1457 3497 δυνάμεις
1488 3430 1847 3501 ἐξερχομὲνας
1883 3437 1978 3488 ἀπ’

403 3515 594 3568 αὐτοῦ.
623 3517 728 3568 Καὶ
752 3513 906 3579 αὖθις
930 3533 943 3547 ·
984 3519 1294 3589 Ἐξέρχεται
1327 3522 1552 3591 δύναμις
1587 3524 1693 3576 ἀπὸ
1717 3526 1974 3594 Χριστοῦ.

405 3605 481 3658 T6
514 3606 569 3658 δὲ
605 3608 984 3678 ἐξερχόμενος),
1015 3611 1088 3673 ὠς
1114 3613 1208 3664 καὶ
1234 3613 1376 3665 αὐτά
1406 3630 1538 3680 φησι
1569 3617 1638 3668 τὰ
1671 3616 1788 3667 θεία
1815 3617 1975 3686 ῥητὰ,

405 3695 470 3747 ἐκ
503 3714 644 3759 τινος
671 3698 974 3768 ἐξέρχεται.
1011 3701 1083 3754 Τὸ
1113 3701 1168 3754 δὲ
1206 3702 1405 3768 λέγειν,
1445 3704 1507 3756 ἐκ
1540 3723 1679 3765 ςινος
1713 3709 1979 3776 πρόερχε-

406 3786 534 3840 σθαι
559 3790 656 3858 τὴν
688 3789 839 3843 θείαν
866 3792 1075 3856 οὐσίαν,
1107 3795 1540 3864 παραφροσύνης
1571 3798 1759 3864 ἐγγύς.
1785 3799 1845 3851 Ei
1872 3804 1978 3870 γὰρ

400 3882 504 3950 τὴν
542 3883 728 3934 οὐσίαν
779 3883 1000 3953 δοίημεν
1047 3883 1109 3936 ἔκ
1157 3902 1302 3948 τινος
1352 3886 1743 3956 προέρχεσθαι,
1800 3891 1978 3943 ἐκεῖνο

403 3974 624 4035 πάντως
669 3977 761 4026 καὶ
792 3977 964 4028 αἴτιον
1000 3975 1204 4044 ταύτης
1245 3976 1513 4047 ἐροῦμεν·
1564 3980 1699 4050 ὅπερ
1750 3981 1808 4032 οὐ
1840 3983 1976 4036 Θεοῦ

404 4067 567 4136 μόκον
620 4067 926 4137 ἀλλότριον,
997 4069 1133 4122 ἀλλά
1194 4070 1288 4122 κα)⁵
1345 4071 1629 4141 προδήλως
1695 4073 1976 4128 ἀδύνατον.

402 4157 570 4212 Ὅθεν
608 4160 701 4211 καὶ
755 4162 1030 4224 Διονύσιος
1080 4163 1106 4214 6
1143 4165 1316 4231 μέγας
1363 4165 1471 4216 τῶν
1531 4166 1750 4217 πάντων
1801 4167 1979 4220 αἰτίαν

399 4249 606 4317 ταύτην
643 4251 845 4316 μᾶλλον
889 4251 1148 4316 θεολογεῖ,
1181 4252 1353 4318 λέγων
1388 4253 1559 4316 οὕτως
1587 4270 1600 4285 ⁸
1633 4255 1816 4307 Πάντα
1849 4274 1979 4323 μετ-

400 4343 512 4410 έχει
551 4342 686 4394 Θεοῦ
750 4342 1027 4410 προνοίας,
1057 4345 1120 4395 ἐκ
1161 4343 1260 4411 τῆς
1292 4344 1617 4410 ὑπερουσίου
1655 4345 1748 4398 καὶ
1780 4363 1978 4400 παναι-

2079 3248 2178 3318 τὴν
2231 3251 2421 3305 οὐσίαν
2488 3253 2690 3320 πάντα,
2760 3256 2796 3310 ἃ
2860 3257 3161 3328 ὀφθαλμοῖς
3227 3267 3326 3332 μὲν
3379 3270 3659 3336 αἰσθητοῖς

2079 3341 2287 3410 ἀόρατα
2319 3346 2444 3410 εἰσς,
2477 3346 2552 3413 νῷ
2580 3346 2634 3398 δὲ
2669 3350 2993 3418 καταληπτά
3016 3353 3105 3406 διὰ
3135 3353 3236 3423 τῆς
3274 3359 3333 3409 ἐν
3363 3361 3474 3421 τοῖς
3503 3363 3662 3431 ποιή-

2082 3449 2248 3500 μασιν
2283 3434 2557 3499 εὐταξίας.

2150 3527 2282 3594 Περὶ
2317 3526 2524 3580 τούτων
2569 3531 2662 3582 καὶ
2695 3532 2978 3596 Βασίλειος
3009 3537 3035 3588 6
3091 3536 3265 3604 μέγας
3316 3541 3450 3608 πρὸς
3494 3543 3658 3597 Εὐνό-

2081 3633 2202 3677 μιον
2238 3633 2258 3684 ἐ
2279 3617 2467 3685 ράφων
2501 3620 2639 3674 οὕτω
2675 3624 2843 3692 φησίν
2871 3641 2884 3655 ⁸
2924 3627 3084 3690 Εἰκὸς
3108 3628 3276 3698 αὐτὴν
3310 3633 3404 3683 μὲν
3432 3634 3528 3702 τὴν
3561 3637 3654 3686 of-

2081 3707 2201 3759 σίαν
2234 3709 2562 3778 ἀπερίοπτον
2601 3708 2741 3764 εἶναι
2774 3717 2960 3777 παντὶ,
2989 3719 3184 3788 πλὴνῆ
3223 3721 3299 3790 τῷ
3331 3723 3647 3790 Μονογενεί,

2076 3800 2172 3849 καὶ
2197 3800 2272 3868 τῷ
2312 3801 2452 3869 ἁγίῳ
2508 3804 2785 3872 Πνεύματι
2810 3823 2821 3835 ·
2855 3809 2917 3858 ὲν.
2957 3809 3014 3862 δὲ
3058 3811 3166 3864 τῶν
3212 3813 3506 3882 ιζ’νεργειῶν
3558 3818 3652 3869 τοῦ

2078 3888 2213 3941 Θεοῦ
2253 3892 2623 3959 ἀναγομένους
2664 3900 2832 3966 ἡμᾶς,
2879 3903 2972 3954 καὶ
3023 3902 3111 3955 διά
3163 3905 3270 3957 τῶν
3327 3909 3654 3978 ποιημάτων

2077 3983 2166 4035 τὸν
2194 3985 2424 4053 ποιητὴν
2455 3989 2794 4053 ἐννοοῦντας,
2824 3992 2925 4061 τῆς
2969 3996 3306 4066 ἀγαθότητος
3338 4001 3500 4053 αὐτοῖ
3553 4005 3648 4055 καὶ

2076 4074 2172 4141 τῆς
2214 4078 2406 4144 σοφίας
2435 4078 2736 4147 λαμὸάνειν
2754 4085 2853 4151 τὴν
2883 4086 3156 4155 αἴσθησιν.
3193 4090 3298 4142 Τοῦ
3314 4109 3363 4143 co
3398 4093 3505 4160 γάρ
3535 4097 3651 4146 ἔστι

2077 4166 2138 4216 τὸ
2164 4169 2404 4232 γνωστὸν
2457 4171 2550 4224 τοῦ
2590 4173 2747 4233 Θεου.
2799 4176 2826 4228 6
2880 4179 3044 4233 πᾶσιν
3091 4181 3399 4250 ἀνθρώποις
3439 4186 3466 4236 6
3516 4185 3652 4248 Θεὸς

2079 4258 2448 4328 ἐφανέρωσεν.
2491 4263 2549 4316 '0
2597 4264 2654 4317 δὲ
2687 4267 2913 4335 ἀδελφὸς
2959 4271 3150 4324 τούτου
3185 4275 3278 4327 καὶ
3332 4275 3514 4343 φύσιν,
3556 4279 3652 4332 καὶ

2078 4352 2298 4420 τρόπον,
2329 4354 2420 4404 καὶ
2451 4354 2661 4422 λόγους,
2703 4362 2797 4410 καὶ
2829 4360 3079 4428 θεωρίαν,
3113 4365 3410 4432 Γρηγὸριος
3441 4372 3466 4420 ό
3507 4370 3654 4421 Νύσ-

397 4437 513 4488 τίου
555 4435 811 4503 θεότητος
867 4434 1295 4505 ὲκὸλυζομένης.
1329 4437 1540 4499 Ἀλλως
1589 4455 1669 4502 τε,
1700 4440 1750 4491 ει
1776 4456 1828 4490 τι
1873 4441 1974 4509 τῆς
2006 4521 2037 4529 _
2081 4457 2181 4510 σης
2208 4445 2370 4512 φημὶ,
2401 4445 2529 4509 τοὺς
2573 4449 2967 4516 εὐαγγελικοὺς
3020 4453 3339 4524 ἑρμηνεύων
3406 4477 3647 4529 μακαρι-

399 4525 550 4588 θείας
583 4525 771 4588 οὐσίας
817 4527 931 4593 ὲρεί
975 4544 1056 4589 τις
1090 4526 1264 4580 αίτιον
1308 4521 1470 4594 εἶναι,
1524 4528 1669 4582 τοῦτ’
1713 4531 1843 4584 αὐτὸ
1875 4533 1970 4584 καὶ
2004 4521 2046 4570 D
2078 4535 2271 4602 σμοὺς,
2301 4539 2394 4588 καὶ
2429 4540 2548 4590 κατ’
2595 4543 2771 4594 ἐκείνο
2832 4543 2892 4596 τὸ
2929 4544 3068 4596 θεῖον
3124 4549 3288 4617 ῥητὸν
3333 4552 3644 4620 γενόμενα-ς,

397 4618 508 4670 τῶν
539 4618 707 4687 τριῶν
747 4618 1052 4688 θεαρχικῶν
1102 4618 1456 4672 ὐποστάσεων
1492 4622 1666 4675 αῐτιον
1700 4622 1759 4689 ἐξ
1799 4625 1972 4691 ἀνάγ-

399 4730 504 4782 κης
550 4708 692 4764 εἶναι
756 4714 1177 4775 κατασκευάσει,
1219 4709 1373 4780 κοινὴ
1424 4714 1520 4765 καὶ
1569 4713 1738 4784 γὰρὴ
1793 4715 1970 4782 οὐσία,

399 4807 495 4859 καὶ
531 4804 631 4873 μία
684 4804 918 4874 Πατρὸς,
950 4805 1042 4856 καὶ
1094 4803 1244 4868 Υἰοῦ,
1290 4806 1383 4857 καὶ
1431 4805 1591 4871 ἁγίου
1633 4805 1969 4873 Πνεύματος.

399 4897 583 4950 Αἴτιον
617 4897 675 4949 δέ
714 4913 767 4948 τι
809 4896 918 4947 τῶν
954 4896 1124 4964 τριῶν
1173 4897 1568 4966 προσκυνητῶν
1613 4896 1971 4950 ύποστάσεων

399 4990 720 5057 λέγειν,οὐκ
751 4985 868 5042 οἴδα
903 4989 1062 5041 ποίαν
1090 4988 1152 5041 οὐ
1179 4989 1510 5058 παρελαύνει
1545 4989 1792 5059 πονηρὰν
1821 4989 1974 5058 αἴρε-

401 5101 509 5137 σιν.
540 5082 614 5133 Οὐ
650 5082 811 5148 μόνον
845 5084 939 5135 καὶ
994 5083 1102 5151 γὰρ
1148 5081 1386 5151 τετράδα
1426 5081 1524 5152 τὴν
1573 5081 1735 5148 ἁγίαν
1765 5081 1972 5150 Τριάδα

399 5178 567 5240 ποιεί,
601 5177 735 5227 ἀλλὰ
769 5177 864 5228 καὶ
903 5174 1260 5228 παντοδαπῶν
1305 5174 1510 5243 ἐτέρων
1549 5174 1770 5227 ἀτόπων
1803 5173 1971 5240 ἑσμὸν

399 5266 709 5332 ἑπισάγει.
743 5265 807 5316 Τί
833 5264 887 5318 δὲ
919 5266 1001 5317 ὅτι
1035 5266 1128 5317 καὶ
1155 5264 1395 5317 δίδοσθαι
1444 5265 1542 5334 τὴν
1576 5264 1728 5318 θείαν
1754 5265 1970 5333 ἐκείνην

397 5358 628 5427 δύναμιν
657 5359 685 5410 6
711 5358 996 5421 θεσπέσιος
1025 5359 1125 5429 ἔφη
1160 5357 1465 5427 Κύριλλος;
1512 5357 1574 5409 Ἡ
1608 5358 1715 5427 γὰρ
1739 5356 1859 5409 θεία
1881 5357 1972 5408 οὐ-

402 5453 498 5504 σία
530 5454 588 5504 οὐ
626 5453 849 5514 δίδοται,
897 5454 1065 5522 φησὶν
1109 5453 1142 5522 ἡ
1194 5451 1317 5504 καθ’
1349 5453 1509 5519 ,ἡμᾶς
1544 5451 1665 5521 ἰερά
1697 5451 1967 5518 θεολογία.

412 5542 740 5612 ’Δμέθεκτος
799 5545 908 5613 γὰρ
959 5546 1308 5613 τοπαράπαν,
1343 5543 1437 5595 καὶ
1488 5543 1729 5613 ἄληπτος
1783 5542 1969 5612 ἐξίσης

397 5637 588 5706 ἁπάση
618 5641 846 5708 γεννητῇ
890 5638 1074 5704 φύσει.
1117 5639 1258 5691 Ἀλλ’
1301 5638 1424 5691 οὐδὲ
1473 5640 1662 5708 κτιστή
1697 5636 1813 5690 ποτ’
1839 5635 1904 5689 ἂν
1936 5638 1969 5705 ἡ

398 5728 626 5797 τοιαύτη
663 5729 854 5800 ῥηθείη
889 5730 1139 5799 δύναμις,
1169 5731 1273 5792 ἕως
1301 5730 1366 5783 ἂν
1396 5732 1446 5782 οί
1476 5729 1729 5797 λέγοντες
1760 5745 1972 5798 σωφρο-

401 5819 588 5876 νῶσιν.
617 5819 752 5876 Οὐδὲ
779 5824 887 5893 γὰρ
917 5823 1122 5894 κτίσμα
1153 5840 1216 5893 γε
1243 5822 1308 5878 διν
1354 5822 1440 5891 εῐη
1476 5822 1536 5876 τὸ
1570 5821 1779 5883 πάντας
1808 5820 1970 5890 ἰώμε-

2080 4630 2222 4698 φημὶ
2271 4630 2332 4697 δὴ
2383 4633 2463 4698 τὸ,
2525 4635 2814 4703 Μακάριοι
2873 4641 2929 4691 οί
2981 4643 3229 4710 καθαροὶ
3279 4644 3355 4712 τῇ
3407 4651 3644 4716 καρδίᾳ,

2075 4717 2164 4771 ὅτι
2202 4721 2370 4774 αὐτοί
2421 4721 2527 4776 τὸν
2579 4726 2728 4778 Θεὸν
2765 4726 3036 4795 ὄψονται,
3084 4731 3147 4783 Ἦ
3184 4733 3302 4785 θεία
3329 4735 3512 4801 φύσις,
3544 4755 3651 4806 φη-

2077 4811 2182 4875 σὶν,
2221 4812 2349 4864 αὐτὸ
2376 4812 2403 4864 ὅ
2435 4814 2486 4864 τί
2522 4817 2652 4868 ποτέ
2682 4819 2797 4868 ἐστι
2831 4820 2953 4871 κατ’
3007 4821 3218 4885 οὐσίαν,
3272 4824 3453 4891 πάσης
3483 4827 3650 4896 ὑπέρ-

2076 4919 2256 4955 κειται
2291 4903 2708 4975 καταληπτικῆς
2738 4909 3003 4973 ἐπινοίας.
3043 4911 3285 4974 Τοιοῦτος
3317 4914 3372 4966 δὲ
3399 4915 3474 4968 ὢν
3501 4919 3645 4970 κατὰ

2074 4997 2173 5062 τὴν
2197 4995 2366 5067 Ιφύσιν
2391 4998 2420 5048 6
2444 4996 2586 5066 ὑπὲρ
2620 4999 2803 5052 πάσαν
2835 4999 3021 5066 φύσιν,
3049 5001 3194 5072 ἄλλῳ
3223 5003 3364 5073 λόγῳ
3395 5007 3488 5059 καὶ
3515 5008 3648 5075 6ρᾶ-

2073 5102 2182 5148 ται,
2217 5086 2308 5139 καὶ
2359 5088 2868 5157 καταλαμὸάνεται,
2907 5094 2933 5143 6
2979 5093 3210 5163 ἀόρατος
3245 5096 3339 5148 καὶ
3383 5099 3648 5168 ἀπερίλη-

2075 5196 2228 5241 πτος.
2267 5178 2456 5230 Πολλοὶ
2484 5180 2539 5232 δὲ
2570 5184 2614 5232 οἱ
2648 5183 2743 5247 τῆς
2794 5184 3050 5250 τοιαύτης
3095 5191 3478 5252 κατανοήσεως
3516 5209 3543 5243 τ
3592 5192 3644 5243 $-

2074 5285 2186 5322 ποι.
2223 5271 2377 5322 Ἐστι
2416 5270 2522 5340 γὰρ
2561 5274 2654 5324 καὶ
2682 5272 2769 5327 διὰ
2803 5275 2900 5342 τῆς
2937 5278 3346 5347 ἐμφαινομένης
3373 5283 3448 5350 τῷ
3475 5285 3644 5338 παντὶ

2075 5365 2284 5429 σοφίας,
2317 5364 2407 5413 τον
2437 5366 2494 5415 ἐν
2548 5366 2708 5435 σοφίᾳ
2735 5367 2801 5417 τὰ
2847 5367 3020 5418 πάντα
3062 5371 3400 5439 πεποιηκότα
3448 5389 3645 5443 στοχα-

2073 5455 2268 5517 στικῶς
2318 5455 2464 5509 ἰδεῖν.
2509 5457 2617 5509 Καὶ
2659 5459 2766 5526 γὰρ
2803 5459 2938 5528 πρὸς
2967 5460 3058 5513 τὸν
3099 5462 3156 5512 ἐν
3197 5465 3268 5532 τῇ
3305 5465 3478 5516 κτίσει
3515 5465 3643 5534 βλέ-

2073 5562 2264 5608 ποντες
2307 5547 2527 5622 κόσμον,
2584 5548 2793 5601 ἔννοιαν
2839 5550 2899 5601 οὐ
2944 5552 3042 5622 τῆς
3095 5553 3305 5618 οὐσίας,
3358 5554 3491 5607 ἀλλὰ
3541 5558 3643 5624 τῆς

2074 5637 2267 5703 σοφίας
2316 5638 2411 5689 τοῦ
2452 5639 2518 5692 τά
2559 5641 2734 5692 πάντα
2781 5643 3148 5712 πεποιηκότος
3189 5644 3638 5714 ἀνατυπούμεθα.

2073 5730 2195 5782 Κᾶν
2229 5730 2328 5797 τῆς
2359 5732 2635 5801 ἡμετέρας
2660 5731 2934 5804 ζωῆςπὴν
2962 5736 3144 5790 αἰτίαν
3165 5737 3532 5806 λογισώμεθα.
3558 5739 3642 5792 ὅτι

2071 5820 2168 5875 οὐκ
2206 5820 2265 5888 ἐξ
2303 5822 2570 5894 ἀνάγκης,
2599 5824 2712 5879 ἀλλ’
2743 5826 2800 5892 ἐξ
2829 5825 3040 5899 ἀγαθῆς
3072 5829 3444 5900 προαιρέσεως
3473 5823 3639 5900 ἦλθεν
