4470 6450
815 383 918 445 867

1843 389 2273 452 PHILOTHEI
2311 389 2418 452 ΕΡ.
2465 389 2974 454 ΡΔΤΗΙᾹΒΟΗΕ

3968 401 4084 464 868

813 500 893 561 είς
919 497 980 550 τὸ
1026 498 1210 554 κτίσαι
1244 501 1338 555 τὸν
1372 500 1682 571 ἄνθρωπον,
1719 499 1886 557 πάλιν
1931 501 2028 556 καὶ
2065 500 2154 553 διὰ
2204 498 2393 552 τούτου
2428 505 2470 561 Α
2500 499 2595 561 τὰς
2627 503 3018 573 οἰκουμενικάς
3055 501 3182 574 ἐξῆς
3214 504 3407 577 βλέψαι
3463 505 3540 578 τῷ
3591 506 3735 578 λόγῳ
3804 513 4080 579 συνόδους,

811 592 907 646 τοῦ
943 592 1149 664 τρόπου
1177 595 1483 664 ἐωρακέναι
1515 595 1745 664 λέγομεν
1767 594 1858 647 τὸν
1892 593 2046 656 Θεὸν,
2071 595 2170 663 τῆς
2192 592 2394 659 ἀγαθό·

811 701 996 753 τητος,
1029 685 1088 738 οὐ
1120 685 1219 754 τῆς
1263 684 1450 748 οὐσίας
1491 687 1548 738 ἐν
1594 685 1847 757 περινοίᾳ
1892 683 2190 753 γινόμενοι.
2235 681 2391 738 Οὕτω

811 777 908 829 καὶ
939 777 1028 829 ἐπὶ⁵
1067 777 1174 829 τῶν
1203 777 1379 830 ἄλλων
1415 778 1633 830 πάντων
1657 791 1672 807 °
1701 779 1728 831 6
1757 779 1865 848 γὰρ
1898 779 1958 847 τῇ
2004 776 2166 846 φύσει
2217 776 2390 846 ἀόρα-

812 883 901 929 τος
935 868 1126 934 όρατδς
1181 870 1303 931 ταῖς
1347 867 1652 938 ἐνεργείαις
1720 871 1950 936 γίνεται,
2006 868 2064 920 ἐν
2121 885 2229 920 τισι
2280 868 2393 929 τοῖς

812 959 941 1027 περὶ
981 959 1142 1012 αὐτὸν
1206 960 1456 1027 ἰδιώμασι
1507 959 1924 1030 καθορώμενος.
1968 959 2107 1013 Ἀλλ’
2151 959 2209 1011 οὐ
2256 960 2392 1030 πρὸς

811 1051 968 1104 τοῦτο
1008 1051 1197 1122 βλέπει
1246 1052 1407 1121 μόνον
1446 1052 1541 1107 τοῦ
1582 1052 1940 1123 μακαρισμοῦ
1994 1054 2024 1121 ή
2067 1052 2298 1116 διάνοια,
2333 1052 2393 1106 τὸ

811 1143 875 1196 ἐκ
913 1161 1056 1206 τινος
1093 1146 1376 1216 ἐνεργείας
1417 1146 1510 1199 τδν
1550 1145 1879 1215 ἐνεργοῦντα
1913 1144 2173 1199 δύνασθαι
2205 1145 2392 1198 τοῦτον

809 1235 1259 1304 ἀναλογίσασθαι.
1317 1239 1531 1291 Γένοιτο
1560 1237 1671 1306 γάρ
1711 1237 1776 1291 ἂν
1831 1238 1962 1300 ῐσως
2005 1238 2097 1289 καὶ
2147 1237 2259 1297 τοῖς
2293 1236 2389 1289 τοῦ

813 1327 1007 1390 αἰῶνος
1038 1328 1230 1381 τούτου
1269 1331 1452 1396 σοφοῖς
1497 1330 1585 1383 διὰ
1615 1331 1714 1398 τῆς
1762 1327 1852 1383 τοῦ
1886 1330 2092 1397 κόσμου
2148 1327 2389 1398 εὐαρμοο

814 1421 1034 1491 στίαςή
1085 1422 1182 1490 τῆς
1217 1421 1592 1494 ὐπερκοσμίου
1635 1422 1826 1490 σοφίας
1861 1439 1922 1475 τε
1970 1423 2064 1474 καὶ
2110 1421 2393 1490 δυνάμεως

812 1512 1159 1579 κατανόησις.
1195 1513 1448 1582 Μάξιμος
1489 1515 1543 1566 δὲ
1570 1516 1596 1566 6
1624 1514 1796 1582 μέγας
1824 1514 1944 1568 κατ’
1983 1513 2174 1582 ἄμφω,
2207 1514 2306 1581 τήν
2333 1529 2390 1564 τε

813 1604 963 1657 θείαν
996 1605 1139 1673 φημὶ
1167 1605 1260 1656 καὶ
1285 1607 1384 1672 τὴν
1436 1603 1786 1674 ἀνθρωπίνην
1829 1605 2040 1671 σοφίαν,
2083 1604 2174 1655 καὶ
2204 1603 2267 1670 δή
2299 1598 2392 1655 καλ

808 1692 1146 1762 όμολογητὴς
1174 1693 1281 1746 τῶν
1313 1694 1572 1747 τοιούτων
1623 1697 1814 1764 μέχρις
1861 1693 2114 1762 αἵματος,
2143 1693 2202 1746 τὸ
2227 1692 2392 1764 ρηθέν

809 1785 1167 1839 ἁποστολικὺν
1187 1786 1349 1856 ῥη⁴ιὸν
1369 1787 1754 1858 ἐξηγούμενος,
1774 1787 1952 1841 τοιάδε
1977 1789 2142 1858 φησίν
2164 1803 2176 1818 ⁸
2200 1787 2263 1840 Οἰ
2281 1787 2391 1840 τῶν

807 1876 975 1930 ὄντων
997 1878 1146 1944 λόγοι
1169 1879 1725 1949 προκαταρτισθέντες
1747 1881 1852 1949 πρὸ
1870 1879 1978 1932 τῶν
2001 1879 2212 1932 αἰώνων
2231 1882 2287 1933 ἐν
2311 1880 2388 1949 τῷ

807 1969 944 2037 Θεῷ,
981 1970 1161 2034 καθὼς
1186 1967 1326 2024 οἶδεν
1349 1972 1530 2034 αὐτὸς,
1551 1973 1771 2042 ἀόρατοι
1793 1971 1966 2035 ὅντες,
1987 1970 2080 2034 οὓς
2098 1973 2192 2024 καὶ
2209 1973 2388 2039 ἀγαθὰ

808 2063 1094 2132 θελήματα
1139 2063 1322 2116 καλεῖν
1355 2066 1466 2126 τοῖς
1537 2063 1703 2126 θείοις
1748 2064 1898 2116 ἐστὶν
1941 2063 2058 2126 ἔθος
2108 2065 2385 2134 ἀνδράσιν,

809 2155 919 2206 ἀπὸ
967 2155 1075 2206 τῶν
1107 2155 1432 2224 ποιημάτων
1473 2155 1755 2217 νοούμενοι
1800 2156 2158 2224 καθορῶνται.
2206 2158 2388 2212 Πάντα

806 2248 915 2316 γὰρ
951 2247 1016 2300 τά
1046 2248 1326 2316 ποιήματα
1364 2245 1456 2299 τοῦ
1513 2246 1670 2311 Θεοῦ,
1722 2248 1863 2300 κατά
1899 2247 2063 2314 φύσιν
2116 2249 2254 2318 μετὰ
2290 2249 2389 2317 τῆς

807 2340 1036 2408 δεούσης
1087 2341 1404 2410 ἐπιστήμης
1461 2339 1782 2407 γνωστικῶς
1817 2339 1905 2408 ὐφ’
1947 2339 2102 2410 ήμῶν
2150 2340 2389 2411 θεωρού-

812 2449 969 2501 μενα,
1005 2433 1130 2494 τοὺς
1175 2433 1296 2485 καθ’
1338 2431 1429 2494 οὒς
1485 2433 1817 2501 γεγένηνται
1867 2432 2083 2501 λόγους,
2137 2433 2389 2503 κρυφίως

808 2526 940 2594 ήμῖν
969 2523 1396 2590 ἀπαγγέλλουσι,
1433 2522 1530 2575 καὶ
1568 2524 1662 2576 τὸν
1715 2522 1801 2591 ἐφ’
1851 2524 2065 2594 ἑκάστῳ
2120 2527 2386 2593 ποιήματι

807 2616 952 2668 θεῖον
1007 2616 1209 2668 σκοπὸν
1254 2616 1464 2677 ἑαυτοῖς
1526 2614 1946 2682 συνεκφαίνουσι
1975 2631 1987 2645 ο
2038 2616 2172 2668 καθὸ
2212 2617 2306 2669 καὶ
2337 2617 2387 2669 οἰ

807 2706 1028 2776 οὐρανοὶ
1075 2706 1393 2776 διηγοῦνται
1449 2703 1608 2768 δόξαν
1657 2704 1815 2770 Θεοῦ,
1846 2707 1943 2759 καὶ
1994 2707 2055 2758 τδ
2099 2707 2386 2777 στερέωμα

807 2801 906 2867 τὴν
936 2802 1044 2854 τῶν
1092 2799 1295 2875 χειρῶν
1331 2797 1656 2866 ἀναγγέλλει
1695 2798 1935 2868 ποίησιν.
1993 2798 2184 2861 Ἀῖδιος
2211 2799 2267 2851 δέ
2304 2799 2390 2852 δύο

808 2893 973 2960 ναμίς
1021 2895 1179 2954 ἐστι,
1236 2893 1393 2962 φησὶ,
1428 2892 1521 2944 καὶ
1560 2891 1797 2958 θειότης,
1856 2891 1888 2960 ή
1944 2889 2234 2959 συνεκτικὴ
2279 2890 2387 2943 τῶν

808 2984 980 3035 ὀντων
1013 2984 1262 3052 πρόνοια,
1317 2983 1410 3034 καὶ
1443 2985 1475 3050 ή
1539 2974 1662 3035 κατ’
1709 2982 1881 3052 αὐτὴν
1936 2981 2241 3051 ἐκθεωτικὴ
2271 2981 2380 3035 τῶν

810 3076 1223 3143 προνοουμένων
1253 3074 1530 3144 ἐνέργεια.

880 3167 940 3220 Εἰ
964 3167 1019 3219 δέ
1054 3168 1148 3219 καὶ
1178 3166 1480 3235 πράγματα
1507 3166 1576 3218 τὰ
1600 3165 1730 3234 περὶ
1756 3166 1849 3217 τὸν
1881 3165 2017 3219 Θεὸν
2042 3166 2219 3220 ταῦτα
2253 3166 2384 3237 περὶ
2415 3199 2457 3258 C

807 3253 882 3312 ὧν
918 3261 945 3312 ό
979 3258 1214 3328 Χριστός
1241 3259 1394 3326 ἔλεγε
1426 3261 1562 3328 πρὸς
1581 3259 1672 3309 τὸν
1695 3258 1891 3310 ἐαυτοῦ
1917 3259 2156 3329 Πατέρα,
2181 3258 2386 3312 Πάντα

809 3352 882 3406 τὰ
926 3350 1036 3419 ἐμὰ
1079 3349 1162 3404 σά
1211 3350 1342 3403 ἐστι
1369 3389 1384 3414 ,
1434 3351 1531 3402 καί
1576 3351 1648 3403 τὰ
1693 3351 1777 3404 σὰ
1826 3349 1976 3418 ἐμὰ,
2030 3350 2146 3413 καὶ,
2183 3352 2388 3404 Πάντα

809 3447 926 3500 ὅσα
971 3448 1093 3515 ἕχει
1140 3448 1172 3499 ό
1220 3446 1423 3514 Πατὴρ
1471 3445 1584 3515 ἐμά
1627 3446 1820 3510 ἐστιν,
1866 3447 1913 3498 εἰ
1944 3445 2037 3499 οῦν
2087 3447 2180 3498 καὶ
2211 3447 2390 3513 πράγ-

812 3556 1000 3607 ματα,
1051 3539 1144 3591 καὶ
1199 3539 1430 3592 ἄκτιστα
1461 3580 1476 3604 ,
1527 3539 1622 3591 καὶ
1671 3539 1770 3590 οὐκ
1818 3537 1974 3590 οὐσία
2025 3537 2159 3589 Θεοῦ
2213 3538 2389 3592 ταῦτά

809 3634 939 3694 εἰσι,
971 3629 1112 3683 κατά
1144 3633 1267 3692 τούς
1324 3629 1597 3698 ἐξηγητάς
1625 3629 1734 3682 τῶν
1760 3628 2103 3696 Εὐαγγελίων
2151 3629 2244 3681 καὶ
2276 3628 2392 3682 θεο-

809 3723 1003 3789 λόγους
1021 3721 1266 3783 τούτους,
1306 3721 1340 3775 ἃ
1387 3721 1451 3791 δή
1496 3721 1591 3774 καὶ
1645 3721 1886 3788 γνωστὸν
1947 3720 2042 3772 τοῦ
2085 3719 2244 3782 Θεοῦ,
2297 3720 2391 3773 καὶ

812 3813 1088 3879 πλήρωμα
1124 3815 1222 3882 τῆς
1253 3811 1509 3878 θεότητος
1533 3813 1626 3864 καὶ
1667 3812 1839 3865 ἀΐδιον
1903 3811 2072 3863 αὐτοῦ
2130 3812 2386 3880 δύναμιν,

811 3909 903 3957 καί
928 3905 1182 3973 θειότητα
1222 3907 1248 3957 ό
1278 3904 1602 3967 Ἀπόστολος
1643 3905 1872 3973 γράφων
1924 3902 2153 3968 ἐδίδαξε,
2209 3903 2393 3956 λείπε-

811 4013 900 4048 ται
935 3999 1032 4068 τῆς
1065 3996 1212 4060 θείας
1232 3998 1447 4064 φύσεως
1495 3996 1763 4066 ἰδιώματα
1827 3995 1999 4047 ταῦτα
2039 3995 2244 4063 λέγειν,
2298 3997 2392 4048 καλ⁵

814 4089 1092 4159 ἐνεργείας
1123 4089 1401 4150 οὐσιώδεις
1436 4089 1606 4156 αὐτῆς
1649 4087 1787 4156 μετά
1820 4085 1927 4138 τῶν
1961 4086 2230 4151 θεολόγων
2263 4084 2389 4137 τού-

814 4199 940 4247 των,
977 4181 1257 4232 Βασιλείου
1292 4179 1434 4248 φημὶ
1456 4177 1547 4231 τοῦ
1602 4179 1864 4248 μεγάλου,
1908 4179 2001 4229 καὶ
2055 4177 2384 4248 Γρηγορίου,

814 4277 912 4326 καὶ
963 4273 1241 4341 Μαξίμου,
1292 4272 1385 4324 καὶ
1429 4272 1494 4341 δὴ
1542 4273 1636 4324 καὶ
1680 4270 1772 4323 τοῦ
1823 4269 1984 4341 χοροῦ
2036 4270 2140 4324 τῶν
2191 4270 2394 4323 λοιπῶν

811 4366 1107 4432 θεολόγων,
1135 4359 1214 4426 οἷς
1248 4365 1310 4434 δὴ
1343 4366 1433 4418 καὶ
1461 4366 1488 4414 ὁ
1518 4364 1581 4415 ἐκ
1603 4361 1898 4430 Δαμασκοῦ
1925 4361 2173 4429 θεολόγος
2217 4357 2395 4415 Ἰωάν-

813 4475 915 4525 νης
965 4455 1224 4525 συνᾴδων,
1270 4456 1403 4508 ἄλλα
1445 4470 1503 4506 τε
1553 4453 1777 4506 πλεῖστα
1831 4456 1959 4524 περὶ
2010 4454 2218 4506 τούτων
2265 4454 2394 4507 θαυ-

2497 592 2591 644 καὶ
2625 593 2822 661 μαθεῖν
2865 597 2912 648 εί
2941 597 3034 648 καί
3070 613 3213 661 τινες
3243 598 3302 664 ἐξ
3331 598 3518 654 αὐτῶν
3586 603 3716 672 περί
3779 602 3934 668 θείας
3989 607 4081 660 οὐ·

2497 682 2616 745 σίας
2649 683 2765 753 ἅμα
2789 687 2885 738 καὶ
2911 687 3196 758 ἐνεργείας
3223 685 3400 754 εἷπον,
3431 692 3523 744 καὶ
3543 691 3597 744 εἴ
3622 710 3685 760 γε
3742 696 3837 754 καὶ
3892 697 4082 768 διαφο-

2497 777 2597 844 ράν
2618 792 2738 830 τινα
2779 775 3063 850 θεοπρεπῆ
3123 782 3218 833 καὶ
3270 780 3547 852 διάκρισιν
3592 785 3686 838 ἐπὶ
3737 786 3942 841 τούτων
3989 793 4081 844 καὶ

2494 859 2653 920 αὗται
2681 867 2992 932 σκοποῦσιν,
3026 874 3054 940 ἢ
3093 872 3282 935 ἀπλῶς
3312 873 3370 926 ἐν
3395 891 3446 928 τι
3479 876 3571 928 καὶ
3602 876 3896 949 ἀδιάφορον
3923 879 4078 935 ῐσασι

2493 957 2690 1022 ταῦτα,
2717 963 2809 1014 καὶ
2845 961 2901 1014 τδ
2931 963 3060 1014 αὐτὸ
3084 963 3178 1016 νῦν
3211 964 3310 1033 μέν
3359 965 3550 1020 οὐσίαν
3602 968 3859 1036 λέγεσθαί
3914 990 4075 1041 φασι,

2494 1049 2589 1103 νῦν
2630 1051 2675 1104 δ’
2699 1055 3020 1124 ἐνέργειαν,
3054 1055 3150 1108 νῦν
3181 1057 3234 1111 δὲ
3265 1059 3363 1126 τὴν
3403 1059 3500 1126 μέν
3539 1061 3728 1114 οὐσίαν
3773 1063 4031 1119 άκτιστον
4057 1105 4073 1130 ,

2493 1142 2590 1214 τὴν
2615 1143 2672 1196 δὲ
2698 1146 2988 1216 ἐνέργειαν
3027 1147 3233 1218 κτίσμα
3273 1149 3370 1220 τήν
3390 1150 3562 1206 θείαν.
3595 1153 3808 1224 nam:
3843 1158 3936 1210 καὶ
3965 1159 4075 1228 γάρ

2495 1250 2611 1297 πως
2639 1237 2752 1298 τοῖς
2785 1240 2915 1309 περὶ
2940 1238 3030 1292 τὸν
3058 1239 3348 1307 φιλόσοφον
3371 1241 3665 1313 Γρηγορᾶν
3693 1248 3978 1316 νομίζεται
4009 1252 4078 1304 τὰ

2495 1325 2745 1390 τοιαῦτα,
2772 1329 2868 1379 καὶ
2898 1329 3135 1393 πίστεως
3167 1330 3426 1400 ἀντικρυς
3451 1335 3575 1405 ὄρος
3595 1377 3610 1402 ,
3637 1337 3734 1389 καὶ
3768 1339 4040 1408 σύμϐολον
4058 1383 4072 1406 ,

2495 1414 2555 1480 ἐξ
2584 1417 2889 1472 ’Λκινδύνου
2936 1436 2994 1473 τε
3041 1424 3137 1477 καὶ
3181 1423 3448 1494 Βαρλαάμ
3492 1429 3574 1491 εἰς
3622 1429 3822 1492 αὐτοὺς
3867 1433 4077 1486 ἀνωθεν

2493 1510 2770 1562 κατιόνταο
2812 1511 3037 1577 τούτους
3055 1515 3148 1568 καὶ
3173 1517 3280 1586 γάρ
3303 1519 3396 1570 καὶ
3418 1519 3658 1588 πατέρας
3693 1523 3788 1574 καὶ
3822 1521 4076 1578 διδασκά-

2494 1597 2620 1662 λους
2656 1600 2820 1655 θείων
2875 1606 3192 1673 δογμάτων,
3260 1609 3355 1660 καὶ
3416 1607 3657 1680 Χριστοῦ
3719 1612 4070 1684 Ἐκκλησίαν,

2494 1688 2593 1740 οὐκ
2620 1688 2811 1753 ἄλλους
2832 1691 3077 1760 ἀκριϐῶς
3136 1691 3338 1756 ἰσασιν.
3370 1696 3419 1748 εἰ
3453 1698 3549 1750 καὶ
3593 1697 3951 1768 κρύπτουσιν,
3980 1703 4072 1756 ὐπ’

2496 1782 2760 1852 αἰσχύνης
2803 1782 2900 1846 τὰς
2939 1787 3312 1855 προσηγορίας
3341 1788 3586 1853 ἐκείνων,
3622 1789 3741 1843 ἐστι
3775 1791 3832 1843 δέ
3859 1793 3947 1847 ὅτε
3978 1795 4072 1848 καὶ

2497 1873 2575 1943 τῷ
2605 1874 2906 1944 άναθέματι
2938 1879 3221 1948 παρρησία
3253 1879 3636 1936 καθυπέόαλον
3663 1883 3756 1936 ὑπ’
3801 1885 4067 1955 ἀνάγκης,

2497 1965 2554 2017 ἐν
2582 1983 2642 2033 γε
2664 1969 2777 2029 τοῖς
2805 1973 3003 2033 κοινοῖς
3029 1973 3061 2040 ή
3072 1973 3188 2039 μῶν
3225 1989 3280 2024 τε
3303 1975 3571 2028 κάκείνων
3627 1975 3907 2046 συλλόγοις
3967 1979 4070 2045 μάο

2495 2058 2671 2112 λιστα.
2712 2059 2864 2113 Ἐπεὶ
2899 2062 3030 2128 γοῦν
3061 2064 3156 2126 τὰς
3197 2065 3350 2132 ἰεράς
3383 2069 3595 2131 ἐκείνας
3625 2068 3732 2122 τῶν
3765 2072 4068 2123 θεσπεσίων

2497 2150 2754 2220 Πατέρων
2789 2152 3039 2215 συνόδους
3071 2156 3210 2221 μετά
3239 2158 3306 2208 τα
3335 2157 3581 2226 τέσσαρα
3609 2159 3846 2230 Χριστοῦ
3891 2161 4070 2228 Εὐαγ-

2495 2243 2653 2311 γέλια
2683 2243 2834 2308 τάξει
2865 2246 2971 2298 τινὶ
3011 2247 3103 2298 καὶ
3136 2248 3406 2318 ἀξιώματι
3455 2249 3612 2321 ἐσχεν
3667 2253 3830 2316 εὐθὺς
3880 2254 3911 2322 ή
3972 2252 4067 2306 τοῦ

2495 2335 2736 2406 Χριστοῦ
2780 2339 3100 2408 Ἐκκλησία,
3129 2343 3225 2394 καὶ
3255 2342 3626 2410 παράτούτων
3649 2343 3829 2396 αὐτῶν
3855 2345 3944 2396 τὸν
3973 2345 4068 2412 τῆς

2497 2429 2740 2492 πίςτεως
2769 2430 2971 2498 εὐσεσῆ
2997 2431 3251 2494 λαῦόντες
3285 2433 3480 2502 ἔχομεν
3502 2436 3648 2504 ὅρον,
3675 2435 3771 2487 καὶ
3793 2434 3861 2487 τά
3890 2435 4070 2488 αὐτῶν

2500 2520 2624 2590 ιερά
2646 2521 2913 2587 δόγματα,
2949 2523 3130 2585 πίστις
3161 2525 3294 2592 ἡμῖν
3347 2525 3618 2595 ἀπλανὴς,
3676 2527 3766 2579 καὶ
3789 2526 4066 2590 εὐσέϐεια,

2494 2612 2586 2664 καὶ
2621 2611 2901 2682 ὀρθοδοξία
2922 2614 3225 2682 νομίζεται,
3244 2615 3344 2669 ὅσα
3373 2615 3432 2669 τέ
3455 2634 3597 2685 φημι
3626 2619 3877 2688 περὶτῆς
3905 2617 4069 2687 θεαρ-

2497 2702 2656 2772 χικῆς
2693 2705 2786 2756 καὶ
2823 2707 3112 2775 όμοουσίου
3145 2707 3395 2774 τριάδος,
3426 2712 3522 2763 καὶ
3553 2709 3652 2762 ὅσα
3685 2709 3814 2780 περὶ
3849 2710 3946 2778 τῆς
3981 2710 4070 2762 διὰ

2496 2797 2700 2865 σαρκὸς
2730 2799 3064 2867 οἰκονομίας,
3100 2800 3194 2852 καὶ
3219 2801 3314 2868 τῆς
3340 2799 3597 2870 θεότητος
3628 2801 3720 2854 τοῦ
3750 2800 4070 2872 μονογενεῦς

2497 2888 2628 2941 Υἱοῦ
2659 2889 2751 2942 τοῦ
2779 2889 2916 2943 Θεοῦ
2946 2891 3040 2944 τοῦ
3088 2895 3188 2962 τῆς
3219 2895 3539 2964 ξωαρχικῆς
3581 2894 3786 2966 ταύτης
3840 2895 4068 2965 Τριαδος

2496 2983 2635 3045 ἐνός.
2668 2985 2728 3035 UP
2758 2986 2910 3037 αὐτοὶ
2950 2987 3056 3055 γὰρ
3112 2989 3209 3040 καὶ
3232 2987 3555 3058 καθαιρέται
3592 2992 3772 3060 πάσης
3805 2993 4071 3060 αἰρέσεως

2496 3074 2592 3125 καὶ
2623 3073 2964 3138 κακοδοξίας,
2985 3078 3078 3127 καὶ
3109 3078 3206 3140 τῆς
3237 3079 3356 3130 κατ’
3379 3080 3664 3132 εὐσέϐειαν
3684 3081 3944 3151 ἀληθείας
3969 3085 4071 3136 πά-

2495 3179 2593 3233 σης
2623 3166 2763 3232 μετά
2805 3166 2902 3235 τήν
2948 3166 3056 3217 τῶν
3088 3165 3287 3233 λογίων
3327 3169 3678 3224 διδασκαλίαν
3724 3172 3966 3240 Πατέρες
4011 3189 4069 3224 τε

2491 3254 2582 3305 καὶ
2612 3252 2939 3318 διδάσκαλοι,
2977 3256 3070 3307 καὶ
3099 3257 3184 3308 διά
3220 3256 3378 3309 τοῦτο
3415 3258 3509 3310 καὶ
3538 3259 3637 3328 τὴν
3669 3262 3804 3331 πρδς
3832 3263 4070 3326 ἐκείνους

2495 3344 2646 3414 ἰεράν
2677 3347 2994 3413 συμφωνίαν
3025 3349 3164 3414 μετά
3199 3349 3296 3415 τὴν
3319 3348 3416 3418 τῆς
3442 3349 3697 3420 θεότητος
3729 3355 3909 3406 πᾶσαν
3936 3356 4070 3422 όμο-

2490 3436 2677 3503 λογίαν
2705 3439 2882 3501 εὐθὺς,
2912 3440 3003 3490 καὶ
3036 3439 3216 3508 ἰερέας
3236 3441 3373 3508 ἅμα,
3401 3442 3494 3494 καλ⁵
3525 3443 3802 3508 βασιλέας,
3829 3447 3922 3498 καλ⁵
3946 3449 4069 3508 τοὺς

2492 3526 2552 3591 ἐξ
2600 3530 2819 3582 οἰασοῦν
2878 3533 3142 3600 αἱρέσεως
3194 3535 3516 3602 προσιόντας
3564 3538 3630 3605 τῇ
3680 3537 3772 3588 τοῦ
3825 3538 4065 3607 Χριστοῦ

2504 3621 2828 3692 Ἐκκλησία,
2863 3623 2959 3675 καὶ
2983 3625 3195 3686 πάντας
3219 3625 3560 3695 ἀπαιτοῦμεν
3583 3627 3741 3694 όμοῦ,
3784 3631 3918 3698 φέρε
3977 3633 4070 3683 καὶ

2493 3715 2754 3766 τάκείνων
2777 3717 2840 3768 ἐκ
2876 3717 3072 3784 μέρους
3107 3718 3478 3780 ἀναλαϐόντες
3510 3721 3839 3789 κατίδωμεν.
3881 3722 3946 3774 Ἦ
3971 3723 4070 3789 μέν

2490 3802 2584 3858 οὖν
2614 3807 2744 3874 ἀγία
2778 3808 2872 3859 καὶ
2899 3809 3248 3879 οἰκουμενικὴ
3286 3809 3515 3879 πέμπτη
3554 3813 3772 3875 σύνοδος
3823 3816 3888 3867 τά
3925 3816 4068 3885 Ὠρι-

2494 3900 2683 3966 γένους
2712 3917 2770 3952 τε
2804 3903 2895 3953 καὶ
2927 3902 3184 3970 Διδύμου,
3221 3903 3313 3954 καὶ
3354 3901 3645 3972 Εὐαγρίου,
3675 3906 3767 3958 καὶ
3803 3906 3901 3975 τῆς
3937 3909 4067 3975 περὶ

2495 3993 2737 4053 ἐκείνους
2763 3993 3094 4061 συμμορίας,
3133 3994 3275 4061 μετά
3327 3993 3598 4047 πλείστων
3646 3997 3912 4048 ἐνιαυτῶν
3967 4014 4072 4048 πε-

2497 4085 2702 4155 ριόδους
2724 4086 2962 4136 κάκιστα
3005 4086 3421 4155 συγγράμματά
3448 4105 3506 4138 τε
3535 4089 3627 4139 καὶ
3656 4088 3906 4156 δτέγματα
3939 4106 4071 4141 σκο-

2495 4177 2765 4245 πουμένη,
2822 4175 2968 4244 ἐώρα
3018 4178 3113 4228 καὶ
3162 4179 3270 4247 γὰρ
3323 4178 3418 4230 τοῦ
3468 4179 3564 4248 τῆς
3605 4180 3928 4246 Ἐκκλησίας
3974 4198 4075 4234 κα-

2495 4269 2607 4331 κῶς
2671 4286 2823 4331 τινας
2893 4270 2983 4322 ὐπ’
3024 4270 3202 4324 αὐτῶν
3279 4271 3488 4324 τούτων
3561 4272 4064 4341 ἐπηρεαζομένους,

2500 4361 2717 4429 Ἔλεγε,
2746 4363 2930 4430 φησιν,
2960 4362 2988 4413 6
3015 4361 3294 4432 Ὧριγένης
3326 4361 3382 4414 ἐν
3409 4378 3472 4430 γε
3500 4363 3608 4425 τοῖς
3639 4363 3801 4416 αὐτοῦ
3830 4363 4072 4433 δηλονότι

2498 4456 2924 4523 συγγράμμασι,
2958 4454 3208 4506 συναῖδια
3238 4449 3377 4505 εἰναι
3406 4457 3481 4506 τα-
3495 4453 3570 4523 τῷ
3594 4455 3733 4524 Θεῷ,
3771 4456 3862 4508 καὶ
3884 4453 3942 4519 ἐξ
3987 4459 4072 4508 ἀϊ-

823 4547 1030 4614 μασίως
1059 4546 1317 4609 θεολογεῖ,
1353 4545 1409 4609 ἐξ
1442 4529 1515 4597 ών
1545 4543 1608 4612 δὴ
1643 4546 1737 4597 καὶ
1769 4547 1926 4614 ήμεῖς
1957 4543 2194 4614 ἐροῦμεν
2249 4548 2393 4598 κατὰ
2425 4555 2469 4611 ι)
2497 4544 2780 4606 δίουθντος
2797 4543 2889 4598 τοῦ
2925 4543 3060 4597 Θεοῦ
3108 4543 3167 4608 ἐξ
3193 4545 3364 4598 ἀῖδίου
3389 4541 3524 4597 εἶναι
3554 4545 3620 4596 τὰ
3674 4547 3971 4615 κτίσματα.
4012 4547 4072 4599 Εἰ

820 4639 1032 4706 καιρὸν,
1067 4639 1160 4689 καί⁵
1191 4637 1273 4688 ὅτι
1301 4635 1601 4705 αὐχήματα
1633 4635 1732 4704 τῆς
1767 4635 2018 4704 θεότητός
2051 4638 2158 4688 εἰσι
2193 4637 2390 4703 ταῦτα,

819 4722 895 4781 ὧν
921 4728 1060 4789 αὐτη
1096 4728 1367 4798 μετέδωκε
1400 4744 1474 4794 το,
1498 4725 1712 4794 σώματι
1742 4725 1818 4795 τῷ
1851 4727 2187 4797 Δεσποτικῷ.

893 4825 1001 4878 Καὶ
1031 4825 1096 4876 τὰ
1133 4824 1230 4892 μὲν
1261 4823 1368 4874 τῶν
1397 4820 1592 4889 λογίων
1626 4821 1743 4882 ἃλις
1774 4823 1909 4889 ήμῖν
1939 4820 2203 4889 ἐχόντων,
2236 4819 2394 4889 τοτή-

823 4934 990 4987 μερον
1019 4912 1159 4968 εἷναί
1195 4931 1337 4989 φημι
1359 4915 1518 4978 τέως,
1546 4913 1703 4980 ὀλίγα
1734 4913 1830 4981 μέν
1867 4914 1929 4965 ἐκ
1954 4912 2187 4972 πολλῶν,
2221 4913 2386 4964 ἱκανά

815 5008 897 5069 δέ,
920 5006 994 5068 ώς
1030 5004 1138 5072 ἐγώ
1173 5020 1316 5073 φημι
1352 5007 1444 5056 καὶ
1483 5003 1657 5056 ταῦτα
1714 4999 2095 5055 πιστώσασθαι
2139 5003 2237 5071 τὴν
2286 5003 2394 5054 τῶν

816 5099 1064 5166 ἀρχαίων
1094 5099 1318 5150 ἐκείνων
1345 5097 1682 5150 διδασκάλων
1713 5097 1807 5150 καὶ
1834 5095 2098 5165 διαδόχων
2123 5096 2229 5147 τῶν
2256 5096 2392 5147 ἀποο

817 5191 1024 5244 στόλων
1060 5189 1358 5256 θεολογίαν,
1412 5189 1674 5260 Ἰεροθέου
1705 5205 1762 5242 τε
1822 5190 1916 5242 καὶ
1943 5187 2395 5257 Διονυσίου,ὅπερ

819 5281 850 5332 6
879 5282 1032 5345 λόγος
1057 5281 1325 5349 ὑπέσχετο
1353 5280 1543 5344 δεῖξαι,
1575 5283 1668 5332 καί
1702 5281 1838 5351 πρός
1872 5277 1938 5346 γε
1964 5278 2044 5331 ἐτι
2067 5279 2162 5331 καὶ
2221 5285 2395 5348 συνῳέ

811 5373 942 5435 δοὺς
970 5376 1064 5426 καὶ
1092 5373 1416 5444 συμφώνους
1444 5375 1555 5435 τοῖς
1590 5371 1826 5442 καθεξῆς
1854 5373 2106 5442 Πατράσι
2132 5371 2225 5424 καὶ
2276 5370 2397 5423 θεο-

826 5467 1005 5532 λόγοις
1040 5466 1137 5535 τῆς
1161 5466 1490 5535 Ἐκκλησίας
1511 5465 1584 5527 ώς
1624 5465 1789 5535 μηδέν
1842 5465 1993 5536 παρά
2053 5462 2216 5531 μέλος
2245 5462 2398 5530 ήχεῐν

817 5559 962 5628 μηδέ
1011 5557 1114 5623 ἐξω
1152 5557 1244 5610 τοῦ
1283 5557 1488 5611 σκοποῦ
1541 5558 1752 5626 βάλλειν
1806 5557 2027 5618 τούτους
2085 5555 2396 5616 κάκείνους,

825 5654 920 5705 ἆτε
955 5653 1018 5720 δὴ
1050 5657 1144 5705 καὶ
1175 5651 1264 5718 ὐφ’
1291 5654 1369 5704 ἐνὶ
1414 5652 1657 5721 τεχνίτῃ.
1724 5654 1819 5705 καὶ
1877 5648 2249 5720 μυσταγωγῴ,
2305 5649 2399 5698 καὶ

827 5745 1092 5815 παιδευτῇ
1123 5743 1230 5796 τῶν
1255 5744 1512 5796 τοιούτων
1543 5744 1844 5811 ἀγομένους
1874 5742 2010 5810 όμοῦ
2053 5743 2283 5801 πάντας.
2320 5737 2398 5807 τῷ

824 5837 917 5889 τοῦ
951 5837 1084 5890 Θεοῦ
1123 5855 1263 5907 φημι
1285 5836 1582 5906 Πνεύματι.
1614 5838 1815 5888 Λοιπὸν
1850 5835 1904 5889 δέ
1933 5835 1997 5888 ἂν
2029 5835 2112 5902 εἰη
2136 5832 2234 5885 καὶ
2271 5831 2404 5901 πρὸς

2495 4628 2551 4689 δέ
2583 4638 2654 4705 μή
2681 4636 2739 4700 ἐξ
2779 4637 2949 4698 ἀῖδίου
2983 4637 3048 4690 τὰ
3071 4637 3365 4705 κτίσματα,
3393 4637 3608 4703 ἐτράπη
3643 4639 3861 4698 παντως
3883 4637 3910 4687 6
3936 4635 4073 4697 Θεὸς

2494 4728 2601 4781 ἀπὸ
2626 4725 2718 4778 τοῦ
2758 4726 2832 4796 μὴ
2855 4725 3060 4790 κτίζειν
3086 4725 3253 4779 ἐλθὼν
3285 4730 3364 4786 εἰς
3391 4725 3450 4777 τὸ
3481 4727 3709 4787 κτίζειν.
3766 4727 3960 4794 Ἡμεῖς
4010 4725 4069 4778 δέ

2496 4819 2634 4888 πρὸς
2661 4817 2831 4871 ταῦτα
2856 4857 2868 4882 ,
2901 4818 3034 4886 φησί
3056 4855 3070 4880 ,
3102 4817 3332 4887 λέγομεν
3359 4832 3372 4848 ι
3409 4816 3526 4872 Οὐκ
3555 4820 3767 4887 ἐτράπη
3800 4818 3945 4870 κατά
3973 4816 4074 4887 τήν

2497 4911 2678 4979 φύσιν,
2710 4908 2848 4960 ἀλλά
2871 4909 3011 4960 κατά
3033 4908 3130 4977 τὴν
3157 4908 3464 4976 ἐνέργειαν,
3489 4907 3690 4975 μᾶλλον
3711 4907 3768 4960 δέ
3791 4907 3910 4960 οὐδὲ
3930 4909 4076 4962 κατά

2495 5002 2593 5072 τὴν
2618 5002 2919 5071 ἐνέργειαν.
2951 4995 3082 5068 Εἶχε
3146 4998 3247 5067 μέν
3293 5001 3401 5067 γαρ
3427 5001 3514 5052 ἀεὶ
3543 5000 3642 5068 τήν
3692 4999 3922 5069 δύναμιν
3978 4998 4072 5052 τοῦ

2505 5095 2736 5157 κτίζεινο
2774 5090 3053 5163 ἐνηργήθη
3079 5091 3135 5144 δέ
3174 5093 3208 5161 ή
3242 5091 3468 5160 τοιαύτη
3491 5090 3739 5158 δύναμις,
3775 5093 3865 5146 ὅτε
3919 5090 4074 5144 ἐδου-

2496 5185 2635 5254 λήθη
2666 5186 2693 5237 6
2718 5183 2874 5244 Θεός.

2572 5277 2846 5338 Ἤκουσας
2861 5275 3125 5345 διαφορὰν
3138 5275 3321 5335 οὐσίας
3335 5275 3488 5338 θείας
3525 5275 3619 5328 καὶ
3634 5271 3913 5345 ἐνεργείας
3927 5275 4081 5346 παρδ

2498 5371 2604 5422 τῶν
2617 5371 2816 5440 θεοφόρ
2825 5384 2894 5422 ων
2910 5369 3114 5420 τούτων
3133 5368 3510 5436 μυσταγωγῶν
3529 5385 3542 5433 ;
3559 5366 3626 5422 Οἰ
3641 5369 3740 5437 μὲν
3755 5370 3864 5438 γὰρ
3878 5368 4078 5436 αἰρετιο

2499 5463 2606 5527 καὶ,
2629 5461 2714 5513 διὰ
2739 5461 2836 5523 τῆς
2860 5461 2937 5522 εἰς
2959 5459 3160 5512 ἄτοπον
3185 5459 3512 5526 ἀπαγωγῆς,
3530 5459 3730 5513 ἄτοπον
3750 5461 3858 5529 γὰρ
3875 5459 3969 5512 καὶ
3992 5460 4081 5512 αὐ-

2496 5557 2607 5615 τοῖς
2619 5569 2700 5616 τε,
2713 5551 2788 5612 ώς
2806 5550 3005 5615 ἐδόκει,
3019 5551 3078 5603 τὸ
3090 5551 3298 5619 τροπὴν
3315 5550 3606 5618 ὑπομένειν
3615 5549 3879 5604 δύνασθαι
3897 5550 4079 5618 λέγειν

2497 5647 2588 5700 τὸν
2611 5644 2770 5714 μόνον
2793 5641 2980 5710 ἀπαθῆ
3001 5658 3060 5693 τε
3081 5643 3177 5693 καὶ
3199 5641 3489 5710 ἄτρεπτον,
3511 5643 3569 5695 τὸ
3591 5643 3785 5696 τούτου
3810 5642 4082 5694 ἀτοπώτε-

2505 5756 2595 5808 ρον
2621 5736 2882 5790 ἐσπευδον
2905 5733 3364 5800 κατασκευάζειν,
3387 5736 3468 5789 ότι
3489 5733 3555 5805 δὴ
3582 5735 3826 5787 συκίδια
3867 5734 3937 5785 τὰ
3963 5734 4077 5784 κτίο

2519 5847 2698 5899 σματα
2730 5828 2807 5898 τῷ
2831 5827 2974 5898 Θεῷ.
3002 5830 3064 5881 Οἰ
3093 5828 3149 5882 δέ
3184 5828 3281 5898 τῆς
3316 5829 3465 5898 ἰεράς
3492 5829 3711 5881 συνόδου
3751 5825 3979 5896 Πατέρε,
4008 5826 4077 5894 τῇ
