4414 6456
406 417 510 483 885

1149 419 1452 479 CONTRA
1480 418 1907 481 GREGORAM
1948 418 2722 481 ANTIRRHETICORUM.
2766 421 2869 479 VI.

405 538 581 605 γείσς,
621 534 759 589 καθὰ
791 534 854 605 δή
885 536 977 606 καὶ
1006 534 1281 605 προῦφην,
1334 534 1735 606 ἐφιλοσόφησεν
1785 536 1980 591 άποτε-
2009 543 2054 600 Α
2083 534 2548 605 διασεσεισμένος,
2596 533 2691 586 καὶ
2746 536 2819 601 μὴ
2848 532 3003 594 εἰδὼς
3037 533 3173 602 μήτε
3205 532 3240 587 ἀ
3294 533 3464 603 λέγει,
3513 540 3651 608 μήτε

409 629 644 698 μῦμενος
673 627 861 690 κακῶς
890 629 917 680 6
949 626 1262 696 φιλόσοφος,
1295 626 1395 695 τὴν
1425 626 1480 680 δὲ
1515 629 1734 697 μακρὰν
1764 629 1978 699 ἐκείνην

409 725 502 771 καὶ
531 718 820 789 εἰλικρινῆ,
858 719 953 771 καὶ
1001 720 1349 789 σαφεστάτην
1387 722 1516 790 περὶ
1547 720 1785 789 μετοχῆς
1830 721 1981 783 θείας

406 812 514 861 τῶν
538 810 714 876 ἁγίων
744 810 1047 878 θεολογίαν,
1071 811 1147 873 ὡς
1179 811 1312 880 μηδὲ
1334 811 1433 880 τὴν
1472 811 1647 881 ἀρχὴν
1678 812 1980 881 εἰρημένην

411 904 545 971 μηδὲ
576 900 742 956 οὖσαν
773 902 1173 972 παραδραμὼν,
1201 905 1296 956 καὶ
1327 904 1559 973 μάλιστα
1590 903 1690 973 τὴν
1716 903 1817 972 τῆς
1846 922 1980 973 χρυ-

412 986 512 1061 σῆς
541 997 636 1047 καὶ
671 995 1211 1064 θεολόγου·γλώττης
1242 997 1484 1064 ἐκείνην,
1530 996 1591 1049 ἐν
1625 990 1707 1058 οἷς
1738 1012 1881 1066 φημι
1913 994 1981 1049 τά

413 1089 539 1155 περὶ
582 1089 677 1153 τῆς
708 1088 857 1150 θείας
887 1090 1170 1156 ἐνεργείας
1190 1087 1459 1158 είρημένα
1491 1090 1868 1142 διασκοπεῖται
1906 1089 1982 1160 τῷ

410 1181 788 1250 δύαγγελιστῇ
823 1180 1080 1250 θεολόγῳ,
1108 1179 1266 1248 όλίγα
1296 1180 1353 1232 δέ
1381 1197 1500 1232 τινα
1535 1182 1642 1232 τῶν
1673 1182 1983 1251 εἰρημένων

409 1277 525 1327 ἐκεῖ
566 1276 680 1336 τοῖς
710 1273 919 1335 λοιποῖς
976 1273 1250 1339 θεολόγοις
1296 1273 1645 1338 ἀποσπάσας,
1696 1275 1789 1326 καὶ
1842 1275 1981 1327 κατά

409 1368 506 1434 τῆς
534 1366 775 1428 διανοίας
811 1365 948 1435 ὁμοῦ
978 1366 1072 1418 καὶ
1120 1365 1229 1418 τῶν
1274 1366 1449 1434 λόγων
1479 1365 1704 1419 ἐκείνων
1737 1367 1984 1437 συνήθως

398 1459 673 1528 χωρίσας,
706 1458 965 1511 τοσοῦτον
999 1457 1060 1509 τὸ
1101 1456 1319 1525 ψεῦδος,
1355 1458 1567 1510 καὶτὸν
1621 1456 1853 1525 γέλωτα,
1890 1458 1983 1509 καὶ

412 1552 511 1619 τὴν
534 1550 675 1602 κατά
708 1553 814 1600 τῶν
840 1551 1008 1617 ἁγίων
1032 1550 1222 1619 ἀναιδῆ
1250 1549 1618 1616 συκοφαντίαν
1648 1551 1761 1614 τοῖς
1791 1551 1981 1604 ἑαυτοῦ

411 1644 591 1709 λόγοις
640 1643 903 1710 κατέμιξε
929 1660 943 1674 ⁸
986 1643 1086 1713 τήν
1117 1642 1226 1710 γὰρ
1269 1642 1390 1695 καθ’
1429 1643 1586 1712 ήμῶν
1610 1642 1721 1695 τῶν
1772 1642 1985 1712 ὕϐρεων

413 1736 716 1803 ἀπέραντον
768 1734 1039 1805 φλυαρίαν
1081 1735 1174 1791 καὶ
1201 1734 1359 1798 αὖθις
1391 1735 1569 1803 λέγειν
1596 1736 1823 1805 ἀφίημι,
1862 1738 1984 1789 ὅσον

411 1825 613 1879 αὐτίκα
638 1826 700 1894 δὴ
737 1827 829 1878 καὶ
869 1828 1190 1896 φανήσεται.
1226 1828 1329 1880 Τὸν
1362 1827 1546 1880 τοίνυν
1588 1828 1984 1898 προσδιαλεγό-

414 1934 575 1987 μενον
607 1918 869 1987 φοιτητὴν
905 1918 1313 1987 Ἀγαθάγγελον
1353 1918 1667 1987 είσαγαγὼν
1705 1924 1732 1972 6
1767 1920 1981 1987 φιλόσοο

411 2027 511 2079 φος
534 2011 709 2075 αὖθις,
749 2012 1156 2082 πυνθανόμενον
1184 2014 1348 2066 αὐτοῦ
1377 2012 1536 2083 δῆθεν
1562 2014 1691 2081 περὶ
1715 2012 1825 2065 τῶν
1856 2031 1986 2083 προ-

412 2102 701 2171 κειμένων,
733 2104 825 2155 καὶ
847 2104 914 2157 τὰ
932 2102 1026 2156 τοῦ
1054 2104 1219 2174 τόμου
1246 2103 1491 2174 συνήθως
1514 2104 1984 2171 ἀναγινώσκοντα,

413 2193 681 2247 ἅπτεσθαι
730 2196 829 2264 μὲν
860 2195 1010 2249 δοκεῖ
1056 2214 1217 2249 τινων
1247 2197 1355 2250 τῶν
1388 2198 1517 2267 περὶ
1566 2197 1800 2267 μετοχῆς
1835 2196 1986 2259 θείας

411 2284 633 2353 ὑψηλῶς
667 2287 780 2337 ἐκεῖ
806 2288 916 2349 τοῖς
950 2286 1221 2354 θεολόγοις
1249 2287 1555 2358 εἰρημένων
1584 2287 1853 2354 Πατράσι,
1880 2287 1986 2338 Βα-

413 2373 599 2443 σιλείῳ
626 2393 706 2439 τε,
738 2377 1045 2449 Γρηγορίῳ,
1080 2380 1173 2433 καὶ
1217 2381 1480 2451 Διονυσίῳ
1522 2382 1689 2451 φημὶ,
1722 2380 1821 2433 καὶ
1852 2381 1986 2453 πρὸς

411 2468 625 2531 τούτοις
670 2469 974 2541 Ἀθανασίῳ
1018 2472 1096 2542 τῷ
1150 2472 1329 2525 πάνυ·
1382 2472 1724 2542 πλημμελῶς
1774 2474 1982 2544 μέντοι,

414 2563 509 2613 καὶ
545 2562 975 2632 διεφθαρμένως,
1009 2566 1102 2617 καὶ
1126 2564 1331 2618 τούτων
1354 2565 1556 2629 αὐτῶν,
1581 2564 1608 2617 δ
1634 2566 1698 2632 δὴ
1723 2565 1817 2617 καὶ
1849 2566 1988 2634 μετά

417 2654 615 2721 μικρὸν
670 2652 738 2705 δι’
774 2654 955 2707 αὐτῶν
1015 2655 1237 2709 ἐκείνων
1288 2656 1367 2727 τῷ
1417 2656 1563 2727 λόγῳ
1603 2656 1987 2725 παρελθόντων

416 2744 736 2812 φανήσεται.

437 2868 441 2873 .
488 2829 602 2884 Εἶτ’
632 2833 827 2901 ἐφεξῆς
863 2836 923 2888 τὸ
951 2838 1058 2889 πᾶν
1085 2838 1159 2901 ὡς
1185 2840 1360 2892 εἰπεῖν
1388 2842 1709 2895 καταλιπὼν
1733 2842 1830 2912 τῆς
1855 2846 1986 2896 ἀκο-

414 2925 631 2987 λουθίας
666 2933 759 2980 καὶ
810 2930 1110 2997 συναφείας
1157 2931 1265 2984 τῶν
1302 2933 1462 3004 ἱερῶν
1518 2933 1712 3003 λόγων,
1751 2939 1817 3007 τῇ
1857 2939 1988 3008 περὶ

413 3018 510 3070 τοῦ
563 3020 717 3086 ἁγίου
753 3022 1072 3089 Πνεύματος
1108 3025 1413 3079 ἐπιτίθεται
1461 3027 1711 3098 θεολογίᾳ
1757 3027 1851 3081 τοῦ
1888 3030 1986 3097 τῆς

425 3113 756 3182 Ἐκνελησίας
822 3116 967 3185 ἱεροῦ
1014 3116 1373 3185 διδασκάλου,
1434 3120 1781 3175 Ἀναστασίου
1840 3122 2015 3191 φημὶ·

2084 629 2213 697 περὶ
2242 628 2407 679 τίνων
2456 624 2885 679 διαϐεϐαιοῦται.
2928 626 3032 677 Τὸν
3074 625 3183 695 γὰρ
3245 627 3339 678 τοῦ
3401 626 3648 683 διδασκάι

2081 704 2173 775 λου
2219 718 2421 772 σκοπὸν
2454 718 2730 787 ἀγνοήσας
2760 717 3034 783 καθάπαξ,
3071 718 3098 770 ὃ
3130 717 3194 787 δὴ
3242 718 3337 771 καὶ
3386 720 3492 787 πρὸ
3521 736 3641 773 παν

2082 818 2173 879 τὸς
2222 815 2382 869 ἄλλου
2444 816 2667 865 σκοπεῖν
2705 811 2815 864 ἔδει
2870 812 3009 864 κατὰ
3049 812 3172 875 τοὺς
3229 812 3513 879 θεολόγους
3543 814 3653 866 Πα·

2084 910 2273 976 τέρας,
2309 906 2404 958 καὶ
2442 904 2675 974 μάλιστα
2732 903 2824 955 τὸν
2858 902 2955 965 τὰς
3001 901 3152 962 θείας
3208 903 3429 972 Γραφάς
3470 904 3562 955 καὶ
3593 903 3655 965 δὴ

2086 1001 2180 1052 καὶ
2210 1000 2334 1060 τοὺς
2359 998 2567 1050 τούτων
2605 996 2875 1066 ἐξηγητάς
2906 1012 2964 1047 τε
3011 996 3104 1047 καὶ
3144 996 3430 1064 θεολόγους
3461 996 3655 1064 ἀναγι-

2087 1090 2382 1150 νώσκοντα,
2437 1089 2639 1158 μᾶλλον
2685 1089 2863 1140 δὲκαὶ
2911 1088 3072 1140 αὐτὸν
3122 1089 3334 1142 ἐκεῖνον
3362 1091 3455 1142 τὸν
3508 1090 3655 1157 ἱερὸν

2085 1184 2546 1252 ἀποκρυψάμενος
2574 1184 2672 1252 τῆς
2711 1181 3034 1250 Ἐκκλησίας
3070 1181 3405 1247 δδάσκαλον,
3431 1182 3530 1234 οὐκ
3558 1178 3657 1235 οἷδ’

2086 1276 2185 1328 εἴτ’
2215 1275 2493 1344 ἐθελοντὴς
2526 1275 2627 1327 ὑπὸ
2658 1272 2862 1341 πολλῆς
2885 1272 3223 1342 κακουργίας
3252 1289 3309 1325 τε
3342 1274 3437 1325 καὶ
3464 1273 3654 1324 σκαιό-

2085 1384 2271 1435 τητος,
2328 1368 2423 1421 εἰτ’
2461 1366 2518 1432 ἐξ
2555 1364 3005 1435 ὑπερϐαλλούσης
3052 1365 3277 1432 ἀγνοίας
3328 1364 3654 1434 τῶν,ίερῶν

2086 1461 2282 1527 λόγων,
2326 1460 2535 1530 ἀνίερός
2580 1476 2663 1521 τις
2697 1459 2789 1511 καὶ
2816 1459 2875 1511 τὸ
2917 1458 3181 1527 παράπαν
3224 1458 3443 1528 ἀμαθής
3471 1476 3528 1510 τε
3566 1460 3659 1512 καὶ

2086 1553 2335 1621 ἀμύητος
2372 1552 2447 1606 ῶν
2487 1551 2556 1605 τὰ
2588 1552 2728 1615 θεῖα,
2762 1550 2998 1618 ἁρπάζει
3032 1551 3130 1620 μὲν
3160 1553 3257 1621 τῆς
3286 1550 3497 1603 ἐκείνου
3544 1548 3651 1602 θεο·

2087 1618 2275 1712 λὸῆιάς
2327 1644 2387 1697 τὸ
2444 1644 2805 1696 ἀποστολικὸν
2860 1618 3223 1711 ἀποσυλήσαςν
3277 1644 3503 1713 ῥητὸν,
3540 1642 3660 1694 οὑδὲ

2088 1737 2262 1789 έκεῖνο
2319 1736 2568 1804 καθάπερ
2617 1737 2779 1806 ἡμεῖς
2825 1735 3221 1805 προύθήκαμεν
3270 1734 3458 1804 ἁρτιον
3524 1734 3657 1803 φθά-

2091 1845 2286 1891 σαντες
2316 1828 2593 1898 ἁνωτέρω,
2629 1829 2719 1879 καὶ
2746 1827 2820 1891 ὡς
2849 1828 3009 1891 αύτδς
3037 1830 3245 1890 ἐκεῖνος
3280 1828 3307 1879 6
3335 1825 3660 1889 διδάσκαλος

2089 1922 2300 1975 ἐκεῖθεν
2345 1920 2583 1991 εἰληφὼς
2621 1920 2910 1990 κέχρηται,
2963 1920 3103 1972 ἀλλὰ
3159 1921 3660 1989 παρακεκομμένον

2086 2029 2145 2063 τε
2187 2010 2282 2063 καὶ⁷
2330 2011 2624 2082 ήμίτομον,
2653 2014 2719 2081 τῇ
2760 2011 2961 2079 συνόδῳ
2988 2011 3043 2063 δὲ
3091 2011 3182 2063 καὶ
3221 2010 3297 2080 τῷ
3331 2014 3485 2079 τόμῳ
3521 2010 3661 2080 μετὰ

2090 2099 2291 2169 πολλῆς
2316 2100 2415 2169 τῆς
2442 2100 2831 2169 ἀναισχυντίας
2859 2101 3194 2170 προσρίψας,
3221 2102 3296 2163 ὡς
3326 2101 3454 2171 παρ’
3483 2101 3659 2155 αὐτῶν

2086 2192 2245 2259 δῆθεν
2288 2192 2472 2255 κακῶς
2533 2192 2847 2261 εἰρημένον,
2898 2190 3016 2245 εἶτα
3045 2195 3146 2262 τὴν
3186 2192 3314 2263 ἑξῆς
3358 2194 3660 2265 ἐρμηνειαν

2086 2301 2142 2337 τε
2178 2285 2273 2337 καὶ⁷
2301 2284 2644 2355 κατασκευὴν
2681 2284 2775 2337 τοῦ
2824 2284 3007 2352 λόγου,
3047 2285 3139 2340 καὶ
3172 2288 3233 2338 τὸ
3285 2287 3663 2358 συμπέρασμα

2089 2379 2240 2449 παρά
2280 2378 2377 2431 τοῦ
2405 2378 2752 2444 διδασκάλου,
2794 2378 3097 2449 καθαπερεί
3150 2396 3275 2433 τινα
3312 2380 3661 2451 τεθηγμένην

2092 2472 2395 2543 ῥομφαίαν,
2443 2471 2518 2535 ὡς
2560 2472 2834 2543 ἡμέτερον
2868 2472 3049 2542 δῆθεν,
3084 2472 3182 2526 καὶ
3220 2475 3318 2543 τῆς
3344 2472 3500 2542 ήμῶν
3548 2473 3665 2525 δια-

2091 2568 2258 2632 νοίας,
2291 2566 2542 2638 καθάπερ
2568 2565 2724 2636 ῷετο,
2750 2566 2930 2619 λαϐὼν
2958 2567 3080 2619 καθ’
3103 2566 3285 2637 ήμῶν,
3318 2569 3504 2619 ἐκεῖνα
3535 2583 3665 2636 τρα-

2088 2658 2195 2722 νῶς
2219 2658 2307 2712 διὰ
2332 2674 2394 2726 γε
2417 2659 2516 2727 τῆς
2543 2657 2666 2711 καθ’
2696 2656 2853 2727 ἡμῶν
2884 2656 3245 2727 ἀναισχύντου
3270 2657 3661 2725 συκοφαντίας,

2088 2755 2229 2807 κατὰ
2265 2752 2364 2822 τῆς
2398 2754 2550 2823 ἱερᾶς
2584 2750 2679 2805 τοῦ
2718 2753 3041 2807 διδασκάλου
3070 2752 3350 2819 θεολογίας
3390 2754 3482 2807 καὶ
3515 2754 3661 2822 λέγει

2089 2843 2183 2894 καὶ
2216 2841 2439 2911 γράφει,
2482 2834 2555 2894 ὧν
2590 2840 2750 2904 αὐτὸς
2795 2844 2894 2909 μέν
2925 2843 3042 2893 ἐστι
3076 2842 3235 2909 μόνος
3261 2842 3409 2907 ἄξιος
3436 2842 3465 2893 6
3489 2841 3663 2910 λέγων

2089 2934 2184 2984 καὶ
2215 2931 2464 3001 γράφων,
2514 2926 2633 2983 εἷπε
2667 2931 2723 2985 δὲ
2758 2932 2824 2984 ἂν
2872 2931 2969 2983 σὺν
3003 2931 3195 3001 ἐκείνῳ
3240 2933 3333 2986 καὶ
3382 2932 3526 2986 κατά
3561 2933 3661 3001 τῆς

2089 3023 2325 3093 Χριστοῦ
2374 3024 2699 3094 Ἑκκῖ-ησίας
2762 3026 2922 3093 μόνος
2966 3026 2992 3077 6
3022 3023 3268 3087 διάϐολος
3296 3023 3424 3085 ἴσως
3461 3026 3664 3095 τολμήι.

2092 3134 2210 3178 σας.
2237 3115 2302 3170 Τί
2330 3116 2461 3183 γοῦν
2499 3133 2630 3187 φησι
2658 3136 2671 3182 ;
2702 3117 2908 3171 δίκαιον
2942 3117 3049 3186 γάρ
3074 3114 3226 3186 οἶμαι
3259 3118 3527 3171 κάκείνων
3555 3119 3661 3173 άπὸ

415 3206 508 3259 τοῦ
541 3208 729 3275 σοφοῦ,
765 3210 856 3261 καὶ
894 3210 962 3263 δι’
1003 3212 1217 3280 ἐκείνης
1245 3211 1322 3274 τῷ
1362 3213 1459 3281 τῆς
1502 3212 1828 3281 Ἐκκλησίας
1856 3216 1984 3285 ίερῷ
2016 3223 2055 3280 c
2093 3210 2288 3278 μέρους
2320 3210 2628 3280 μνησθῆναι
2658 3210 2950 3280 δείγματος
2980 3212 3183 3281 χάριντ
3219 3211 3338 3264 οὐδὲ
3380 3212 3488 3281 γὰρ
3517 3212 3659 3267 πάνθ

413 3300 583 3370 τόμῳ,
634 3303 989 3369 συκπραντῶν
1038 3304 1171 3372 ὁμοῦ
1216 3307 1470 3358 κάκεῖνον
1520 3308 1611 3359 καὶ
1640 3308 1852 3372 τοῦτον,
1890 3311 1981 3359 καὶ

411 3396 592 3464 πολλῷ
640 3400 822 3464 χεῖρον
854 3397 947 3449 καὶ
989 3398 1335 3468 ἀτοπώτερον
1385 3398 1416 3467 ἥ
1462 3397 1728 3469 Κύριλλον
1773 3401 1831 3452 ἐν
1871 3404 1981 3465 τοῖς

412 3488 683 3553 φθάσασιν
719 3488 815 3557 ἤδη
849 3490 940 3541 τὸν
978 3490 1168 3559 μέγαν.
1210 3491 1315 3543 Τοῦ
1336 3493 1443 3561 γὰρ
1477 3493 1756 3545 συνοδικοῦ
1789 3493 1978 3562 τόμου,

410 3580 499 3633 τὸν
540 3582 918 3651 πρερῥηθέντα
968 3582 1108 3634 θεῖον
1161 3584 1519 3636 Ἀναστάσιον
1571 3587 1709 3653 μετὰ
1741 3586 1836 3654 τῆς
1886 3584 1981 3637 τοῦ

412 3674 732 3741 Πνεύματος
797 3676 946 3741 ἱερᾶς
977 3675 1257 3739 θεολογίας
1309 3678 1726 3744 παραγαγόντος
1783 3678 1983 3733 οὕτωσὶ

412 3772 660 3836 λέγοντα·
704 3771 919 3838 Συνῳδᾶι
960 3771 1151 3822 καὶτὰ
1182 3772 1335 3839 παρὰ
1366 3771 1459 3823 τοῦ
1513 3771 1799 3827 θεσπεσίου
1836 3775 1981 3827 Παύ-

414 3861 500 3911 λου
540 3862 666 3929 περὶ
693 3859 784 3911 τοῦ
823 3859 1136 3929 Πνεύματος
1169 3861 1435 3929 εῑρημένα
1457 3875 1470 3889 ⁸
1508 3863 1633 3922 τοὺς
1664 3862 1772 3930 γὰρ
1817 3878 1979 3913 πεπι-

414 3957 707 4017 στευκότας
740 3954 897 4017 ναοὺς
925 3954 1059 4006 Θεοῦ
1096 3956 1555 4022 προσηγόρευσεν,
1587 3955 1792 4005 ένοικον
1818 3957 1983 4024 ἐσχη-

411 4048 571 4105 κότας
607 4047 704 4115 τὴν
746 4049 903 4116 χάριν
942 4045 1034 4098 τοῦ
1069 4044 1409 4112 Πνεύματος,
1443 4046 1563 4098 Οὐκ
1614 4051 1815 4100 οίὸατε
1846 4048 1977 4114 γὰρ,

410 4137 497 4190 ὅτι
531 4140 677 4203 ναιίς
712 4138 857 4192 Θεοῦ
885 4139 1045 4200 ἐστε,
1076 4139 1194 4191 καὶ.
1220 4139 1284 4191 τὸ
1316 4138 1555 4207 Πνεῦμα
1581 4138 1686 4192 τοῦ
1723 4138 1869 4192 Θεοῦ
1894 4140 1981 4191 οι-

413 4229 506 4282 κεῖ
532 4231 601 4281 ἐν
626 4228 803 4297 ὐμῖν;
864 4231 959 4282 καὶ
992 4229 1176 4293 πάλιν,
1212 4232 1334 4284 Οὐκ
1382 4230 1583 4284 οἴδατε
1623 4231 1713 4285 ὅτι
1752 4233 1822 4287 τὰ
1860 4232 1979 4285 σώ-

404 4337 562 4387 ματα
600 4320 768 4389 ὑμῶν
800 4322 949 4385 ναὸς
981 4321 1086 4376 τοῦ
1124 4322 1190 4374 ἐν
1231 4322 1373 4386 ὑμῖν
1414 4322 1587 4391 ἁγίου
1635 4324 1980 4391 Πνεύματός

410 4417 599 4476 ἐστιν,
628 4410 700 4469 ὁῦ
724 4414 893 4481 ἔχετε
915 4415 1033 4468 ἀπὸ
1064 4414 1236 4469 Θεοῦ.
1262 4414 1446 4468 Ταῦτα
1468 4416 1523 4469 δὲ
1552 4416 1811 4485 ἄντικρυς
1841 4417 1982 4469 διδά-

411 4524 532 4558 σκει
563 4508 665 4575 τῆς
716 4506 868 4569 θείας
900 4508 1112 4575 φύσεως
1146 4503 1284 4559 εἶναι
1314 4507 1373 4558 τὸ
1406 4509 1670 4575 πανάγιον
1718 4494 1941 4580 Πνεῦμα
1965 4528 1978 4542 ·

2090 3318 2197 3353 των
2229 3296 2342 3354 οἷόν
2369 3319 2447 3357 τε.
3470 3366 3473 3369 λ

2173 3396 2536 3462 Ἀπαγγέλλει
2575 3398 2673 3465 μὲν
2708 3399 2735 3449 6
2768 3398 3045 3467 ἀκροατὴς
3086 3397 3491 3467 Ἀγαθάγγελος
3520 3398 3659 3467 ὀλίγ’

2089 3486 2225 3540 ἄττα
2270 3488 2380 3541 τῶν
2411 3489 2582 3553 ἁγίων
2618 3489 2777 3558 ῥητά,
2812 3492 2876 3541 ἐκ
2903 3491 3009 3542 τῶν
3059 3490 3363 3559 είρημένων
3414 3491 3659 3558 δηλονότι

2090 3579 2167 3648 τῷ
2195 3579 2347 3649 τόμῳ
2369 3596 2385 3612 ο
2419 3577 2517 3633 εἶτ’
2550 3581 2747 3650 ἐφεξῆς
2778 3583 2869 3634 καὶ
2898 3584 2965 3635 τὰ
2996 3581 3089 3633 τοῦ
3138 3582 3463 3637 Ἀποστόλου
3482 3582 3661 3652 πλημ-

2094 3671 2271 3740 μελῶς
2325 3672 2463 3739 ἄγαν
2503 3674 2769 3742 συνάψας,
2803 3674 2878 3735 ὼς
2914 3676 3179 3743 είρημένα
3226 3673 3388 3742 δῆθεν
3430 3676 3532 3728 ὑπὸ
3560 3676 3660 3745 τῆς

2093 3766 2311 3818 συνόδου
2345 3766 2666 3832 καὶταῦτα,
2718 3768 2859 3821 καθά
2904 3768 2967 3837 δὴ
3013 3770 3107 3822 καὶ
3158 3768 3431 3840 προῠφην,
3461 3770 3660 3829 ἐπάγει

2090 3860 2339 3911 κάκεῖνα.
2369 3856 2552 3910 Ταῦτα
2576 3859 2661 3928 δὴ,
2687 3861 2843 3928 φησὶ,
2874 3861 3105 3929 κομίσας
3127 3861 3192 3913 τά
3215 3860 3331 3913 θεία
3358 3860 3496 3930 ῥητά
3519 3861 3655 3923 σῶα,

2088 3951 2180 4002 τὸν
2214 3950 2313 4019 τῆς
2348 3950 2628 4013 εὐσεϐείας
2671 3953 3003 4021 ἀγωνιστὴν,
3029 3952 3120 4005 τὸν
3169 3954 3313 4005 θεῖον
3341 3952 3545 4024 δηλαδὴ
3577 3952 3658 4005 λέ-

2089 4060 2201 4109 γων
2238 4044 2564 4114 Γρηγόριον,
2614 4046 2683 4097 τὰ
2718 4044 2816 4113 μὲν
2862 4045 2996 4096 ἄλλα
3052 4046 3430 4109 καταλέλοιπε,
3468 4048 3656 4115 φησὶν,

2087 4135 2494 4204 ἀνερμήνευτα.
2546 4134 2696 4204 μόνῳ
2729 4135 2784 4186 δὲ
2818 4133 2894 4204 τῷ
2943 4136 3154 4206 ὑστέρῳ
3197 4138 3289 4191 τοῦ
3328 4135 3654 4190 Ἀποστόλου

2088 4227 2240 4297 ῥητῷ
2292 4226 2746 4298 βραχυσύλλαϐον,
2784 4230 3131 4297 ἀποκομίσας
3181 4229 3441 4282 κάνταῦθ’
3482 4230 3658 4299 ἑρμη-

2088 4320 2257 4383 νείαν,
2307 4318 2402 4387 ὑφ’
2442 4320 2605 4390 ἕτερα
2648 4319 2969 4393 κεχώρηκεν
3022 4316 3183 4391 αὖθις
3235 4322 3463 4391 όμοίωςο
3521 4325 3553 4393 ή
3600 4325 3658 4377 δέ

2087 4414 2259 4475 ἐστιν,
2292 4412 2353 4465 Εί
2385 4413 2494 4481 γὰρ
2526 4413 2682 4479 ,Θεοῦ
2725 4415 2849 4477 ναὸς
2881 4412 3313 4485 χρηματίζουσιν
3339 4416 3388 4467 οι
3432 4416 3658 4468 πιστεύ-

2090 4522 2301 4570 σαντες,
2338 4504 2525 4573 ὲπειδή
2561 4506 2654 4557 τοῦ
2697 4504 3015 4575 Πνεύματος
3044 4505 3143 4575 τὴν
3177 4506 3337 4575 χάριν
3383 4505 3655 4570 ἐδέξαντο,

416 4598 464 4649 εί
495 4598 604 4667 γὰρ
652 4597 788 4650 Θεοῦ
837 4599 961 4661 ναὸς
994 4598 1426 4669 χρηματίζουσιν
1474 4602 1520 4653 οί
1564 4603 1978 4668 πιστεύσαντες,
2013 4585 2056 4639 D
2086 4599 2149 4649 ὲκ
2180 4598 2276 4649 τοῦ
2309 4596 2444 4650 Θεοῦ
2478 4596 2587 4662 ἄρα
2617 4597 2675 4649 τὸ
2711 4594 2934 4665 Πνεῦμα
2958 4597 3021 4653 τὸ
3049 4597 3239 4665 ἅγιονο
3268 4597 3367 4665 τὴν
3398 4598 3507 4668 γάρ
3534 4599 3659 4652 τού-

414 4690 601 4759 ἐπειδὴ
630 4689 722 4743 τοῦ
764 4691 1082 4759 ΙΙνεύματος
1133 4694 1231 4761 τὴν
1284 4694 1444 4763 χάριν
1485 4693 1750 4759 ἐδέξαντο,
1796 4696 1859 4749 ὲκ
1888 4695 1981 4748 τοῦ

408 4768 543 4833 Θεοῦ
575 4784 683 4849 ἄρα
719 4782 780 4833 τὸ
816 4782 1038 4851 Πνεῦμα
1074 4783 1132 4835 τὸ
1162 4784 1316 4851 ἅγιον
1341 4800 1353 4813 ’
1380 4786 1479 4853 τὴν
1528 4787 1639 4855 γὰρ
1668 4787 1858 4839 τούτου
1891 4788 1983 4855 χά-

413 4894 497 4945 ριν
557 4874 763 4928 ἕνοικον
822 4876 1137 4945 ἐσχηκότες,
1194 4876 1329 4929 Θεοῦ
1374 4881 1491 4930 ναοὶ
1539 4880 1977 4949 ὡνομάσθησανο

408 4969 580 5021 ταῦτα
626 4969 807 5019 τοίνυν
860 4969 997 5037 ὑπὲρ
1058 4968 1150 5021 τοῦ
1222 4968 1363 5023 θείου
1423 4971 1740 5041 Πνεύματος
1808 4972 1979 5035 οὕτως

408 5064 692 5132 εἰρηκότος
732 5062 827 5116 τοῦ
881 5062 1228 5130 διδασκάλου,
1267 5067 1295 5117 6
1348 5067 1465 5129 ταῖς
1512 5068 1834 5137 προτάσεσι,
1884 5070 1980 5121 καὶ

408 5158 520 5217 τοῖς
557 5155 741 5223 μέσοις
780 5156 950 5225 ὅροις,
1006 5158 1101 5209 καὶ
1150 5162 1605 5228 συμπεράσμασι,
1650 5160 1743 5213 καὶ
1771 5162 1835 5229 τῇ
1873 5176 1980 5229 μα-

410 5251 653 5315 ταιότητι
681 5248 789 5299 τῶν
845 5248 1199 5317 ἀνθρωπίνων
1243 5250 1522 5320 λογισμῶν
1559 5268 1614 5304 τε
1667 5254 1758 5303 καὶ
1797 5252 1978 5306 συλλο-

409 5340 622 5415 γισμῶν
644 5340 1035 5409 βρενθυόμενος
1081 5342 1292 5413 ούτοσλν
1328 5344 1355 5395 6
1389 5344 1696 5413 φιλόσοφος,
1739 5348 1799 5415 τῇ
1836 5364 1969 5398 κατ-

408 5411 718 5501 αργοῦμὲνῃ
771 5432 931 5502 σοφία
986 5433 1092 5485 τῶν
1125 5411 1541 5504 ἔξω-μονονουχὶ
1568 5411 1728 5499 θύων,
1767 5411 1860 5487 καὶ
1882 5438 1978 5506 τῆς

406 5522 501 5575 τοῦ
538 5521 865 5588 Ιίὑαγγελίου
892 5522 985 5574 καί⁸
1005 5522 1106 5591 τῆς
1131 5524 1389 5593 ἀληθινῆς
1421 5526 1511 5575 καὶ
1538 5526 1758 5593 πρώτης
1788 5525 1978 5592 σοφίας

408 5614 697 5683 ὁμιληταῖς
726 5614 824 5684 τὴν
859 5615 1139 5686 ἁπλότητα
1180 5618 1273 5670 καὶ
1294 5618 1392 5686 τὴν
1425 5617 1664 5685 ἀμαθίαν
1705 5617 1980 5681 ὀνειδίζων

412 5706 613 5771 πυκνὰ,
639 5708 734 5759 καὶ
755 5708 995 5775 ἀμαθὴς,
1027 5710 1121 5761 καὶ
1147 5709 1369 5778 ἄσοφος,
1396 5712 1487 5761 καὶ
1522 5710 1846 5771 ἀπαίδευτος
1878 5712 1977 5763 αύ-

409 5800 498 5859 τὸς
532 5798 654 5849 καθ’
692 5799 997 5869 ὑπερϐολήν
1040 5800 1318 5854 δείκνυται
1346 5803 1448 5869 τήν
1480 5818 1536 5853 τε
1570 5801 1737 5854 οθείαν
1765 5802 1857 5854 καὶ
1882 5802 1977 5870 τὴν

410 5888 759 5959 ἀνθρωπίνην
807 5891 1001 5960 σοφίαν
1036 5891 1192 5962 ὁμοῦ,
1223 5893 1312 5947 τὸν
1341 5892 1641 5962 ἐγκέφαλον
1674 5893 1977 5961 καθαπερεὶ

2085 4706 2178 4742 του
2210 4690 2373 4760 χάριν
2408 4689 2616 4742 ἐνοικον
2650 4690 2968 4759 ἐσχηκότες.
2998 4692 3130 4742 ναιὶ·
3165 4688 3301 4743 Θεοῦ
3334 4689 3658 4763 ὠνομάσθη-

2088 4797 2205 4833 σαν.
2260 4780 2447 4833 Ταῦτα
2500 4780 2622 4833 καθ’
2660 4782 2818 4850 ἡμῶν
2871 4782 2948 4844 ὡς
2998 4783 3244 4851 ἡμέτερα
3288 4784 3315 4834 ό
3371 4783 3659 4854 Γρηγορᾶς

2088 4872 2434 4942 προενεγκὼν
2466 4872 2553 4925 διὰ
2583 4874 2677 4925 τοῦ
2709 4873 2839 4926 ίδίου
2876 4873 3307 4942 Ἀγαθαγγέλου,
3335 4875 3563 4929 ἀκούετε
3594 4877 3680 4949 δὴ·

2085 4967 2196 5017 τιίν
2231 4967 2356 5035 ἑξῆς
2386 4968 2532 5027 ὅπως
2559 4966 2679 5019 καθ’
2707 4967 2865 5037 ήμῶν
2889 4966 3011 5032 ὀξύς
3046 4985 3129 5030 τις
3160 4969 3254 5021 καὶ
3282 4970 3657 5033 ἀνυπόστατος

2087 5062 2190 5128 ῥεῖ,
2225 5058 2528 5126 καθαπερεί
2566 5074 2687 5111 τινα
2731 5058 2917 5129 κοινήν
2948 5061 3239 5130 συμφορὰν
3280 5060 3383 5131 τῆς
3422 5061 3654 5132 Ἐκκλη-

2086 5152 2206 5213 σίας
2259 5152 2325 5204 δι’
2354 5150 2513 5220 ἡμῶν
2545 5151 2646 5222 τὴν
2680 5152 2789 5205 τῶν
2842 5152 3015 5219 ἁγίων
3061 5152 3342 5221 θεολογίαν
3389 5154 3654 5217 ἐλαύνων,

2083 5246 2175 5296 καὶ
2209 5244 2366 5296 τοῦτο
2404 5244 2524 5296 λίαν
2554 5244 2795 5314 αἰσχρῶς
2839 5247 2933 5299 καὶ
2964 5245 3101 5315 μετὰ
3151 5249 3369 5316 μακρᾶς
3402 5245 3502 5316 τῆς
3533 5247 3657 5299 ἁδο-

2085 5333 2303 5403 λεσχίας
2348 5333 2569 5402 καὶτῆς
2631 5338 3019 5403 συκοφαντίας,
3058 5336 3152 5389 καὶ
3195 5337 3386 5406 ῶσπερ
3445 5338 3654 5392 έκεῖνον

2086 5427 2252 5491 εἰκός.
2288 5428 2351 5479 Τί
2378 5428 2505 5496 γὰρ,
2542 5431 2724 5500 φησὶν,
2755 5431 2911 5500 ὁρᾷς,
2939 5424 2983 5483 ὧ
3019 5431 3265 5502 φιλότης,
3304 5432 3379 5495 ὡς
3408 5423 3657 5501 άιεὶλιτερὶΔ

2083 5521 2193 5571 τῶν
2223 5521 2403 5573 αὐτῶν
2434 5522 2501 5573 τά
2546 5522 2685 5574 αύτά
2725 5524 3151 5593 παρεισκυκλῶν
3206 5524 3512 5591 ἁλίσκεται,
3557 5529 3655 5577 καὶ

2083 5616 2286 5682 ὁμοίως
2313 5613 2400 5666 ἀεὶ
2428 5614 2528 5685 τήν
2578 5612 2742 5668 αὑτοῦ
2774 5616 3120 5685 δημοσιεύων
3160 5617 3406 5686 ἀμαθίαν
3431 5618 3492 5670 ού
3522 5617 3653 5685 σφό⁹

2082 5708 2183 5775 δρα
2220 5706 2486 5771 αἰδεῖται;
2534 5708 2849 5778 κακοτέχνῳ
2884 5708 2990 5778 γὰρ
3032 5708 3176 5777 ψυχῇ
3232 5711 3371 5780 μήτε
3396 5708 3653 5779 διδακτήν

2086 5800 2397 5867 ὲγγίνεσθαί
2448 5800 2567 5853 ποτ’
2598 5802 2821 5871 ἀρετὴν,
2872 5803 3007 5873 μήτε
3051 5802 3156 5873 μὴν
3205 5802 3462 5874 βουλήσει
3502 5800 3652 5870 γίνε-

2087 5894 2210 5945 σί);.ί
2265 5894 2381 5945 ποτ’
2415 5893 2645 5965 όιλωτήν.
2693 5895 2919 5966 ’Δρετῆς
2968 5894 3020 5946 δ’
3047 5895 3111 5947 ἂν
3174 5896 3259 5964 εἴη
3298 5895 3537 5964 μάθησίς
3588 5910 3646 5945 τε
