4470 6450
774 401 871 466 891

1832 410 2258 474 PHILOTIIEI
2298 417 2405 481 (ΣΡ.
2450 422 2966 482 ΡᾹΤΒῘΑΒΕΗΛΕ

3928 427 4037 495 892

780 519 936 568 νοῶν.
977 520 1029 578 ἒς
1062 520 1160 588 τὴν
1190 519 1392 588 συνήθη
1429 520 1784 591 παλινδρ-’ρ-μεῖ
1816 527 2036 589 κακίαν,
2070 529 2161 580 καὶ
2195 548 2352 596 μετο-
2387 548 2426 600 Α
2462 538 2718 589 Κάκεῖνοι
2756 539 2855 604 μὲν
2881 537 3054 591 ταῦτὰ
3086 557 3142 591 τε
3175 541 3265 592 καὶ
3294 540 3361 592 τὰ
3396 541 3752 608 παραπλήσια
3787 545 3994 607 τούτοις
4020 566 4033 579 ο

776 613 989 680 χετεύει
1016 612 1105 664 τὸν
1135 612 1259 666 νοῦν
1291 616 1384 667 τοῦ
1421 615 1578 683 ἁγίου
1623 618 1702 680 είς
1742 618 1838 680 τὰς
1867 620 2154 683 ἀνουσίους
2192 624 2355 676 αὑτοῦ

776 703 871 754 καὶ
898 706 1308 768 ἀνυποστάτους
1340 707 1622 775 ἐνεργείας
1665 711 1912 776 ἐκείναςς
1950 714 2042 764 καὶ
2070 715 2169 766 ούκ
2196 718 2360 780 ἐγκα-

779 796 1041 849 λύπτεται
1073 800 1100 849 6
1145 797 1265 849 λίαν
1296 800 1543 869 ἀναιδὴς,
1587 800 1722 853 ἀλλὰ
1767 802 1826 855 τὸ
1858 803 2229 871 πληθυντικὸν
2278 810 2362 859 ἐν-

779 889 972 940 ταυθοῖ
1005 890 1099 958 τῆς
1141 891 1323 959 φωνῆς
1359 891 1469 942 τῶν
1499 893 1668 960 τριῶν
1724 897 2095 962 ὑποστάσεων,
2137 898 2211 959 ὡς
2238 901 2362 951 ἀνυ-

782 980 1070 1031 ποστάτων
1099 980 1344 1048 ἀπείρων
1376 983 1691 1050 ἐνεργειῶν,
1737 985 1833 1036 καὶ
1863 987 2129 1039 ἀνουσίων
2167 989 2360 1054 θεοτή-

781 1085 891 1120 των
921 1071 1272 1137 διαστρέφειν
1305 1072 1503 1125 ἐθέλων
1537 1075 1771 1142 δήλωσιν
1800 1077 1826 1129 6
1858 1079 1948 1130 τὸν
1986 1077 2110 1129 νοῦν
2142 1080 2235 1131 καὶ
2263 1081 2361 1150 τὴν

782 1160 1036 1226 γλῶσσαν
1070 1163 1413 1234 διάστροφος,
1450 1167 1544 1218 καὶ
1578 1167 1668 1219 τὸν
1697 1170 1869 1237 μέγαν
1894 1170 2183 1224 ’διαϐάλλει
2227 1188 2365 1239 προ⁶

782 1254 970 1319 φανῶς
1003 1257 1299 1320 Διονύσιον,
1334 1261 1412 1319 είς
1444 1261 1750 1329 μαρτυρίαν
1781 1263 1878 1330 τῆς
1904 1263 2101 1316 ἐαυτοῦ
2126 1262 2365 1332 προϐαλ-

781 1344 1010 1413 λόμενος
1073 1350 1396 1418 παρανοίας,
1448 1351 1522 1414 ὡς
1571 1354 1813 1421 ἀκήκοας
1844 1355 2105 1424 ἀνωτέρω
2163 1356 2362 1427 βραχύ.

786 1438 1174 1507 Πληθυντικῶς
1204 1443 1335 1510 γὰρ,
1379 1444 1536 1511 φησὶ,
1565 1445 1918 1513 προενεγκὼν
1963 1446 2238 1508 Διονύσιος
2268 1449 2366 1511 τὰς

785 1530 1110 1597 ἐλλάμψεις,
1147 1534 1246 1586 οὑκ
1287 1536 1479 1587 οὑσίαν
1514 1537 1681 1598 οῦσας
1727 1537 1898 1601 ἔδειξε
1929 1539 2024 1590 τοῦ
2068 1541 2224 1593 Θεοῦ.
2260 1544 2367 1594 Οὑ-

785 1623 978 1674 εέποτε
1015 1625 1123 1694 γὰρ
1157 1627 1375 1694 ἐκείνην
1418 1627 1801 1696 πληθυντικῶς
1847 1632 2188 1698 προάγεσθαι
2221 1633 2370 1686 δίδω-

787 1728 892 1763 σιν.
939 1713 1265 1784 Ἐλλάμψεις
1302 1716 1346 1768 δ’
1378 1718 1569 1781 αὑτὰς,
1617 1721 1774 1788 φησὶ,
1803 1720 2059 1783 καλέσας,
2101 1723 2370 1791 ἀνάρχους

787 1805 882 1856 καὶ
910 1807 1307 1875 ἀτελευτήτους
1333 1809 1501 1869 αὑτὰς
1540 1811 1883 1879 προσειπὼν,
1911 1813 2062 1877 θείας
2090 1815 2185 1866 καὶ
2217 1816 2371 1868 ἀκτί-

789 1915 946 1959 στους
982 1901 1266 1967 ἐνεργέίας
1294 1903 1497 1966 ταύτας
1521 1904 1743 1968 ἔδειξεν.

870 1992 1172 2047 Ἠκούσατε
1202 1987 1292 2048 οἷα
1340 1997 1680 2064 τετόλμηκεν
1711 1998 1738 2049 6
1768 1997 2060 2066 φιλόσοφος
2087 2003 2198 2062 τοῖς
2232 2016 2299 2050 πε
2312 2000 2362 2067 ρὶ

791 2083 927 2136 Θεοῦ
964 2087 1150 2148 κακῶς
1181 2088 1486 2156 ἐνυϐρίζων
1529 2089 1709 2157 λόγοις
1748 2090 1933 2154 αὐτὸς,
1967 2093 2024 2144 ἐν
2052 2095 2162 2153 τοῖς
2197 2091 2362 2144 αὑτοῦ

788 2176 969 2257 λόγοις
1009 2179 1174 2247 φάναι
1209 2183 1334 2249 περὶ
1365 2181 1497 2234 Θεοῦ
1527 2199 1540 2244 ;
1589 2184 1696 2236 Καὶ
1743 2183 1837 2235 τὸν
1871 2183 2226 2253 ὴλιθιώτατον
2257 2185 2365 2253 γάρ

793 2289 958 2341 φησιν
1006 2274 1289 2327 αίσθέσθαι
1329 2276 1454 2344 δίχα
1493 2277 1592 2344 τῆς
1626 2275 1844 2329 οίασοῦν
1896 2277 2248 2341 ἀποδείξεως,
2303 2279 2367 2330 ἐκ

791 2366 899 2417 τῶν
930 2370 1236 2435 εἰρημένων
1261 2370 1461 2439 δηλαδὴ
1496 2373 1606 2431 τοῖς
1639 2370 1815 2436 ἁγίοις
1843 2370 2016 2438 αὑτὴν
2054 2370 2153 2439 τὴν
2179 2370 2367 2423 οὐσίαν

788 2457 882 2508 τοῦ
918 2458 1062 2512 θείου
1106 2461 1423 2529 Πνεύματος
1458 2457 1599 2515 εῖναι
1640 2461 1740 2531 τὴν
1769 2463 1997 2514 ἐνοικεῖν
2041 2463 2369 2531 ἀπορρήτως

791 2551 1093 2621 λεγομένην
1124 2556 1236 2615 τοῖς
1265 2555 1371 2606 τῶν
1402 2553 1709 2622 ἀνθρώπων
1737 2554 1930 2619 ἀξίοις,
1980 2555 2074 2606 καὶ
2096 2554 2184 2607 διὰ
2210 2554 2370 2607 τοῦτο

790 2649 952 2707 ναοὺς
989 2646 1124 2700 Θεοῦ
1158 2645 1412 2714 λέγεσθαι
1448 2647 1668 2710 αὐτούς.

868 2742 976 2792 Καὶ
1007 2737 1161 2803 αὖθις
1187 2759 1200 2773 ο
1244 2741 1525 2793 Ἐντεῦθεν
1559 2742 1690 2811 γὰρ,
1746 2741 1904 2810 φησὶ,
1942 2741 2154 2808 γίνεται
2204 2741 2369 2808 σαφέ-

803 2851 991 2901 ι.ι·;ρον
1021 2833 1081 2885 τὸ
1126 2834 1221 2902 τὴν
1272 2832 1371 2902 τῆς
1399 2833 1626 2901 Τριάδος
1684 2834 1876 2885 οὐσίαν
1916 2833 2088 2903 αὐτὴν
2142 2835 2371 2885 ἐνοικεῖν

798 2929 906 2987 τοῖς
939 2923 1132 2987 ἀξίοις,
1179 2926 1272 2976 καὶ
1311 2923 1479 2991 μονὴν
1526 2923 1658 2990 παρ’
1691 2920 1998 2992 ἀνθρώποις
2037 2924 2232 2974 ποιεῖν.
2266 2923 2374 2975 Καὶ

797 3017 959 3067 πάλιν
987 3034 998 3044 ο
1033 3011 1108 3064 ἾΙ
1144 3015 1249 3082 γὰρ
1276 3013 1371 3081 οὑχ
1413 3012 1566 3082 ὁρᾷς,
1596 3011 1728 3080 ὼςή
1765 3012 1866 3080 μὲν
1897 3011 1992 3063 τοῦ
2033 3010 2192 3077 ἁγίου
2230 3028 2372 3079 μαρ-

800 3109 960 3176 τυρία
999 3107 1100 3175 τὴν
1156 3106 1256 3172 τῆς
1310 3103 1469 3172 ἁγίας
1527 3104 1754 3174 Τριάδος
1818 3104 2010 3155 οὐσίαν
2063 3105 2230 3155 οίκεῖν
2265 3105 2375 3165 τοῖς

799 3206 972 3268 ἀξίοις
999 3203 1160 3272 φησίν
1192 3217 1205 3265 ;

869 3295 1018 3366 τΛροι
1077 3296 1402 3366 πεφώραταί
1455 3312 1538 3354 τις
1599 3293 1710 3346 τῶν
1767 3293 1904 3361 μετά
1961 3291 2060 3357 τὴν
2113 3290 2377 3357 ἐνσαρκον

802 3391 1039 3458 Χριστοῦ
1078 3388 1404 3455 παρουσίαν,
1445 3387 1622 3439 καίτοι
1649 3403 1710 3452 γε
1736 3385 1828 3437 καὶ
1858 3382 2071 3436 πολλῶν
2094 3398 2258 3434 τινων
2283 3381 2377 3433 καὶ

803 3480 1120 3544 πολυειδῶς,
1147 3480 1337 3549 ὥσπερ
1383 3480 1622 3547 εἴρηται,
1675 3475 2192 3544 βλασφημησάντων
2238 3470 2378 3525 κατὰ

805 3574 1026 3637 καιροὺς
1055 3575 1134 3634 εἷς
1169 3589 1228 3625 τε
1255 3574 1314 3624 τὸ
1342 3572 1443 3639 τῆς
1476 3570 1727 3636 θεότητος
1762 3568 1916 3635 ῦψος,
1948 3569 2044 3619 καὶ
2071 3566 2135 3635 δὴ
2159 3565 2250 3618 καὶ
2279 3563 2378 3634 τὴν

806 3670 1042 3738 ἄρρητον
1071 3664 1384 3731 οἰκονομίαν
1420 3661 1614 3729 αὐτὴν,
1647 3659 1822 3722 οὕτως
1861 3657 2094 3727 ίταμῶς,
2133 3659 2226 3709 καὶ
2256 3645 2408 3724 δίχα’

806 3759 950 3818 τινος
1001 3753 1348 3823 προσωπείου
1410 3750 1638 3819 ταυτηνὶ
1672 3749 1771 3818 τὴν
1813 3748 2190 3818 βλασφημίαν,
2247 3748 2322 3809 ὡς
2355 3750 2382 3799 6

809 3846 1157 3913 κακοδαίμων
1182 3848 1270 3897 καὶ
1306 3842 1608 3910 πάντολμος
1661 3841 1836 3906 οὗτος,
1868 3841 1926 3892 οὐ
1957 3840 2169 3908 φρονῶν
2199 3839 2380 3908 μόνον,

810 3941 945 3991 ἀλλὰ
978 3939 1073 3990 καὶ
1107 3938 1398 4007 γράμμασι
1448 3935 1542 3987 καὶ
1595 3934 1773 4002 λόγοις
1823 3932 2236 4000 ἀνακηρύττων;
2290 3933 2384 3984 καὶ

807 4032 953 4095 οὑτω
992 4029 1208 4091 πυκνάς
1258 4027 1398 4095 Ἐγὼ
1449 4026 1545 4096 μὲν
1592 4027 1692 4077 οὐκ
1746 4022 1935 4092 οἷμαγ
1973 4025 2113 4093 πλὴν
2155 4025 2203 4077 εί
2248 4024 2384 4094 πρὸς

811 4122 1080 4191 Βαρλαάμ
1129 4122 1224 4172 καὶ
1283 4117 1588 4176 Ἀκίνδυνον
1627 4115 1892 4184 ἀναφέροι
1936 4130 2019 4174 τις
2051 4111 2209 4174 αὖθις
2257 4113 2383 4175 τοὺς

807 4216 910 4282 τῆς
943 4215 1070 4274 νέας
1113 4213 1375 4280 αἱρέσεως
1408 4211 1707 4280 ἀρχηγοὺς,
1753 4208 1846 4260 καὶ
1880 4206 2048 4258 αὑτοῦ
2080 4205 2136 4258 δέ
2189 4204 2382 4257 τούτου

807 4309 1076 4370 πατέρας.
1114 4305 1246 4356 Είπέ
1293 4304 1400 4370 γὰρ
1445 4305 1597 4372 ἡμῖν,
1647 4295 1691 4354 ὦ
1731 4300 2010 4375 φιλόσοφε,
2044 4297 2207 4351 πόθεν
2275 4298 2382 4349 κάκ

807 4397 970 4447 τίνων
1004 4395 1321 4462 ὁρμώμενος
1348 4391 1455 4444 τῶν
1480 4391 1685 4462 ἀρχῶν,
1713 4393 1812 4459 τὴν
1850 4389 2010 4458 κενὴν
2039 4389 2244 4457 ταύτην
2271 4387 2386 4440 θεο-

812 4490 1022 4556 λογίαν,
1079 4486 1276 4555 μᾶλλον
1329 4485 1384 4535 δέ
1433 4483 1801 4552 βλασφημίαν
1834 4483 2260 4551 ἐφιλοσόφησάς.
2321 4483 2384 4533 Ol

2462 630 2722 696 οὐδὲγὰρ
2762 633 2940 683 πάντα
2990 632 3181 700 καιρὸς
3233 635 3348 684 νυνὶ
3399 636 3726 703 καταλέγειν
3780 638 3940 704 ἐξῆςο
3973 639 4036 691 σὺ

2458 721 2517 773 δέ
2554 722 2718 772 πόθεν
2747 722 2890 790 ἔχεις
2926 725 3103 775 ἐκεῖνα
3137 724 3355 790 ).α6ὡν;
3393 727 3621 790 Ἐκεῖνοι
3667 730 3773 797 γὰρ
3801 731 3894 781 καὶ
3936 732 4037 799 ἀρ-

2461 811 2627 877 ρητον
2662 810 2861 871 είδότες
2894 811 2982 862 τὸν
3012 811 3145 863 Θεὸν
3172 813 3265 864 καὶ
3295 814 3478 881 ῥητὸν,
3510 815 3607 866 καὶ
3637 815 3917 883 ἄγνωστον
3942 821 4038 871 καὶ

2461 899 2726 963 γνωστὸν,
2775 899 2872 951 καὶ
2909 900 3176 967 μεθεκτὸν
3225 904 3318 954 καὶ
3358 904 3663 970 ἀμέθεκτον
3713 908 3805 958 τὸν
3849 909 4036 970 αὑτὶν,

2462 988 2529 1040 τὰ
2567 988 2664 1057 μὲν
2694 992 2754 1042 ἐκ
2786 992 2892 1042 τῶν
2926 993 3045 1044 κατ’
3076 994 3262 1056 αὑτὸν,
3290 995 3356 1046 τὰ
3385 996 3440 1047 δὲ
3470 1000 3530 1048 ἐκ
3564 999 3671 1049 τῶν
3698 1001 3824 1068 περὶ
3852 1002 4034 1062 αὑτὶν,

2461 1079 2535 1140 ὡς
2564 1080 2716 1132 αὑτοί
2750 1098 2905 1149 φασι,
2939 1084 3032 1134 νῦν
3067 1085 3167 1153 μὲν
3204 1088 3299 1139 καὶ
3328 1087 3508 1156 ῥητῶς
3538 1088 3624 1139 διὰ
3671 1091 3769 1157 τῆς
3803 1094 4038 1158 φυσικῆς

2463 1173 2557 1224 τοῦ
2587 1174 2903 1244 Πνεύματος
2949 1177 3170 1245 χάριτός
3202 1196 3260 1231 τε
3310 1181 3400 1231 καὶ
3451 1182 3661 1251 δωρεᾶς
3709 1201 3841 1250 φασι
3885 1186 4041 1250 μετό-

2465 1280 2592 1332 χους
2629 1265 2915 1332 γίγνεσθαι
2951 1269 3074 1330 τοῦς
3127 1270 3311 1335 ἀξίους
3356 1272 3516 1328 Θεοῦ.
3565 1273 3708 1325 καθὰ
3739 1275 3909 1340 δήπου
3947 1276 4039 1326 καὶ

2466 1356 2558 1408 τὸν
2600 1357 2744 1426 ἱερὸν
2792 1358 3142 1413 Ἀναστάσιον
3186 1363 3283 1430 τὴν
3333 1365 3696 1434 ἀποστολικὴν
3745 1368 4042 1435 ἐξηγούμε-

2471 1463 2560 1499 νον
2604 1449 2761 1516 ρἦιν
2798 1451 2893 1501 καὶ
2934 1451 3084 1515 ἅπαξ
3132 1455 3226 1504 καὶ
3270 1455 3350 1517 δὶς
3382 1457 3524 1508 κατὰ
3562 1458 3726 1508 ταυτὸ
3768 1460 3872 1526 πρὸ
3904 1458 4044 1527 βρα-

2470 1541 2593 1606 χέος
2623 1541 2863 1609 ἤκουσας
2893 1543 3150 1609 λέγοντα·
3181 1545 3369 1615 ὥσπερ
3403 1548 3465 1614 δὴ
3494 1549 3585 1599 καὶ
3613 1553 3676 1601 τὰ
3716 1551 3887 1602 πάντα
3913 1569 4042 1616 μετ-

2478 1629 2625 1695 έχειν
2655 1631 2703 1679 οί
2739 1632 2894 1682 αὑτοὶ
2950 1631 3084 1685 Θεοῦ
3150 1635 3390 1702 λέγουσι,
3431 1638 3572 1690 κατά
3610 1641 3734 1700 τοὺς
3782 1641 4043 1708 δημιουρ-

2471 1721 2662 1786 γικοὺς
2692 1721 2891 1791 δηλαδὴ
2951 1725 3043 1776 καὶ
3076 1728 3464 1792 προνοητικοὺς
3499 1727 3709 1794 λόγους.
3745 1731 3896 1794 Μηδὲ
3935 1732 4043 1800 γὰρ

2473 1807 2612 1863 εἷναί
2644 1829 2694 1863 τι
2719 1814 3048 1882 τοπαράπαν
3074 1815 3178 1879 ἐξω
3205 1820 3302 1885 τῆς
3325 1819 3723 1888 δημιουργικῆς
3755 1821 3919 1873 αὑτοῦ
3953 1827 4045 1873 καὶ

2401 1921 2442 1976 Β
2469 1906 2832 1973 προνοητικῆς
2872 1907 3154 1975 ἐνεργείας
3181 1925 3241 1959 τε
3276 1911 3367 1960 καὶ
3398 1912 3701 1978 δυνάμεως,
3735 1913 3834 1963 ὅσα
3867 1913 3921 1964 ἐν
3955 1913 4044 1964 οὑ-

2474 1994 2642 2064 ρανῷ,
2680 1997 2772 2049 καὶ
2821 1998 2920 2049 ὅσα
2967 1999 3058 2052 ἐπὶ
3083 2001 3205 2068 γῆς.
3241 1997 3353 2053 Νῦν
3393 2001 3448 2051 δέ
3485 2003 3578 2054 καὶ
3608 2002 3744 2054 Θεοῦ
3796 2003 4045 2069 λέγοντες

2471 2089 2656 2151 ἁπλῶς
2682 2091 2935 2159 μετέχειν
2957 2093 3066 2144 εἴτε
3093 2092 3162 2145 τὰ
3181 2097 3312 2163 παρ’
3338 2096 3544 2147 ἐκείνου
3573 2097 4045 2165 δημιουργηθέντα

2471 2183 2629 2232 ταυτὶ
2661 2181 2881 2252 ἔμψυχά
2907 2200 2963 2235 τε
2988 2185 3078 2237 καὶ
3099 2185 3301 2252 ἄψυχα,
3331 2186 3442 2239 εἴτε
3467 2188 3558 2237 καὶ
3582 2191 3705 2248 τοὺς
3732 2189 3916 2250 ἀξίους
3943 2190 4044 2255 τῆς

2472 2270 2635 2323 αὑτοῦ
2656 2273 2927 2336 υἱοθεσίας
2945 2277 3040 2328 καὶ
3057 2274 3303 2328 θεοποιοῦ
3322 2279 3670 2344 ἐνοικήσεως,
3688 2281 3860 2331 ἐκεῖνο
3879 2281 4044 2334 διδὸα·

2476 2377 2560 2412 σιν
2582 2363 2715 2430 ἡμῖν
2733 2364 2951 2432 ἐννοεῖν,
2970 2367 3105 2435 ὅπερ
3133 2371 3189 2420 ἐν
3213 2368 3393 2431 ἄλλοις
3416 2370 3568 2421 αὑτοὶ
3593 2371 4036 2440 διερμηνεύουσι,

2475 2452 2724 2524 καθάπερ
2781 2456 3022 2524 εἴρηται.
3061 2457 3122 2510 τὸ
3160 2460 3283 2521 τοὺς
3340 2461 3437 2528 μέν
3467 2461 3564 2527 τῆς
3600 2462 3839 2529 φυσικῆς
3879 2463 4042 2516 αὑτοῦ

2474 2543 2684 2612 δωρεᾶς
2713 2562 2773 2597 τε
2795 2547 2888 2599 καὶ
2906 2548 3127 2616 χάριτος
3149 2549 3319 2618 αὐτῆς
3342 2551 3556 2619 ἐκείνης
3588 2555 3642 2602 ἐν
3684 2554 3896 2620 μεθέξει
3929 2557 4043 2605 Oeo-

2479 2638 2682 2703 πρεπεῖ
2700 2639 3006 2705 γίγνεσθαι,
3027 2639 3174 2692 τοῦτ’
3199 2642 3359 2692 αὑτ“.ν
3391 2645 3532 2694 κατὰ
3559 2644 3719 2714 χάριν
3743 2646 4047 2712 πεφηνότας

2479 2730 2600 2778 κατ’
2637 2729 2832 2792 αὐτοὺς
2862 2729 3105 2792 ἐκείνους
3131 2733 3329 2795 εἰπεῖν,
3361 2735 3497 2801 ὅπερ
3527 2738 3669 2786 κατὰ
3699 2736 3859 2802 φύσιν
3888 2739 4048 2799 αὑτός

2480 2815 2612 2877 ἐστι,
2656 2818 2747 2869 καὶ
2776 2818 2862 2868 διὰ
2897 2818 3040 2871 τοῦτ’
3082 2821 3216 2873 αὐτὸ
3258 2825 3349 2875 καὶ
3387 2823 3540 2885 θεοὺς
3601 2828 3694 2878 καὶ
3743 2827 3928 2892 ἁγίους
3956 2829 4047 2880 αὒ-

2479 2908 2607 2968 τοὺς
2644 2910 3062 2981 προσειρῆσθαι,
3111 2915 3176 2982 τῇ
3233 2915 3369 2982 πρὸς
3418 2916 3508 2967 τὸν
3565 2919 3721 2983 μόνςν
3752 2919 3905 2984 ἀγιον
3957 2921 4051 2974 καὶ

2480 2999 2613 3050 Θεὸν
2667 3003 2808 3052 κατά
2841 3001 3021 3069 φύσιν,
3059 3005 3325 3072 ἐγγύτητί
3352 3023 3407 3058 τε
3456 3009 3548 3059 καὶ
3575 3008 3831 3075 ὁμοιώσει
3857 3025 3870 3038 ·
3901 3016 3967 3061 τὰ
3994 3011 4047 3062 δὲ

2483 3089 2661 3142 πάντα
2694 3092 2791 3160 τῆς
2842 3092 3133 3164 θελητικῆς
3179 3096 3275 3147 καὶ
3324 3095 3724 3166 δημιουργικῆς
3764 3097 4048 3166 δυνάμεως

2481 3181 2575 3234 τοῦ
2608 3182 2741 3235 Θεοῦ
2785 3184 3055 3254 μετέχειν,
3089 3187 3163 3248 ὠς
3210 3188 3427 3256 ἐκείνης
3457 3187 3592 3254 ἔργα
3626 3206 3682 3240 τε
3732 3191 3825 3241 καὶ
3854 3191 4051 3242 ἀποτε-

2409 3274 2448 3332 C
2484 3272 2749 3343 λέσματα,
2800 3276 2942 3327 κατὰ
2983 3277 3049 3328 τὰ
3082 3277 3463 3347 προρρηθέντα
3515 3281 3624 3341 τοῖς
3663 3279 3926 3346 θεολόγοις
3950 3283 4049 3352 ήδη

2482 3366 2749 3436 Πατράσι.
2787 3367 2878 3418 καὶ
2909 3371 3134 3437 προσέτι
3160 3369 3261 3435 τῆς
3302 3370 3508 3421 ἐκείνου
3548 3373 3801 3439 προνοίας
3834 3374 3932 3441 τὴν
3959 3374 4050 3424 τοῦ

2482 3453 2622 3510 εἶναι
2675 3458 2954 3528 διαμονὴν,
2995 3458 3118 3512 καθ’
3167 3458 3260 3521 οὓς
3297 3462 3555 3529 γεγόνασι
3607 3462 3798 3528 λόγους
3857 3481 4054 3532 συντη-

2485 3547 2684 3617 ρούσης
2722 3549 2960 3618 ἐκάστῳ.

2557 3642 2766 3704 ’Ἄλλως
2795 3659 2854 3694 τε
2889 3643 2981 3693 καὶ
3011 3644 3125 3704 πῶς
3156 3645 3259 3715 φῂς
3291 3647 3518 3696 ἐνοικεῖν
3545 3649 3656 3707 τοῖς
3685 3646 3852 3711 ἀξίοις
3883 3647 4053 3717 αὑτὴν

2483 3734 2581 3802 τὴν
2606 3735 2702 3800 τῆς
2733 3735 2896 3800 ἀγίας
2919 3735 3147 3802 Τριάδος
3177 3737 3402 3798 ούσίαν;
3435 3738 3540 3788 Καὶ
3571 3739 3676 3798 τίς,
3701 3741 3794 3789 καὶ
3828 3739 4049 3806 ποταπὴ

2486 3829 2517 3896 ἡ
2547 3833 2769 3898 τοιαύτη
2805 3829 3010 3898 μετοχὴ
3039 3829 3133 3881 τοῦ
3168 3829 3305 3881 Θεοῦ
3333 3848 3343 3892 ;
3388 3831 3766 3900 Δημιουργικὴ
3809 3834 3907 3897 μὲν
3937 3834 4042 3897 γὰρ

2485 3921 2585 3971 οὑκ
2623 3920 2789 3985 ἐστιν,
2819 3920 2933 3972 ἀλλ’
2965 3922 3083 3973 ούδέ
3115 3927 3475 3991 προνοητική.
3526 3923 3670 3974 Διότι
3709 3925 3927 3989 πρῶτον
3959 3925 4056 3990 μὲν

2487 4013 2770 4081 ἐνέργειαν
2800 4013 2964 4074 αὑτὸς
2988 4014 3048 4066 οὑ
3075 4014 3206 4085 δέχῃ
3239 4015 3331 4068 τοῦ
3361 4015 3496 4067 Θεοῦ
3530 4011 3669 4067 εἶναι
3700 4019 3934 4082 φυσικίιν
3966 4017 4056 4067 καὶ

2489 4105 2766 4174 θεοπρεπῆ
2797 4122 2812 4136 ·
2851 4107 3055 4176 ταύτης
3084 4107 3141 4159 δέ
3163 4112 3303 4160 κατὰ
3335 4109 3392 4160 σὲ
3429 4108 3503 4176 μὴ
3531 4106 3717 4176 οὔσης,
3750 4108 3873 4160 οὑδέ
3906 4109 4056 4175 ἐνερ-

2487 4197 2624 4261 γεῖν,
2652 4196 2770 4249 οὑδέ
2801 4196 3151 4266 δημιουργεῖν
3183 4196 3297 4249 ἐστι
3323 4198 3411 4249 τὸν
3445 4198 3579 4248 Θεόν
3605 4216 3617 4228 ·
3644 4197 3717 4259 ὡς
3749 4199 3857 4266 γὰρ
3885 4199 4060 4265 ὑπάρ-

2487 4305 2603 4356 χειν
2648 4289 2748 4341 οὑκ
2793 4287 2926 4354 ἐστι,
2971 4292 3134 4358 φησιν
3165 4290 3190 4340 6
3237 4291 3398 4354 σοφὸς
3451 4290 3724 4358 Μάξμος,
3773 4289 4057 4358 ὑπάρξεως

2487 4380 2627 4447 δίχα,
2657 4379 2832 4441 οὕτως
2858 4379 2976 4431 οὑδὲ
3005 4383 3245 4450 ἐνεργεῖν
3268 4381 3415 4432 ἐστιν
3449 4383 3723 4450 ἐνεργείας
3759 4381 3884 4448 δίχα
3906 4399 3918 4409 ”
3944 4381 4061 4432 δεύ-

2488 4489 2645 4540 τερον
2680 4473 2721 4524 δ’
2755 4473 2836 4524 ὅτι
2866 4471 2963 4540 τῆς
2995 4473 3396 4542 δημιουργικῆς
3427 4475 3520 4526 καὶ
3570 4476 3938 4544 προνοητικῆς
3966 4475 4056 4525 τοῦ

817 4581 916 4650 μὲν
947 4581 1050 4647 γὰρ
1083 4578 1181 4647 τῆς
1214 4579 1365 4647 ἱερᾶς
1405 4577 1683 4641 θεολογίας
1715 4575 1981 4643 ἐξηγηταὶ
2008 4576 2103 4626 καὶ
2131 4573 2387 4625 διδάσκα-
2422 4601 2460 4652 D
2490 4564 2624 4614 Θεοῦ
2656 4564 2937 4632 δυνάμεως
2971 4567 3060 4617 καί
3090 4566 3373 4632 ἐνεργείας
3406 4567 3503 4634 οὑχ
3542 4567 3590 4617 οί
3619 4566 3756 4628 ἄξιοι
3786 4566 3879 4618 τοῦ
3925 4567 4056 4617 Θεοῦ

813 4668 917 4730 λοι,
952 4663 1031 4728 οἷς
1058 4667 1119 4728 δὴ
1158 4667 1249 4718 καὶ
1279 4670 1325 4717 οί
1374 4667 1470 4733 τῆς
1515 4665 1731 4716 συνόδου
1782 4665 2022 4735 Πατέρες
2053 4664 2384 4734 ἐρειδόμενοι

810 4761 903 4812 τὸν
927 4760 1090 4826 τόμον
1145 4758 1434 4823 ἐξέδωκαν,
1469 4756 1695 4808 καθόλου
1748 4759 1932 4823 φασὶν,
1964 4756 2038 4808 Οὑ
2091 4755 2386 4823 τολμητέον

813 4853 1009 4912 εἰπεῖν,
1043 4851 1073 4919 ἢ
1116 4849 1366 4917 ἐννοῆσαί
1393 4865 1446 4899 τι
1482 4850 1610 4915 περὶ
1639 4848 1737 4914 τῆς
1769 4848 2096 4915 ὑπερουσίου
2130 4850 2223 4899 καὶ
2250 4863 2386 4914 κρυ-

817 4945 947 5010 φίας
985 4943 1235 5007 θεότητος
1268 4941 1417 5007 ποιρὰ
1446 4941 1511 4991 τὰ
1545 4940 1781 5000 θειωδῶς
1824 4941 1956 5007 ἡμῖν
1991 4941 2053 4990 ἐκ
2081 4938 2188 4990 τῶν
2226 4939 2388 5009 ἱερῶν

814 5033 1012 5100 λογίων
1070 5033 1484 5100 ἐκπεφασμένα.
1536 5032 1649 5094 Τῆς
1701 5032 1807 5100 γὰρ
1854 5031 1994 5100 ὑπὲρ
2049 5031 2228 5097 λόγον,
2296 5031 2390 5081 καὶ

811 5126 960 5187 νοῦν,
1001 5126 1096 5178 καὶ
1145 5125 1334 5176 οὐσίαν
1384 5125 1553 5192 αὐτῆς
1602 5123 2064 5192 ὑπερουσιότητος
2114 5125 2388 5188 ἀγνωσίας

813 5222 953 5287 αᾷτῇ
990 5219 1088 5287 τὴν
1116 5215 1440 5284 ὑπερούσιον
1469 5219 1782 5285 ἐπιστήμην
1816 5216 2129 5268 ἀναθετέον.
2159 5215 2262 5266 Καὶ
2290 5215 2394 5267 πάι

815 5313 902 5364 λιν
930 5327 941 5339 ⁸
982 5313 1114 5380 Περὶ
1145 5310 1348 5378 ταύτης
1381 5305 1496 5375 οὖν,
1534 5310 1609 5370 ὼς
1645 5310 1884 5380 είρηται,
1919 5311 2017 5375 τῆς
2067 5308 2390 5376 ὑπερουσίου

823 5405 915 5456 καὶ
947 5403 1183 5472 κρυφίας
1217 5403 1468 5470 θεότητος
1494 5403 1554 5452 οὑ
1587 5400 1887 5469 τολμητέον
1912 5399 2086 5451 είπεῖν
2124 5398 2247 5450 οὔτε
2289 5398 2392 5466 μὴν

819 5495 1078 5563 ἁννοῆσαί
1102 5512 1153 5546 τι
1185 5495 1333 5562 παρὰ
1363 5494 1431 5544 τὰ
1463 5491 1695 5551 θειωδῶς
1720 5493 1850 5561 ἡμῖν
1880 5492 1942 5541 ἐκ
1972 5490 2078 5542 τῶν
2113 5489 2274 5557 ιερῶν
2305 5491 2393 5540 λο-

819 5586 961 5653 ⁴γίων
1010 5585 1420 5654 ἐκπεφασμένα.
1459 5587 1565 5638 Καὶ
1597 5584 1706 5653 γὰρ
1753 5584 1826 5644 ὼς
1864 5581 2002 5650 αὑτὴ
2035 5581 2165 5650 περὶ
2197 5581 2394 5651 ἑαυτῆς

827 5682 884 5730 ἐν
915 5680 1023 5738 τοῖς
1054 5677 1252 5743 λογίοις
1283 5676 1683 5743 ἁγαθοπρεπῶς
1717 5674 2120 5742 παραδέδωκεν,
2145 5673 2175 5740 ὴ
2201 5673 2393 5740 αὑτῆς,

830 5773 857 5820 ὃ
888 5788 938 5823 τι
967 5771 1095 5820 ποτέ
1130 5772 1296 5834 ἐστιν,
1325 5770 1601 5837 ἐπιστήμη
1631 5769 1724 5820 καὶ
1750 5766 1972 5834 θεωρία,
2003 5766 2171 5817 πᾶσιν
2198 5763 2398 5826 ἄϐατός

833 5863 948 5914 ἐστι
980 5864 1086 5924 τοῖς
1120 5861 1290 5924 οὖσιν,
1327 5861 1398 5923 ὠς
1433 5861 1654 5913 πάντων
1693 5857 2030 5928 ὑπερουσίως
2060 5855 2395 5926 ἐξῃρημένη.

2494 4657 2644 4723 μόνοι
2693 4657 3001 4725 μετέχουσι,
3051 4658 3251 4724 μᾶλλον
3300 4657 3355 4708 δὲ
3402 4658 3522 4709 οὑδέ
3571 4660 3618 4708 οί
3665 4658 3872 4721 ἀνάξιοι
3910 4661 4057 4726 μόνοι

2493 4749 2629 4816 πρὸς
2673 4747 2903 4808 τούτοις,
2949 4748 3064 4800 ἀλλ’
3121 4749 3306 4809 ἁπλῶς
3358 4748 3534 4798 πάντα
3583 4749 3649 4799 τὰ
3687 4749 3838 4801 ὄντα.
3893 4749 4058 4809 Αὐτὸς

2491 4840 2586 4890 καὶ
2612 4838 2720 4906 γάρ
2754 4835 2895 4902 εἷπε,
2924 4840 3015 4890 καὶ
3041 4839 3395 4909 ἐγενήθησαν,
3429 4839 3588 4901 αὑτὸς
3620 4840 3937 4898 ἐνετείλατο,
3966 4856 4058 4889 και

2491 4930 2841 4998 ἐκτίσθησαν.
2883 4932 2990 4983 Καὶ
3024 4931 3205 4983 πάντα
3265 4931 3477 4999 μετέχει
3520 4930 3794 4998 προνοίας,
3852 4932 3878 4981 6
3917 4931 4056 4996 ἱερός

2493 5040 2627 5091 φηςι
2676 5023 2970 5084 Διονύσιος,
3001 5024 3062 5075 ἐκ
3104 5025 3200 5090 τῆς
3234 5021 3520 5073 παναιτίου
3579 5021 3829 5087 θεότητος
3865 5020 4059 5071 ἐκῆὶν-

2493 5117 2746 5185 ζομένης.
2788 5115 2929 5167 Ἀλλ’
2961 5115 3079 5166 οὐδὲ
3137 5115 3233 5182 τῆς
3276 5114 3463 5174 οὐσίας
3510 5113 3699 5178 αὐτῆς,
3742 5112 3894 5179 φησι,
3941 5109 4058 5162 καθ’

2492 5207 2662 5275 αὑτὴν
2697 5207 2763 5257 ἂν
2807 5206 2893 5274 εἴη
2943 5206 3138 5273 ποτέή
3195 5205 3417 5272 μετοχή.
3463 5202 3526 5253 'H
3571 5201 3681 5269 γὰρ
3734 5199 3891 5251 οὐσία
3935 5199 4057 5250 καθ’

2495 5299 2691 5367 ἐαυτὴν
2735 5297 2894 5366 αὑτὴ,
2929 5295 2978 5347 εί
3023 5301 3115 5347 καὶ
3151 5297 3438 5362 θεωρεῖται
3487 5293 3513 5344 ὅ
3541 5309 3592 5344 τι
3631 5293 3749 5343 ἐστὶ
3797 5291 4059 5359 δηλονότι,

2496 5391 2617 5443 καθ’
2652 5390 2678 5440 ὃ
2711 5388 2806 5439 καὶ
2836 5387 2964 5441 ἄλλο
2996 5385 3175 5455 φαμὲν
3206 5386 3415 5449 οὑσίαν,
3446 5385 3539 5436 καὶ
3582 5384 3710 5437 ἄλλο
3739 5384 4060 5446 ὑπόστασιν,

2495 5481 2608 5534 ἀλλ’
2634 5479 2733 5531 οὑκ
2767 5479 2884 5530 ἔστι
2908 5477 3029 5546 δίχα
3060 5477 3169 5527 τῶν
3191 5477 3359 5543 αὐτῆς
3387 5476 3760 5527 ὑποστάσεων.
3790 5475 3923 5526 Οὑδέ
3954 5475 4063 5544 γὰρ

2497 5571 2626 5624 ἀλλο
2656 5586 2708 5620 τι
2745 5568 3048 5635 πεφυκέναι
3081 5567 3178 5636 τὴν
3209 5567 3526 5630 ὑπόστασιν,
3559 5566 3608 5617 οί
3651 5565 3893 5632 θεολόγοι
3931 5567 4066 5633 φασὶ

2499 5662 2761 5728 Πατέρες,
2801 5660 2834 5729 ἢ
2876 5660 3066 5712 οὑσίαν
3103 5659 3237 5726 μετά
3269 5657 3376 5709 τῶν
3421 5658 3800 5709 ὑποστατικῶν
3845 5659 4066 5724 ἰδιωμά-

2498 5773 2624 5807 των.
2681 5754 2941 5805 Λείπεται
2987 5751 3273 5821 τοιγαροῦν
3328 5753 3423 5817 τὴν
3471 5749 3569 5817 τῆς
3603 5748 3832 5817 Τριάδος
3880 5751 4067 5801 οὐσίαν

2503 5851 2641 5906 κατά
2679 5851 2735 5902 σέ
2761 5849 2859 5902 οὑκ
2887 5847 3060 5908 ἄλλως
3090 5847 3312 5900 ἐνοικεῖν
3341 5844 3509 5907 ἀξίοις
3547 5843 3580 5911 ἦ
3613 5843 3750 5896 κατὰ
3777 5845 3874 5906 τὰς
3901 5843 4064 5904 θεαρυ
