4470 6450
814 363 920 424 805

1860 370 2281 428 PIHLOTHEI
2331 370 2439 429 CP.
2483 364 3001 427 ΡᾹΤΠῘΑΠΟΠΕ

3938 365 4051 426 896

808 478 959 543 άγων
985 477 1174 538 δυάδα,
1211 479 1304 530 καὶ
1357 479 1444 530 τὸν
1474 479 1569 533 ἕνα
1597 482 1689 532 καὶ
1724 484 1861 548 μετά
1908 484 2183 551 σάρκωσιν
2220 500 2378 550 μονο-
2411 489 2452 542 Α
2489 484 2589 550 μὲν
2624 484 2715 536 τοῦ
2742 480 3062 536 διδασκάλου
3082 479 3208 545 περὶ
3237 477 3326 529 τοῦ
3361 477 3507 530 θείου
3546 476 3861 545 Πνεύματος
3897 477 4052 546 ἱερὰν

808 567 944 634 γενῆ
967 567 1098 618 Υίδν
1124 567 1217 619 τοῦ
1259 569 1391 638 Θεοῦ
1421 573 1500 633 εἰς
1535 571 1625 622 δύο
1654 572 1876 642 διαιρῶν
1927 574 2180 627 κάκιστα.
2233 575 2374 641 Γρη-

812 661 981 725 γορᾶς
1014 658 1058 708 δ’
1085 659 1297 710 ούτοσὶν
1335 661 1551 728 ἐκάστῳ
1597 664 1705 713 τῶν
1744 664 1910 726 ἀξίων
1946 664 2044 733 τὴν
2080 665 2377 733 θεαρχικῆν

812 747 1094 808 ἐνοικίζων
1146 748 1372 815 Τριάδα,
1411 751 1569 816 μόνος
1613 751 1779 813 αύτδς
1823 753 1886 803 ἂν
1930 753 2078 819 λέγοι
2113 756 2165 805 τί
2222 755 2281 804 τδ
2315 758 2377 806 ἐκ

810 837 1003 888 τούτου
1057 826 1595 913 συναγόμενονξκαὶ
1648 843 1771 892 ὅσον
1822 834 2134 912 ὑπερήλασε
2194 846 2380 905 κακῶς

816 928 956 976 κατά
987 926 1160 979 ταῦτα
1192 929 1398 980 καὶτὸν
1426 933 1592 998 λῆρον
1625 933 1831 983 ἐκεῖνον
1855 933 2171 1003 Νεστόριον.
2215 936 2380 987 ’Ὅθεν

817 1015 911 1065 καὶ
942 1016 973 1083 ή
1005 1016 1098 1067 τοῦ
1120 1018 1377 1094 ,Χριστοῦ
1421 1020 1716 1090 Ἐκκλησία
1746 1023 1843 1093 τὴν
1873 1025 1980 1075 τῶν
2003 1024 2096 1078 δύο
2119 1026 2226 1092 τοῦ,
2251 1014 2382 1093 Χρέ-

819 1103 945 1155 στοῦ
983 1106 1198 1170 φύσεων
1226 1110 1529 1179 ἀσύγχυτον
1563 1115 1767 1170 ,ἕνωσιν
1805 1116 1927 1168 καθ’
1968 1116 2263 1170 ὑπόστασιν
2295 1137 2384 1186 γε-

817 1195 1081 1260 γενῆσθαι
1133 1199 1480 1266 διδάσκουσα,
1525 1204 1584 1254 οὑ
1621 1205 1716 1274 τήν
1749 1207 1898 1262 θείαν
1949 1202 2380 1270 ὑπόστασινίτοῦ

816 1284 1158 1352 Μονογενοῦς
1187 1291 1476 1359 ἀνορώπου
1527 1289 1826 1349 ὑποστάσει
1862 1299 2027 1366 φησδν
2065 1300 2377 1367 ἐνοικῆσαι·

815 1370 958 1440 ἦσαν
996 1379 1103 1447 γὰρ
1140 1381 1206 1432 ἂν
1240 1381 1382 1434 οὑτω
1407 1384 1500 1437 δύο
1530 1386 1857 1449 ὑποστάσεις
1885 1390 1943 1454 ἐξ
1975 1390 2246 1460 ἀνάγκης,
2285 1393 2380 1445 καὶ

818 1467 911 1519 δύο
944 1470 1047 1520 υίοί
1069 1485 1084 1500 ·
1115 1472 1233 1524 ἀλλ’
1262 1475 1489 1543 ἐρρἔω,
1523 1481 1681 1544 φασὶ,
1712 1479 1772 1532 τὸ
1797 1480 2120 1549 Νεστόρειον
2158 1483 2380 1552 πτῶμα,
2407 1511 2416 1516 ~

819 1563 914 1610 καὶ
953 1564 1276 1634 σὺνπνέκείνῳ
1306 1582 1366 1632 γε
1414 1569 1461 1619 οί
1513 1570 1762 1623 τάκείνου
1810 1574 2132 1640 φρονοῦντες
2176 1576 2382 1640 κακῶς,

819 1650 876 1702 ἀ)
889 1651 956 1704 λά
983 1653 1079 1722 τὴν
1101 1655 1448 1724 ἀνθρωπείαν
1477 1660 1638 1733 φύσιν
1663 1663 1891 1729 τελείαν,
1921 1664 1976 1716 ἓν
2002 1681 2064 1731 γε
2094 1669 2158 1736 τῇ
2189 1667 2382 1719 ἑαυτοῦ

821 1742 1120 1797 ὑποστάσει
1167 1748 1200 1800 6,
1225 1748 1538 1818 Μονογενὴς
1576 1751 1888 1821 ὑποστήσας
1937 1755 2062 1815 Υίδς
2093 1757 2187 1809 τοῦ
2221 1756 2383 1819 Θεοῦ,

2483 575 2667 641 σχεδὸν
2707 575 2886 624 πᾶσαν
2935 572 3213 634 θεολογίαν
3281 570 3346 621 ἐκ
3403 571 3572 637 μέσου
3623 570 3881 638 ποιήσας,
3956 571 4049 621 καὶ

2480 665 2648 716 ταῦτα⁸
2672 663 2795 716 καθ’
2827 663 2980 731 ήμῶν
2996 662 3203 729 ταύτην
3228 661 3518 729 προφέρων
3543 659 3617 721 ὡς
3640 659 3827 720 κακῶς
3866 659 4046 726 δῆθεν,

2482 754 2577 803 καὶ
2607 751 2680 820 μὴ
2708 751 2848 802 κατᾶ
2871 750 2958 801 τὸν
2997 749 3092 800 τοῦ
3132 749 3385 815 θεολόγου
3421 749 3622 808 σκοπδν
3654 748 3790 815 αὑτῇ
3847 764 4052 816 χρησα-

2485 846 2680 911 μένων,
2718 842 3052 911 βραχύτατον
3081 841 3214 893 δέτι
3273 840 3473 908 χωρίον
3536 839 3659 890 καθ’
3698 838 3902 895 ἑαυτοῦ
3959 837 4050 889 τοῦ

2469 935 2682 994 ,παντδς
2723 934 3129 1000 ἀποτεμόμενος
3173 930 3352 996 λόγου,
3397 930 3531 981 αὑτὸ
3575 929 3637 998 δή
3682 927 3842 980 τοῦτό
3887 945 4048 995 φημι,

2482 1008 2544 1075 τὸ
2575 1023 2723 1092 παρὰ
2753 1023 2861 1075 τῶν
2898 1022 3263 1075 Μασαλιανῶν
3285 1021 3524 1089 ,συληθὲν
3548 1023 3609 1071 ἐκ
3639 1019 3744 1069 τῶν
3778 1018 3938 1070 θείων
3965 1019 4048 1069 λο-

2439 1113 2443 1120 ’
2484 1115 2640 1180 γίων,
2668 1115 2695 1166 δ
2721 1115 2783 1182 δὴ
2813 1115 2906 1165 καὶ
2936 1117 3001 1182 τῇ
3036 1113 3240 1182 συνόδῳ
3265 1114 3384 1164 τότε
3414 1111 3551 1179 πρὸς
3577 1111 3676 1180 τὴν
3706 1109 3931 1161 ἐκείνων
3959 1125 4052 1159 κα-

2482 1205 2712 1272 ταδίκην
2739 1205 3054 1273 ἐξήρκεσεν,
3101 1203 3334 1256 Ἐνοικεῖ
3358 1205 3468 1263 τοῖς
3515 1202 3687 1266 ἀξίοις
3717 1203 3745 1252 6
3773 1199 3928 1262 Θεδς,
3979 1201 4053 1249 εἰ-

2487 1295 2698 1347 πόντων
2735 1296 2844 1346 τῶν
2889 1296 3180 1365 Πατέρων,
3215 1295 3332 1346 ἀλλ’
3360 1295 3458 1361 οὐχ
3499 1294 3572 1355 ὡς
3612 1291 3726 1360 ἔχει
3769 1291 3981 1358 φύσεως
4022 1291 4053 1357 ἡ

2487 1387 2699 1455 θεότης.
2741 1375 2880 1437 ’Ᾱλλ’
2910 1389 2935 1438 6
2961 1388 3123 1453 τόμος
3156 1381 3314 1446 αὖθις
3342 1385 3550 1451 λεγέτω
3575 1386 3667 1435 καὶ
3704 1382 3949 1444 διεξιέτω
3991 1381 4055 1432 τὰ

2489 1476 2705 1540 ἐαυτοῦ,
2738 1475 2936 1542 μᾶλλον
2971 1477 3026 1527 δέ
3053 1477 3122 1528 τὰ
3153 1464 3262 1526 τῶν
3291 1475 3555 1540 θεολόγων
3582 1474 3838 1542 Πατέρων
3880 1473 4057 1537 ἀσφα-

2486 1569 2592 1629 λῶς
2626 1585 2685 1620 τε
2730 1568 2822 1621 καὶ
2854 1567 3156 1630 ἀνοθεύτως
3179 1567 3255 1627 ὡς
3285 1567 3488 1635 ἔχουσι.

2560 1655 2712 1712 Καὶό
2749 1660 2939 1728 μέγας,
2968 1660 3150 1726 φησὶν,
3198 1656 3535 1718 Ἀθανάσιος,
3562 1657 3616 1708 ἐν
3675 1658 3739 1722 τῇ
3771 1655 3910 1723 πρὸς
3963 1655 4056 1704 Σε-

2491 1751 2745 1820 ραπίωνα
2794 1749 3074 1818 ἐπιστολῇ,
3102 1749 3310 1810 Πάντα,
3381 1745 3636 1815 φησὶ,τά
3694 1744 3790 1796 τοῦ
3846 1745 4055 1808 Πατρδς

824 1836 953 1901 μίαν
1016 1837 1342 1908 ἀμφοτέρων
1381 1841 1491 1892 τῶν
1523 1841 1696 1896 ⁴αὑτοῦ
1759 1843 1976 1910 φύσεων
2033 1845 2236 1915 δέδειχε
2279 1849 2386 1916 τὴν
2421 1827 2459 1880 Β
2491 1842 2582 1893 τοῦ
2624 1841 2750 1894 Υίοῦ
2790 1843 2925 1894 ἐστι.
2959 1840 3050 1891 Διδ
3083 1841 3178 1892 καὶ
3211 1841 3278 1892 τὰ
3314 1838 3466 1908 παρὰ
3497 1837 3592 1889 τοῦ
3631 1835 3760 1888 Υίοῦ
3795 1839 3851 1888 ἐν
3886 1835 4056 1886 Πνεύ-

821 1926 1142 1990 ὑπόστασιν,
1183 1932 1274 1981 καὶ
1307 1929 1449 1984 οὑτω
1473 1934 1566 1985 καὶ
1603 1935 1741 2000 μετά
1787 1935 1882 2004 τὴν
1915 1937 2225 2007 ἀπόρρητον
2252 1941 2387 1993 ἔνω-

821 2034 907 2069 σιν
937 2013 1016 2080 είς
1046 2020 1072 2070 6
1112 2021 1408 2089 μονογενής
1456 2023 1583 2082 Υίδς
1614 2026 1707 2083 τοῦ
1753 2027 1889 2078 Θεοῦ
1923 2029 1980 2078 ἐν
2003 2029 2122 2081 δυσὶ
2151 2032 2386 2094 τελείαις

817 2113 939 2170 ταῖς
969 2111 1186 2177 φύσεσι,
1212 2117 1276 2183 τῇ
1313 2132 1370 2167 τε
1409 2116 1527 2186 θείᾳ
1561 2120 1702 2188 φημὶ
1747 2121 1840 2172 καὶ
1874 2123 1939 2188 τῇ
1982 2116 2324 2193 ἀνθρωπεία,
2357 2127 2384 2177 6

819 2203 983 2265 αὐτὸς
1020 2205 1111 2256 καὶ
1137 2207 1464 2274 γνωρίζεται
1499 2211 1593 2260 καὶ
1628 2215 2019 2279 προσκυνεῖται
2072 2215 2254 2277 καλῶς
2288 2217 2384 2268 καὶ

821 2309 1168 2350 πιστεύεται.

855 2371 862 2387 ’
905 2385 962 2437 '0
997 2387 1052 2440 δὲ
1089 2391 1373 2460 Γρηγορᾶς
1405 2391 1610 2445 ὡσανεὶ
1645 2396 1976 2466 κοιμωμένῳ
2008 2398 2102 2449 καὶ
2137 2399 2385 2467 ρέγχοντι

822 2477 1016 2538 ἐοικὼς
1044 2481 1179 2548 πρὸς
1217 2487 1386 2534 ταῦτα
1409 2484 1662 2554 πάντα,ἦ
1691 2488 1782 2537 καὶ
1816 2488 2030 2553 μεθύων
2053 2490 2179 2542 ἄνευ
2217 2490 2382 2550 οἴνου,

823 2574 888 2618 τό
917 2571 1196 2655 τῆςῂθείας
1236 2573 1399 2639 φάναι
1428 2569 1673 2643 Γραφῆς’,
1709 2577 1835 2639 τοὺς
1892 2579 1989 2646 μὲν
2048 2581 2174 2649 περὶ
2204 2582 2387 2648 ῖμετο-

824 2661 930 2727 χῆε,
958 2659 1107 2734 θείας
1140 2662 1232 2714 καὶ
1267 2663 1552 2731 ἐνεργείας
1579 2665 1689 2715 τῶν
1719 2665 1892 2731 ἁγίων
1915 2667 2140 2729 πολλοὺς
2170 2671 2258 2720 καὶ
2295 2687 2390 2721 xa-

825 2751 949 2810 λοὺς
989 2751 1202 2818 λόγους,
1237 2754 1330 2805 καὶ⁷
1371 2753 1541 2806 ταῦτα
1604 2756 1710 2822 πρὸ
1735 2757 1842 2807 τῶν
1889 2757 2182 2826 ὀφθαλμῶν
2221 2761 2387 2812 αὑτοῦ

824 2842 1132 2909 κειμένους,
1167 2842 1242 2902 ὡς
1302 2844 1437 2912 μηδὲ
1483 2844 1800 2907 λαλοῦντας,
1836 2847 1971 2914 μηδέ
2002 2848 2158 2910 ὄντας
2187 2831 2389 2917 παρέρ-

825 2951 980 3000 χεται
1007 2952 1019 2964 ·
1052 2934 1194 3002 μέρη
1229 2934 1284 2986 δέ
1313 2952 1432 2987 τινα
1464 2936 1562 3004 τῆς
1598 2936 1824 2988 ἐκείνων
1857 2938 2038 3000 κακῶς
2072 2940 2390 3008 ἀπορρήξας

824 3024 1099 3090 θεολογίας
1131 3026 1202 3086 ὡς
1234 3025 1364 3086 ἔπος
1389 3026 1557 3095 αὐτῷ,
1582 3026 1772 3078 ἔπειτα
1801 3029 2070 3091 κάκείνοις
2100 3030 2390 3099 διεστραμ-

2494 1949 2624 1999 ματι
2655 1931 2912 1998 διδόμενα
2933 1929 3026 1983 τοῦ
3053 1930 3269 1996 Πατρός
3305 1930 3420 1980 ἐστι
3441 1928 3776 1996 χαρίσματα,
3811 1927 3904 1976 καὶ
3964 1923 4055 1975 τοῦ

2494 2020 2821 2089 Πνεύματος
2850 2022 3004 2082 ὄντος
3037 2020 3093 2071 ἐν
3120 2020 3272 2088 ήμῖν,
3309 2018 3402 2090 καὶ
3430 2019 3457 2067 6
3491 2001 3661 2083 Λόγος
3707 2018 3734 2068 ὁ
3763 2015 3920 2066 τοῦτο
3984 2014 4058 2064 δι-

2487 2113 2608 2172 δούς
2641 2113 2792 2163 ἐστιν
2821 2113 3057 2180 ἐνήμῖν,
3089 2112 3182 2163 καὶ
3207 2112 3265 2161 ἐν
3295 2110 3372 2179 τῷ
3419 2109 3577 2175 Λόγῳ
3613 2107 3760 2158 ἐστὶν
3787 2109 3813 2158 6
3847 2106 4051 2172 Πατήρ.

2492 2203 2601 2254 Καὶ
2629 2201 2803 2264 οὑτως
2831 2203 2946 2255 ἐστὶ
2973 2204 3055 2267 τδ,
3090 2201 3495 2266 Ἔλευσόμεθα
3521 2197 3633 2266 ἐγὼ
3669 2199 3763 2249 καί
3801 2200 3833 2248 ό
3858 2197 4055 2263 Πατὴρ

2478 2273 2586 2344 ’καί
2613 2293 2814 2360 μονὴν
2841 2294 2979 2360 παρ’
3013 2292 3172 2357 αὐτῷ
3209 2293 3565 2360 ποιήσομεν,
3601 2289 3856 2357 καθάπερ
3906 2289 4057 2356 είρη·

2489 2402 2600 2436 ται.
2646 2387 2813 2438 Ἔνθα
2843 2387 2950 2453 γὰρ
2977 2386 3035 2436 τὺ
3058 2385 3192 2452 φῶς,
3247 2385 3365 2436 ἐκεῖ
3411 2384 3505 2435 καὶ
3559 2384 3620 2433 τὸ
3675 2379 4054 2446 ἀπαύγασμα·

2494 2478 2586 2528 καὶ
2613 2476 2738 2527 ἔνθα
2769 2476 2827 2527 τὸ
2858 2478 3222 2542 ἀπαύγασμα,
3249 2476 3364 2527 ἐκεῖ
3398 2475 3492 2525 καὶ
3517 2475 3546 2541 ή
3581 2472 3773 2523 τούτου
3802 2471 4054 2540 ἐνέργεια

2493 2567 2586 2617 καὶ
2617 2566 2896 2632 αὺσοειδὴς
2958 2567 3139 2634 χάρις.

2566 2660 2676 2711 Καὶ
2707 2657 2862 2709 τοῦτο
2898 2657 3058 2710 πάλιν
3085 2656 3351 2709 διδάσκων
3395 2656 3420 2706 6
3455 2655 3661 2714 Παῦλος
3707 2653 3944 2722 ἔγραφεν
3967 2648 4060 2703 αῦ-

2493 2753 2576 2814 θις
2618 2749 2926 2820 Κορινθίοις
2956 2753 3013 2802 ἐν
3052 2753 3116 2820 τῇ
3182 2750 3412 2818 δευτέρα
3458 2747 3711 2813 ἐπιστολῇ
3770 2746 3962 2810 λέγων’
3999 2744 4060 2796 Ἠ

2494 2844 2664 2912 χάρις
2705 2842 2812 2894 τοῦ
2856 2843 3075 2907 Κυρίου
3125 2839 3292 2909 ἡμῶν
3324 2839 3520 2906 Ἰησοῦ
3563 2837 3844 2903 Χριστοῦ,
3876 2837 3972 2887 καὶ
4023 2838 4058 2902 ἡ

2493 2935 2695 3002 ἀγάπη
2747 2934 2852 3008 τοῦ
2922 2934 3071 2985 Θεοῦ
3102 2973 3116 2996 ,
3168 2931 3265 2984 καὶ
3317 2931 3353 2996 ἡ
3399 2932 3678 2983 κοινωνία
3725 2928 3832 2980 τοῦ
3892 2929 4062 2994 ἁγίου

2495 3027 2870 3094 Πνεὺματος,
2891 3023 3040 3091 μετὰ
3066 3023 3311 3076 πάντων
3345 3020 3534 3089 ἡμῶν.
3585 3019 3649 3070 'H
3679 3020 3786 3087 γὰρ
3810 3019 4060 3085 διδομένη

830 3117 1006 3182 μένως
1035 3134 1095 3170 τε
1127 3120 1217 3181 καὶ
1252 3119 1436 3181 κακῶς
1464 3119 1779 3187 ἐπιφύεται,
1838 3120 1938 3189 τὴν
1986 3121 2391 3190 προρρηθεῖσαν
2425 3177 2462 3190 _
2496 3117 2655 3185 χάρις
2684 3118 2780 3168 καὶ
2801 3116 2980 3184 δωρεὰ
3012 3117 3067 3166 ἐν
3101 3115 3290 3182 Τριάδι
3322 3113 3523 3164 δίδοται
3558 3112 3708 3180 παρὰ
3733 3109 3943 3177 [ἰατρὸς
3972 3109 4058 3160 διὰ

825 3177 884 3259 ἐν
911 3177 1260 3276 Εὑάγγελίοις
1289 3177 1624 3280 Δεσποτ.κήν
1649 3177 1865 3281 ἐκείνην
1892 3177 2396 3282 φωνήν,.τήν,Ἐγτῖο
2420 3177 2464 3238 C
2498 3177 2719 3259 ς’ίοῦέν
2751 3177 3025 3275 Πνεύματι
3065 3177 3226 3275 ἁγίῳ.
3258 3205 3469 3271 Ὠσπερ
3505 3203 3612 3271 γὰρ
3639 3177 3718 3264 νὼς
3753 3206 3814 3253 ἐκ
3850 3203 4060 3270 Πατρός

828 3301 927 3352 καὶ
958 3305 987 3352 ό
1021 3301 1222 3367 Πατὴρ
1254 3302 1647 3368 ἐλευσόμεθα,
1682 3301 2000 3369 καὶμονὴν
2049 3304 2186 3368 παρ’
2237 3303 2396 3366 αὐτῷ

831 3391 1186 3458 ποιήσομεν,
1213 3391 1358 3469 μετά
1388 3391 1751 3443 Μασα).ιανῶν
1783 3391 1966 3453 κακῶς
1998 3390 2391 3459 ἐξηγούμενος,

831 3486 924 3532 καί
949 3480 1008 3531 τὸ
1044 3480 1310 3549 μεθεκτὴν
1329 3477 1466 3532 εἶναι
1497 3481 1588 3532 τοῦ
1623 3481 1761 3531 Θεοῦ
1787 3481 1882 3547 τὴν
1902 3481 2088 3531 οὑσίαν
2146 3480 2395 3532 ἐντεῦθεν

831 3570 1055 3633 συνάγει
1078 3569 1347 3636 οίίμενος,
1373 3569 1472 3622 καὶ
1505 3570 1639 3637 μηδὲ
1681 3569 1780 3638 τὴν
1807 3569 1927 3622 κατ’
1977 3571 2200 3622 ἐκείνων
2263 3570 2397 3621 ἁπό-

832 3674 997 3723 φασιν
1026 3661 1120 3726 τῆς
1155 3659 1276 3730 κατξ
1305 3659 1528 3710 ἐκείνων
1577 3659 1896 3727 αἰδούμενος
1956 3662 2105 3729 ἱερᾶς
2152 3662 2394 3729 συνόδου,

837 3746 1041 3813 μεταξὺ
1091 3747 1183 3798 τοῦ
1232 3749 1512 3800 συνοδικοῦ
1558 3750 1725 3818 τόμου
1778 3752 1871 3802 καί⁸
1916 3751 2024 3802 τῶν
2071 3750 2397 3820 θεολογικῶν

831 3837 1002 3904 λόγων
1061 3839 1346 3908 κειμένην.

915 3929 1076 3980 Ἀ).λὰ
1109 3931 1270 3981 καλὸν
1315 3931 1379 3982 ἂν
1423 3930 1531 3999 εἴη,
1560 3932 1653 3982 καὶ
1706 3929 1862 3993 αὖθις
1907 3934 2052 4002 ἡμᾶς
2089 3935 2214 3997 τοὺς
2268 3937 2398 4003 περὶ

840 4021 1067 4088 μετοχῆς
1103 4021 1252 4082 θείας
1289 4023 1394 4073 τῶν
1435 4024 1595 4092 ἱερῶν
1636 4025 1892 4094 Πατέρων
1938 4026 2133 4092 λόγους
2172 4027 2266 4079 καὶ
2300 4029 2398 4093 τὴν

836 4112 1113 4178 θεολογίαν
1140 4114 1200 4164 ἐκ
1223 4113 1316 4165 τοῦ
1350 4115 1514 4180 τόμου
1549 4120 1921 4184 προενεγκεῖν,
1946 4117 2038 4180 οὒς
2068 4119 2132 4187 δὴ
2159 4117 2397 4185 κακούρ-

837 4220 948 4269 γως
975 4205 1000 4254 6
1033 4205 1312 4273 Γρηγορᾶς
1360 4207 1740 4274 ἀπεκρύψατο.
1783 4209 1893 4260 Καὶ
1921 4209 1984 4277 δὴ
2026 4209 2132 4279 πρὸ
2162 4209 2270 4262 τῶν
2305 4211 2400 4264 άλ-

835 4292 943 4342 λων
974 4294 1107 4360 ἡμῖν
1141 4293 1454 4357 Ἀλθανάσιος
1494 4293 1525 4346 6
1552 4296 1743 4362 ,μέγας
1786 4297 2090 4362 είσαγέσθω
2131 4297 2208 4364 τῷ
2257 4297 2400 4367 λόγῳ

838 4384 966 4451 περὶ
990 4384 1096 4435 τῶν
1121 4386 1497 4453 προκειμένων
1519 4386 1766 4451 διδάξων,
1791 4387 1976 4456 ἐπειδὴ
2004 4385 2097 4440 κΞὶ
2117 4388 2185 4441 τὰ
2207 4389 2397 4442 τούτου

2499 3300 2614 3349 ἐστι
2650 3295 2737 3348 διὰ
2791 3295 2920 3347 Υίοῦ
2955 3297 2986 3364 ή
3022 3295 3271 3363 διδομένη
3302 3296 3482 3362 χάρις,
3535 3293 3706 3353 οὕτως
3742 3295 3841 3345 οὑκ
3875 3295 3941 3345 ἂν
3973 3295 4063 3359 γέ-

2499 3405 2640 3439 νοιτο
2674 3387 2929 3439 κοινωνία
2963 3388 3060 3455 τῆς
3094 3387 3290 3461 δόσεως
3327 3387 3383 3436 ἐν
3423 3386 3574 3453 ἡμῖν,
3607 3387 3656 3436 εί
3695 3387 3769 3453 μὴ
3805 3388 3863 3436 ἐν
3901 3384 4064 3436 Πνεύ-

2503 3496 2633 3547 ματι
2663 3479 2739 3547 τῷ
2772 3479 2934 3545 ἀγίῳ.
2970 3478 3177 3529 Τούτου
3212 3479 3317 3546 γὰρ
3359 3478 3674 3545 μετέχοντες
3695 3517 3710 3541 ,
3742 3476 3938 3544 ἔχομεν
3970 3478 4062 3528 τοῦ

2447 3629 2454 3638 ε
2501 3571 2708 3639 Πατρδς
2740 3570 2840 3638 τὴν
2867 3570 3108 3637 ἀγάπην,
3143 3569 3234 3621 καὶ
3281 3567 3374 3620 τοῦ
3426 3567 3557 3620 Υἰοῦ
3607 3568 3706 3635 τὴν
3755 3567 3935 3636 χάριν,
3969 3551 4064 3618 καὶ

2499 3661 2664 3712 αὑτοῦ
2696 3659 2790 3711 τοῦ
2823 3658 3132 3727 Πνεύματος
3179 3657 3279 3725 τὴν
3340 3655 3658 3708 κοινωνίανο
3703 3656 3801 3722 μία
3847 3654 3955 3724 ἄρα
4001 3657 4064 3706 ἐκ

2499 3751 2703 3805 τούτων
2731 3753 2762 3816 ἡ
2781 3753 2878 3818 τῆς
2903 3749 3130 3817 Τριάδος
3188 3749 3438 3817 ἐνέργεια
3501 3746 3792 3798 δείκνυται.

2572 3843 2636 3893 Τί
2667 3842 2800 3910 πρὸς
2835 3841 3007 3919 ταῦτα
3035 3842 3244 3902 λέγεις,
3277 3833 3320 3892 ὦ
3354 3839 3636 3906 Γρηγορᾶς
3694 3837 3789 3897 Τίς
3836 3836 3981 3886 ἐστιν
4037 3835 4065 3884 6

2501 3932 2862 4000 κατατέμνων
2889 3933 2981 3984 καὶ
3026 3932 3368 4000 διαστρέφων
3432 3931 3532 3990 τὰς
3598 3929 3744 3987 θείας
3795 3928 4056 3994 Γραφάςς

2502 4025 2660 4085 Θείας
2703 4026 2796 4076 καὶ
2837 4024 2944 4091 γὰρ
2977 4022 3045 4075 τὰ
3078 4021 3186 4074 τῶν
3221 4021 3487 4086 θεολόγων
3523 4021 3586 4072 σὺ
3628 4020 3806 4086 λέγεις
3841 4018 4062 4086 Γραφὰς

2504 4105 2765 4183 συνεχῶς,
2799 4115 2934 4183 μηδέ
2959 4113 3090 4166 αὐτὸ
3114 4111 3350 4180 τοὺνομα
3376 4113 3555 4173 καλῶς
3579 4110 3752 4174 εἰδὼς,
3780 4111 3916 4180 μηδὲ
3941 4113 4063 4161 ἐπι-

2503 4208 2792 4275 στάμενος,
2839 4207 2958 4260 τίνα
3014 4205 3112 4273 μὲν
3165 4205 3310 4257 θεῖαι
3367 4207 3600 4274 Γραφαὶ,
3647 4206 3748 4257 ὅσα
3803 4207 3900 4273 τῆς
3951 4207 4060 4256 Πα-

2502 4298 2658 4359 ma;
2691 4314 2834 4366 φημι
2860 4299 2953 4350 καὶ
2982 4297 3080 4348 ὅσα
3103 4297 3202 4365 τῆς
3259 4297 3418 4360 Νέας,
3469 4297 3587 4347 τίνα
3616 4297 3670 4347 δέ
3730 4296 4061 4348 διδασκάλων

2502 4391 2593 4441 καὶ
2632 4387 2897 4451 θεολόγων
2923 4385 3091 4451 λόγοι,
3142 4388 3236 4438 καὶ
3287 4386 3578 4453 ἐξηγήσεις
3629 4387 3724 4436 καὶ
3777 4388 4062 4453 ἑρμηνεῖαι

841 4477 947 4543 πρὸ
981 4476 1085 4527 τῶν
1116 4477 1289 4528 ἄλλων
1319 4480 1345 4530 6
1388 4479 1674 4548 Γρηγορᾶς
1716 4480 2019 4542 διασπάσας
2048 4499 2106 4533 τε
2137 4483 2229 4534 καὶ
2265 4484 2399 4536 ἀπο·
2431 4507 2473 4561 D
2506 4477 2702 4547 μᾶλλον
2737 4478 2978 4540 ἐκείνων,
3008 4477 3119 4527 ἀλλ’
3149 4477 3269 4543 οὐχὶ
3294 4475 3433 4526 θεῖαι
3463 4475 3692 4544 Γραφαί.
3724 4477 3750 4524 ἰ
3771 4477 3816 4535 ῖς
3863 4477 4009 4526 ἐστιν
4037 4478 4062 4526 6

840 4566 1077 4634 συλήσας
1115 4567 1298 4629 κακῶς
1321 4569 1382 4620 ἑκ
1408 4585 1469 4635 γε
1492 4569 1586 4621 τοῦ
1614 4570 1890 4622 συνοδικοῦ
1911 4576 2080 4639 τόμου
2102 4572 2395 4627 δείκνυται.

843 4654 1046 4722 μᾶλλον
1074 4655 1127 4706 δὲ
1150 4657 1254 4726 πρὸ
1284 4657 1378 4709 τοῦ
1410 4659 1506 4721 τὰς
1545 4660 1738 4728 ῥήσεις
1786 4661 2120 4723 ἐκείνας-ὡς
2185 4662 2399 4730 ἔχουσιν

841 4744 1098 4798 ἐκθέσθαι
1142 4747 1233 4799 τοῦ
1269 4746 1541 4814 θεολόγον,
1577 4750 1676 4819 τὴν
1708 4751 2009 4819 ἱεροσυλίαν
2035 4751 2125 4803 τοῦ
2148 4752 2402 4819 Γρηγορᾶ

848 4834 954 4886 τῶν
984 4838 1188 4888 ἐκείνου
1217 4837 1389 4904 λόγοιν
1413 4837 1775 4900 ἀπολαῦόντες
1833 4840 2106 4906 είς·μέσον
2161 4840 2402 4890 ἑλκύσω-

845 4944 967 4994 μεν,
993 4929 1078 4979 ἵνα
1105 4930 1394 4982 κάντεῦθεν
1441 4931 1592 4998 παρὰ
1654 4931 1819 4984 πόσον
1877 4932 2082 4989 ἐκεῖνος
2139 4933 2263 5000 ἥκει
2302 4932 2401 4999 τῆς

839 5018 1099 5086 ἀληθείας
1134 5019 1291 5089 δῆλον
1327 5024 1436 5082 τοῖς
1483 5023 1615 5074 πᾶσι
1650 5023 1892 5090 γένηται.
1928 5022 2085 5090 Φέρει
2113 5024 2232 5090 ,πρὸ
2281 5023 2402 5075 τού·

842 5127 956 5174 του,
983 5111 1115 5178 φησὶ
1150 5112 1284 5180 πρὸς
1323 5112 1410 5164 τὸν
1440 5113 1634 5165 ἐαυτοῦ
1667 5115 1938 5184 ἀκροαῖδην
1977 5115 2401 5182 ’Δγαθάγγελον,

844 5202 1096 5269 καθάπερ
1123 5198 1276 5254 οἶσθα
1320 5204 1520 5272 μᾶλλον
1551 5206 1712 5264 αὑτὸς
1747 5208 1772 5257 6
1801 5206 1893 5257 καὶ
1948 5205 2120 5257 ταῦτα
2176 5222 2402 5272 κεκομι-

845 5294 956 5353 κὼς
998 5294 1154 5360 ἡμῖν,
1193 5294 1282 5344 τὸν
1323 5294 1496 5363 μέγαν
1529 5297 1845 5348 Ἀθανὰσιον
1890 5296 2136 5363 λέγοντα,
2177 5297 2251 5357 ὼς
2303 5289 2397 5347 τοῦ

849 5381 1164 5450 Πνεύματος
1197 5384 1346 5445 ὄντος
1369 5387 1426 5436 ἐν
1453 5387 1606 5454 ἡμῖν.
1631 5388 1721 5438 καὶ
1782 5391 1808 5438 6
1834 5388 2006 5454 Λόγος
2030 5388 2059 5438 6
2115 5387 2270 5438 τοῦτο
2326 5387 2403 5438 δι-

844 5473 970 5534 δούς
1005 5469 1149 5525 ἐστὶν
1183 5477 1242 5525 ἐν
1273 5477 1426 5546 ἡμῖν,
1459 5479 1552 5529 καὶ
1578 5479 1635 5529 ἐν
1664 5476 1739 5544 τῷ
1775 5478 1934 5544 Λόγῳ
1960 5479 2103 5529 ἐστὶν
2129 5479 2156 5529 6
2189 5479 2399 5547 Πατὴρ,

849 5564 941 5615 καὶ
971 5563 1140 5624 οὑτως
1167 5566 1282 5617 ἐστὶ
1306 5566 1384 5627 τδ,
1431 5568 1833 5636 Ἑλευσόμεθα
1855 5567 1967 5636 ἐγὼ
1993 5567 2090 5620 καί
2115 5571 2146 5620 ό
2173 5568 2400 5634 Πατὴρ,

848 5653 943 5704 καί
978 5655 1177 5722 μονὴν
1217 5656 1353 5724 παρ’
1377 5656 1534 5722 αὑτῷ
1556 5658 1909 5727 ποιήσομεν.
1945 5660 2052 5711 Καὶ
2082 5658 2254 5710 ταῦτα
2302 5660 2400 5728 μὲν

847 5741 876 5790 6
911 5744 1192 5810 φιλόσοφος
1231 5747 1571 5816 ἀφιλοσόφως
1605 5767 1660 5801 τε
1697 5750 1788 5801 καὶ
1827 5749 2068 5818 αἰσχρῶς
2105 5749 2276 5812 πάνυ,
2303 5749 2401 5815 τὴν

2503 4571 2841 4639 διαστρέφων
2869 4569 3040 4620 ταῦτα
3075 4569 3167 4620 καί⁵
3203 4567 3538 4634 ἀπαλείφων,
3612 4567 3706 4618 καὶ
3753 4565 3907 4618 ταῦτ’
3964 4569 4061 4635 οὐχ

2505 4656 2713 4718 ἁπλῶς,
2752 4655 2868 4708 ἀλλ’
2895 4655 2983 4707 ὅτε
3021 4658 3112 4707 καὶ
3147 4656 3445 4721 ἀντιλέγειν
3484 4655 3578 4707 καὶ
3615 4656 3958 4706 ἀντιπίπτειν
3995 4656 4064 4706 δι’

2505 4746 2684 4800 αὐτῶν
2718 4748 3012 4816 ἐπιχειρεῖς
3064 4749 3127 4819 τῇ
3183 4747 3419 4814 Χριστοῦ
3492 4745 3836 4816 Ἐκκλησία;
3889 4746 3982 4807 Τίς
4037 4748 4065 4797 6

2504 4838 2708 4890 τούτων
2739 4840 2938 4900 ἄτοπος
2974 4838 3248 4907 τολμητὴς
3282 4839 3376 4889 καὶ
3410 4837 3736 4906 βωμολόχος,
3784 4839 3877 4891 καὶ
3927 4837 4066 4904 ίερό-

2510 4930 2686 4992 συλος,
2749 4929 2784 4983 6.
2839 4932 2902 4983 σὺ
2980 4931 3240 4993 πολλάκις
3294 4929 3852 4999 ήμῶνισυκοφαντῶν
3906 4946 4068 4980 κατε-

2505 5021 2691 5088 ψεύσω
2724 5022 2787 5086 ;6
2830 5023 2993 5090 τόμος
3051 5025 3146 5074 καὶ
3178 5023 3208 5091 ή
3239 5021 3478 5085 σύνοδος,
3509 5022 3604 5073 καὶ
3633 5025 3658 5073 6
3688 5021 3893 5090 ταύτης
3923 5021 4066 5089 ίερδς

2510 5117 2818 5185 προστάτης
2847 5116 3163 5184 Γρηγόριος,
3188 5114 3218 5183 ἢ
3245 5113 3342 5179 σῦς
3368 5112 3601 5181 Εὑδηλον
3619 5113 3698 5164 ὅτι
3726 5115 3810 5177 σὺ,
3835 5114 3928 5164 καὶ
3949 5114 4068 5164 οὐδὲ

2508 5207 2807 5272 ἀποφυγεῖν
2843 5204 2960 5256 οὐδὲ
2993 5201 3334 5273 ἀρνήσασθαι
3361 5201 3626 5270 δήπουθεν
3659 5200 3892 5266 ἔξεστιν,
3923 5201 4067 5254 οὑτω

2512 5312 2593 5346 σοι
2624 5296 2771 5364 παρά
2797 5293 2993 5348 σαυτοῦ
3023 5295 3130 5346 τῶν
3158 5275 3392 5360 ἐλέγχων
3416 5293 3523 5350 καὶ
3539 5292 3682 5361 μάλα
3706 5308 3768 5359 γε
3800 5291 4066 5361 λαμπρῶς

2509 5385 2791 5437 ἐπιόντων.
2837 5383 2988 5452 Ἐμοὶ
3038 5385 3094 5436 δέ
3129 5386 3219 5437 καὶ
3254 5383 3557 5452 θαυμάζειν
3613 5382 3824 5434 ἔπεισιν
3871 5382 4065 5444 ἄλλως,

2508 5478 2775 5548 τίσιν-ἀρα
2808 5478 3091 5546 λογισμοῖς
3121 5478 3463 5548 χρησάμενος
3487 5476 3796 5544 Γρηγορᾶς,
3828 5480 3892 5545 τῇ
3946 5493 4066 5527 καιο

2509 5572 2732 5639 νοτομίᾳ
2757 5571 2928 5640 ταύτῃ
2959 5574 3098 5624 κατὰ
3123 5571 3228 5622 τῶν
3255 5570 3349 5623 τοῦ
3379 5569 3703 5622 διδασκάλου
3729 5569 3902 5636 λόγων
3925 5567 4068 5620 οὕτω

2511 5659 2694 5722 κακῶς
2748 5663 3036 5730 ἐχρήσατο.
3107 5661 3262 5712 Ἐπεὶ
3315 5661 3424 5730 γὰρ
3474 5660 3750 5711 ἀντειπεῖν
3798 5659 4069 5726 ἐσκέψατο

2511 5756 2640 5806 πᾶσι
2669 5755 2778 5814 τοῖς
2807 5753 3123 5820 κεφαλαίοις
3147 5751 3392 5814 ἐκείνοις,
3425 5749 3566 5820 ἅπερ
3610 5751 3767 5812 αὑτὸς
3816 5749 3924 5802 ἀπὸ
3972 5747 4066 5800 τοῦ
