4470 6450
849 411 958 478 903

1874 403 1969 464 PII
1986 401 2211 464 ILOTII
2227 403 2291 462 El
2335 401 2439 462 CP.
2489 397 2990 462 PATRIARCILE

3980 392 4080 454 904

848 525 1104 594 γελιστὴν
1152 521 1403 592 Ἰωάννην
1430 521 1571 588 φημὶ
1604 519 1693 570 τὸν
1726 521 1820 586 τῆς
1852 517 2082 587 βροντῆς
2130 517 2242 568 υίὸν
2271 517 2412 567 οὕτω
2443 524 2485 576 Λ
2517 513 2838 579 ἐπιτηδείως
2865 513 3047 580 ἔχουσι
3074 509 3274 580 δηλαδὴ
3303 509 3388 562 διά
3420 509 3767 577 καθαρότητα
3814 510 3948 580 πρὸς
3989 515 4085 578 τὴν

849 617 948 679 τὰς
976 615 1269 683 ἐκκλησίας
1299 616 1352 666 ἐν
1380 617 1443 682 τῇ
1477 613 1646 680 σεπτῇ
1670 607 2418 680 προσαγορεύεινἌποκαλύ-

850 706 962 776 ψει.
1000 703 1254 772 Ἰωάννης
1287 705 1420 771 φησι
1451 706 1570 765 ταῖς
1601 702 1741 754 ἐπτά
1773 701 2092 768 ἐκκλησίαις
2117 703 2235 762 ταῖς
2270 702 2327 751 ἐν
2353 702 2416 768 τῇ

864 796 1022 864 Ἀσία
1044 812 1056 824 ·
1112 793 1289 860 Χάρις
1344 792 1488 861 ὑμῖν
1520 793 1614 846 καί
1647 791 1854 857 ειρήνη
1902 791 2017 843 ἀπὸ
2051 793 2083 843 ό
2130 788 2231 852 ὢν,
2266 790 2361 841 καί
2388 792 2419 840 ό

851 883 948 953 ἦν,
987 886 1084 937 καί
1114 889 1145 937 ό
1179 885 1517 952 ἐρχόμενος,
1553 883 1648 934 καί
1675 883 1791 936 ἀπὸ
1818 881 1935 934 τῶν
1964 881 2114 933 ἑπτὰ
2155 882 2388 947 πνευμά

853 993 968 1029 των
1003 976 1039 1029 ἅ
1068 978 1240 1028 ἐστιν
1272 977 1524 1028 ἐνώπιον
1557 973 1660 1026 τοῦ
1691 975 1908 1040 θρόνου
1941 971 2149 1033 αὑτοῦ,
2174 973 2269 1024 καί
2302 971 2418 1025 ἀπὸ

866 1067 1070 1132 Ἰησοῦ
1123 1066 1380 1133 Χριστοῦ
1414 1067 1548 1127 ’τὰς
1608 1065 1888 1131 ἐνεργείας
1939 1062 2031 1114 τοῦ
2079 1061 2418 1126 Πνεύματος,

855 1160 976 1211 ἀντὶ
1005 1157 1104 1226 τῆς
1158 1157 1509 1218 ὑποστάσεως
1565 1153 1821 1222 οῦτως,ἢ
1866 1153 2002 1222 μετά
2033 1153 2129 1217 τῆς
2178 1152 2419 1204 ὑποστά-

857 1264 997 1310 σεως
1041 1245 1258 1316 μᾶλλον,
1295 1246 1391 1298 καὶ
1444 1244 1542 1311 τῆς
1591 1244 1777 1306 οὐσίας
1822 1245 2148 1314 ἀπορῤἡτως
2183 1243 2255 1305 ῶς
2289 1242 2419 1295 αὐτὸ

854 1339 916 1391 τὸ
945 1337 1168 1406 Πνεῦμα
1202 1334 1459 1402 γινώσκει
1488 1335 1840 1402 θεολογήσας.

930 1429 1077 1496 Πλὴν
1109 1429 1231 1480 ὅσον
1262 1429 1322 1479 ἐκ
1357 1428 1552 1494 μέρους
1580 1425 1676 1477 καὶ
1706 1426 1853 1494 ἡμᾶς
1882 1425 2023 1493 ἐχειν
2045 1423 2240 1475 είδέναι
2271 1422 2421 1490 παρά

855 1520 965 1572 τῶν
1002 1521 1209 1572 ἐκείνου
1268 1519 1508 1587 μετόχων
1553 1518 1650 1569 καὶ
1703 1516 1970 1582 θεολόγων
2020 1515 2306 1582 μαθόντας,
2338 1513 2420 1565 ὅτι

856 1612 953 1678 τῆς
988 1610 1174 1670 οὐσίας
1204 1625 1263 1660 τε
1291 1608 1384 1660 καὶ
1415 1607 1510 1673 τῆς
1541 1604 1916 1665 ὑποστάσεως,
1949 1602 2145 1670 μᾶλλον
2168 1601 2222 1652 δέ
2249 1601 2421 1652 είπεῖν

859 1701 1102 1770 ἀκριόῶς
1130 1700 1225 1752 καὶ
1258 1702 1364 1751 τῶν
1402 1699 1752 1750 ύποστάσεων
1781 1695 1853 1756 ὡς
1890 1693 2152 1760 ἰδιώματα
2193 1692 2419 1759 φυσικά,

861 1791 1189 1857 τοπαράπαν
1220 1790 1517 1856 ἡνωμέναι,
1545 1788 1639 1838 καὶ
1678 1787 1965 1854 συμφυεῖς,
2000 1783 2091 1835 καὶ
2123 1784 2416 1851 ἀχώριστοι

2521 606 2730 656 ἐκείνου
2761 605 3029 674 ὑποδοχήν
3057 620 3112 657 τε
3149 601 3245 656 καὶ
3290 601 3529 670 μέθεξιν.
3557 601 3701 654 Ἀλλ’
3727 603 3834 655 036‘
3863 605 4086 663 ἐκείνοις

2522 694 2704 761 ἐξίσης
2729 709 2742 723 ο
2771 695 2869 764 οὐχ
2893 695 2973 748 ἐνὶ
2994 694 3101 764 γάρ
3126 693 3330 763 μέτρῳ,
3356 695 3538 760 φησιν,
3561 692 3674 745 ἐστι
3704 698 4084 762 μετεχόμενον,

2521 781 2653 833 ἀλλά
2689 782 2810 834 κατ’
2834 781 3132 850 ἀναλογίαν
3162 780 3261 848 τῆς
3293 781 3523 844 πίστεως
3548 781 3788 849 διαιροῦν
3812 784 3910 850 τὴν
3937 781 4086 850 ἐνέρ-

2522 889 2697 939 γειαν.

2598 965 2749 1032 Ἀμα
2777 965 2831 1017 δὲ
2869 965 2960 1016 καὶ
3006 966 3097 1016 τὸν
3125 964 3224 1032 τῆς
3271 966 3507 1034 μετοχῆς
3539 966 3848 1034 ἀπόρρητον
3888 967 4084 1032 τρόπον

2523 1054 2756 1107 καθόσον
2788 1050 2898 1107 οἷόν
2929 1073 2988 1108 τε
3026 1055 3238 1116 τούτοις
3269 1055 3754 1109 συναποδείκνυσιν
3786 1057 3811 1108 6
3834 1056 4083 1108 διδάσκα-

2521 1151 2631 1214 λος,
2662 1152 2785 1202 κατ’
2821 1152 3104 1219 ἐνέργειαν
3134 1151 3283 1203 θείαν
3326 1151 3420 1204 τοῦ
3464 1151 3798 1218 Πνεύματος,
3835 1152 4084 1219 μετέχειν

2521 1242 2646 1303 τοὺς
2683 1241 2870 1304 ἀξίους
2904 1243 3093 1296 είπών.
3128 1241 3190 1295 El
3225 1243 3335 1310 γὰρ
3368 1243 3460 1295 ἐπὶ
3487 1242 3581 1294 τοῦ
3608 1243 3867 1312 αἰσθητοῦ
3891 1242 4080 1295 τούτου

2522 1334 2697 1402 ἡλίου,
2729 1333 2808 1386 ἔτι
2845 1335 2949 1403 γάρ
3000 1333 3192 1402 ἔχομαι
3220 1335 3321 1401 τῆς
3348 1334 3555 1394 είκόνος
3593 1335 3829 1401 ἐκείνης,
3859 1335 3908 1385 εί
3954 1334 4081 1401 γοῦν

2522 1422 2610 1474 ἐπ’
2652 1425 2863 1476 ἐκείνου
2896 1423 2944 1475 οί
2976 1424 3071 1491 τῆς
3107 1423 3325 1484 ἀκτῖνος
3357 1423 3680 1491 μετέχοντες
3712 1424 3773 1475 ού
3819 1425 3916 1491 τῆς
3949 1425 4080 1477 ὑπο-

2523 1513 2768 1574 στάσεως
2799 1514 2921 1566 ούδέ
2950 1513 3050 1582 τῆς
3081 1515 3295 1582 φύσεως
3325 1515 3496 1582 αὐτῆς
3521 1515 3614 1566 τοῦ
3646 1516 3796 1583 ἡλίου
3826 1515 4082 1585 μετέχου-

2525 1619 2632 1668 σιν,
2663 1604 2796 1654 ἀλλά
2824 1608 2922 1671 τῆς
2952 1606 3188 1674 φυσικῆς
3223 1605 3522 1674 ἀπορροίας
3555 1606 3764 1657 ἐκείνου
3811 1608 3904 1659 καὶ
3935 1608 4082 1660 ποιό-

2521 1712 2704 1762 τητος,
2735 1698 2827 1748 καὶ
2874 1695 3181 1764 ἀδιαιρέτου
3230 1696 3530 1766 δυνάμεως,
3574 1697 3668 1748 καὶ
3709 1697 3875 1750 ταυτὸ
3917 1715 4086 1765 πεφυ-

2521 1785 2681 1847 κυίας
2730 1785 2806 1853 τῷ
2837 1785 2974 1854 ἡλίῳ
3003 1787 3094 1837 καὶ⁵
3129 1786 3336 1853 ἕτερον,
3390 1787 3525 1838 κατά
3555 1788 3678 1848 τοὺς
3713 1788 4083 1857 προσήκοντάς

862 1881 1169 1947 πεφᾶκασιν
1200 1877 1256 1928 αί
1298 1876 1569 1944 ἐνέργειαι
1602 1869 1782 1940 αὗται,
1832 1874 1905 1934 ὡς
1936 1876 1968 1940 ἡ
2017 1871 2225 1923 διάνοια
2269 1871 2360 1922 καὶ
2390 1870 2423 1938 ἡ
2458 1871 2500 1926 Β
2529 1892 2673 1942 φημι
2702 1874 2912 1940 λόγους,
2953 1876 3104 1944 πόσῳ
3135 1877 3336 1943 μᾶλλον
3363 1877 3456 1928 ἐπὶ
3482 1876 3574 1929 τοῦ
3602 1877 3735 1928 Θεοῦ
3764 1877 3908 1929 τοῦτ’
3933 1877 4083 1930 ἔσται

859 1972 1136 2038 ἐπιστήμη
1173 1968 1266 2020 τοῦ
1299 1967 1412 2032 νοῦ,
1448 1968 1537 2018 καὶ
1572 1968 1598 2034 ἡ
1633 1965 1863 2034 δύναμις
1910 1963 2006 2016 τοῦ
2037 1962 2286 2024 δυνατοῦ,
2326 1963 2418 2014 καὶ

858 2061 953 2110 τοῦ
985 2059 1296 2124 κινουμένου
1347 2058 1380 2124 ἡ
1426 2055 1662 2123 κίνησις,
1704 2054 1862 2121 φασὶν
1915 2055 1961 2105 οἱ
1993 2053 2168 2113 αὐτοὶ,
2220 2054 2312 2103 καὶ
2339 2052 2420 2103 ὃτι

859 2151 978 2202 ὅλον
1012 2151 1066 2200 ἐν
1106 2149 1322 2216 ἑκάστῳ
1350 2147 1411 2198 τὸ
1441 2145 1593 2212 ἆγιόν
1621 2146 1737 2196 ἐστι
1781 2141 2004 2210 Πνεῦμα
2041 2141 2113 2202 ῶς
2142 2141 2418 2210 ἐνεργοῦν,

859 2241 994 2292 κατά
1042 2239 1265 2298 τούτους
1311 2237 1503 2296 αὐτοὺς
1546 2235 1723 2297 αὖθις.
1751 2234 1928 2301 Ἀπερ
1958 2235 2008 2286 οἱ
2044 2233 2118 2301 μὴ
2159 2232 2419 2301 βουλόμε-

858 2349 937 2382 νοι
980 2332 1167 2398 μαθεῖν
1194 2327 1560 2402 τυφλώττουσί
1593 2343 1650 2377 τε
1683 2327 1806 2394 περὶ
1835 2325 1894 2377 τὸ
1919 2325 2030 2393 φῶς
2060 2325 2260 2383 ἑκοντὶ,
2286 2324 2417 2390 ἄτης

859 2425 916 2473 ἐν
944 2420 1175 2488 χειμῶνι
1213 2420 1354 2471 κατὰ
1385 2417 1570 2468 σκότον
1601 2416 1926 2483 ἠλάσκοντες
1947 2430 1958 2443 ·
1993 2415 2024 2483 ἡ
2051 2414 2110 2464 τὸ
2143 2413 2239 2481 τῆς
2269 2412 2418 2474 θείας

863 2513 1059 2580 μᾶλλον
1091 2514 1264 2562 εἰπεῖν
1298 2513 1389 2561 καὶ
1425 2505 1578 2570 αὖθις
1629 2507 1872 2575 Γραφῆς,
1918 2503 2141 2572 Τυφλοί
2183 2500 2419 2570 μυωπά-

859 2603 1056 2668 (or-rec
1114 2603 1304 2668 ὄντες,
1361 2601 1458 2655 καί
1513 2601 1592 2664 ὡς
1630 2598 1717 2667 μὴ
1775 2597 2166 2664 ὑπαρχόντων
2216 2595 2419 2657 αὐτοῖς

863 2692 1207 2763 ὀφθαλμῶν,
1244 2693 1643 2761 ψηλαφῶντες
1674 2691 1895 2758 τοῖχον,
1926 2688 2109 2755 φησίν.

935 2789 1130 2854 Ἤρκει
1168 2786 1261 2852 μὲν
1303 2782 1393 2837 οῦν
1457 2786 1548 2836 καὶ
1589 2781 1757 2835 ταῦτα
1809 2781 1945 2849 πρός
1974 2797 2035 2847 γε
2065 2780 2155 2832 τὸν
2212 2778 2418 2832 ἀνωθεν

862 2874 1059 2926 σκοπὸν
1107 2875 1199 2925 καὶ
1260 2874 1318 2925 τὸ
1353 2873 1721 2941 ζητούμενονο
1770 2870 1882 2921 ἀλλ’
1921 2871 2083 2937 ἡμεῖς
2132 2868 2420 2937 περιουσία

860 2965 952 3016 τοῦ
982 2965 1077 3030 τῆς
1118 2963 1374 3032 ἀληθείας
1419 2962 1600 3027 λόγου,
1636 2962 1724 3013 καὶ
1756 2961 1854 3022 τὰς
1882 2960 2072 3020 λοιπάς
2103 2959 2209 3010 τῶν
2244 2958 2421 3008 θεολό-

860 3072 972 3122 γων
999 3051 1154 3115 αὖθις
1207 3055 1388 3121 φωνὰς
1436 3053 1513 3121 τῷ
1554 3053 1696 3119 λόγῳ
1733 3052 2157 3116 συνεισενεγκεῖν
2193 3050 2421 3102 σπεύσο-

865 3161 983 3212 μεν,
1020 3144 1111 3194 καὶ
1150 3143 1319 3208 δεῖξαι
1351 3146 1443 3193 καὶ
1491 3137 1646 3200 αὖθις
1679 3143 1787 3202 τοῖς
1819 3140 2159 3206 ἀντιλέγουσι
2214 3139 2419 3200 τούτοις

865 3235 1043 3303 ῥητῶς
1075 3234 1133 3285 τὸ
1171 3234 1269 3301 τῆς
1315 3233 1464 3294 θείας
1506 3233 1694 3293 οὐσίας
1735 3231 2032 3299 ἀμέθεκτον
2058 3248 2070 3260 ο
2108 3229 2295 3298 ἐπειδὴ
2328 3230 2420 3281 καὶ

860 3313 1129 3393 κρύπτειν
1156 3327 1352 3376 ἐκεῖνοι
1386 3325 1623 3391 μάλιστα
1658 3322 1855 3382 ταύτας
1885 3319 2301 3382 σπουδάζοντες,
2331 3337 2423 3371 πε.

861 3416 980 3467 νίαν
1017 3417 1145 3483 ἡμῖν
1207 3415 1364 3480 λόγου
1416 3417 1511 3466 καὶ
1554 3411 1900 3475 ἀποδείξεως.
1958 3412 2050 3462 καὶ
2102 3411 2423 3480 συμμαχίας

867 3505 1027 3575 ῖερῶν
1062 3504 1346 3571 θεολόγων,
1381 3506 1436 3555 ἐν
1464 3507 1576 3564 τοῖς
1606 3502 1886 3569 σφετέροις
1916 3500 2093 3553 αὐτῶν
2118 3501 2295 3567 λόγοις
2329 3515 2422 3550 συ-

864 3595 1035 3664 νεχῶς
1084 3595 1420 3658 ὀνειδίζουσι.
1485 3595 1696 3647 Μᾶλλον
1740 3594 1794 3644 δὲ
1827 3594 1893 3644 τά
1935 3593 2028 3660 τῆς
2084 3593 2300 3644 συνόδου
2332 3594 2425 3644 καὶ

867 3687 964 3739 τοῦ
1020 3685 1220 3756 ταύτης
1274 3685 1419 3754 ἱεροῦ
1452 3684 1613 3752 τόμου
1667 3683 1941 3735 κάνταῦθα
1999 3682 2243 3748 λεγέσθω
2292 3683 2425 3751 πρό-

869 3790 1024 3841 τερα,
1064 3775 1149 3825 ἵνα
1185 3773 1476 3826 κάντεῦθεν
1527 3775 1620 3824 καὶ
1658 3773 1981 3841 ψευδόμενος
2019 3775 2110 3825 καὶ
2162 3789 2430 3840 συκοφαν-

868 3863 976 3914 τῶν
1007 3864 1033 3913 6
1058 3862 1259 3915 τούτων
1301 3863 1642 3932 ἐξελεγχθείη
1689 3863 2011 3931 κατήγορος.
2052 3863 2114 3913 Τί
2164 3858 2254 3915 οὖν
2287 3866 2313 3915 6
2344 3863 2429 3914 τό·

871 3969 937 4021 μο
988 3971 1001 4016 ;
1046 3953 1102 4005 Ὀ
1131 3953 1258 4019 γοῦν
1290 3953 1482 4021 μέγας,
1515 3956 1667 4023 φησι,
1695 3952 1967 4014 Βασίλειος
2003 3952 2090 4003 τὸν
2115 3953 2209 4003 ἕνα
2245 3951 2428 4005 θεολο-

866 4043 980 4110 γῶν
1012 4043 1110 4112 τῆς
1144 4043 1372 4112 Τριάδος
1413 4043 1563 4104 Θεὸν,
1591 4043 1650 4093 τὸ
1688 4040 1911 4110 Πνεῦμα
1943 4043 2002 4093 τὸ
2044 4043 2223 4108 ἆγιον,
2248 4043 2426 4095 τοιάδε

868 4133 1000 4202 φησί
1027 4149 1038 4161 ·
1070 4132 1251 4183 Πάντα
1280 4134 1378 4200 μέν
1409 4133 1522 4183 ἐστι
1541 4130 1782 4198 πληροῦν
1806 4133 1869 4200 τῇ
1893 4133 2189 4200 δυνάμειτὸ
2207 4131 2430 4201 Πνεῦμα

867 4222 927 4274 τὸ
967 4223 1141 4289 ἆγιον,
1177 4223 1354 4289 μόνοις
1394 4222 1450 4273 δέ
1496 4223 1612 4274 ἐστι
1650 4221 1911 4290 μεθεκτὸν
1962 4227 2074 4284 τοῖς
2108 4223 2297 4289 ἀξίοις,
2333 4224 2431 4293 οὐχ

867 4311 950 4362 ἐνὶ
989 4313 1170 4379 μέτρῳ
1210 4309 1587 4379 μετεχὸμενον,
1643 4311 1778 4362 ἀλλὰ
1818 4312 1957 4363 κατὰ
1992 4316 2091 4381 τὴν
2137 4313 2430 4381 ἀναλογίαν

867 4402 965 4469 τῆς
1011 4402 1246 4462 πίστεως
1278 4399 1520 4468 διαιροῦν
1557 4401 1653 4469 τὴν
1700 4403 1996 4468 ἐνέργειαν.
2040 4404 2312 4470 ’Λκούεις;
2346 4407 2429 4457 ἵνα

2522 1961 2612 2013 τοῦ
2642 1961 2959 2029 ἀσωμάτου,
2993 1966 3087 2017 καὶ
3118 1965 3283 2017 ἀΰλου
3311 1966 3401 2016 καὶ
3434 1967 3863 2033 παντοδυνάμου,
3895 1967 3953 2028 ὃς
3987 1967 4082 2018 κά-

2522 2053 2718 2114 κείνοις
2757 2055 3047 2123 περιουσία
3095 2055 3376 2124 δυνάμεως
3409 2058 3467 2109 τὸ
3508 2057 3680 2109 ταῦτα
3707 2060 3966 2112 δύνασθαι
4006 2060 4084 2112 δί-

2520 2141 2690 2206 δωσι;
2755 2143 2967 2209 Διαιρεῖ
3006 2143 3137 2210 γοῦν
3170 2145 3232 2196 τὸ
3274 2147 3416 2198 θεῖον
3465 2145 3686 2213 Πνεῦμα
3744 2149 3839 2215 τὴν
3887 2147 4082 2201 ἐαυτοῦ

2521 2230 2804 2298 ἐνέργειαν
2823 2233 2931 2295 τοῖς
2958 2235 3294 2301 μετέχουσιν,
3317 2236 3343 2286 6
3373 2234 3620 2301 θεολόγος
3650 2238 3781 2302 φησὶ
3818 2237 3956 2290 κατά
3986 2239 4081 2306 τὴν

2520 2319 2809 2384 ἀναλογίαν
2838 2318 2935 2388 τῆς
2969 2320 3206 2379 πίστεως
3244 2321 3391 2390 παρά
3425 2319 3520 2371 τοῦ
3573 2322 3890 2374 ’Δποστόλου
3923 2323 4079 2375 τοῦτο

2521 2409 2724 2462 λαὸών.
2759 2411 2891 2478 Περὶ
2921 2403 2980 2461 οὗ
3010 2410 3106 2461 καὶ
3134 2413 3162 2462 ό
3190 2411 3333 2472 θεῖος
3367 2412 3464 2481 ἤδη
3495 2413 3881 2481 Χρυσόστομος
3911 2414 4080 2465 είπὼν

2520 2502 2678 2570 ἔφθη,
2710 2504 2778 2555 τά
2820 2501 2912 2554 τοῦ
2947 2502 3344 2568 Εὑαγγελιστοῦ
3398 2504 3769 2572 σκοπούμενος
3811 2505 4078 2560 Ἰωάννου.

2522 2594 2740 2661 Πνεῦμα
2791 2594 2924 2663 γὰρ,
2955 2594 3140 2662 φησὶν,
3177 2594 3412 2646 ἐνταῦθα
3468 2597 3564 2665 τὴν
3606 2597 3883 2665 ἐνέργειαν
3913 2596 4079 2666 λέγει.

2520 2687 2667 2754 Αῦτη
2701 2687 2808 2754 γάρ
2863 2689 3009 2738 ἐστιν
3057 2689 3088 2755 ὴ
3137 2686 3490 2756 μεριζομένη.
3533 2689 3592 2740 Εἰ
3638 2688 3694 2739 δέ
3748 2689 3780 2756 ἡ
3834 2687 4080 2757 ἐνέργεια

2520 2773 2686 2824 αὑτοῦ
2718 2775 3049 2844 ἀμέτρητος,
3093 2775 3270 2842 πολλῷ
3306 2777 3507 2844 μᾶλλον
3537 2779 3567 2846 ἡ
3597 2778 3772 2832 οὐσία.
3819 2780 3876 2831 '0
3903 2780 3958 2832 δέ
3991 2782 4084 2846 μέ-

2521 2877 2620 2926 γας
2649 2862 2968 2925 Ἀθανάσιος
2987 2860 3140 2925 αὖθις
3163 2906 3177 2928 ,
3204 2865 3316 2931 Ἓν,
3343 2867 3497 2933 φησι,
3529 2868 3621 2918 καὶ
3660 2871 3718 2921 τὸ
3754 2869 3884 2920 αὐτὸ
3914 2866 4081 2922 Πνεῦ-

2527 2952 2599 3016 μά
2620 2953 2788 3016 ἐστιν,
2811 2949 2975 3020 οῦπερ
3000 2955 3094 3005 καὶ
3125 2956 3180 3006 αί
3225 2957 3395 3008 πᾶσαι
3431 2956 3727 3025 διαιρέσεις
3754 2962 3912 3014 εἰσίν.
3938 2961 4079 3014 Λύτὸ

2525 3039 2582 3092 δὲ
2625 3041 2928 3109 ἀδιαίρετόν
2950 3044 3061 3094 ἐστι
3101 3043 3242 3095 κατά
3277 3043 3454 3109 φύσιν.

2607 3130 2744 3181 Ἀλλ’
2776 3133 2865 3183 ἐπὶ
2895 3132 2985 3188 τὸν
3037 3135 3205 3201 τόμον
3241 3132 3394 3198 αὖθις
3444 3139 3538 3187 καὶ
3581 3139 3671 3190 τὸν
3703 3140 3874 3208 μέγαν
3917 3143 4079 3194 Βασί-

2525 3218 2666 3271 λειον
2693 3220 2957 3288 ἔλθωμεν.
2990 3223 3200 3293 Ὥσπερ
3229 3227 3284 3275 αἱ
3313 3226 3421 3277 τῶν
3451 3227 3754 3296 προσώπων
3787 3232 4076 3299 ἐμφάσεις,

2524 3311 2708 3377 φησιν,
2739 3311 2840 3362 οὐκ
2888 3313 2943 3362 ἐν
2979 3314 3178 3375 πάσαις
3228 3319 3348 3378 ταῖς
3393 3318 3545 3380 ῦλαις
3580 3321 3839 3385 γίνονται,
3877 3321 3988 3372 ἀλλ’
4022 3324 4081 3375 ἐν

2524 3403 2641 3462 ταῖς
2701 3401 2953 3471 λειότητά
3013 3421 3131 3455 τινα
3179 3406 3272 3457 καὶ
3317 3407 3634 3474 διαφάνειαν
3691 3413 4075 3479 κεκτημέναις,

2523 3491 2696 3554 οὕτως
2732 3493 2832 3543 ούκ
2861 3495 2918 3545 ἐν
2968 3496 3169 3556 πάσαις
3197 3500 3316 3558 ταῖς
3350 3499 3597 3570 ψυχαίςὴ
3637 3502 3728 3554 τοῦ
3761 3503 4079 3573 Πνεύματος

2523 3583 2792 3652 ἐνέργεια,
2823 3583 2937 3634 ἀλλ’
2968 3585 3024 3635 ἐν
3053 3586 3166 3647 ταῖς
3198 3586 3361 3654 μηδὲν
3398 3591 3604 3643 σκολιὸν
3655 3593 3908 3662 ἐχούσαις
3962 3598 4080 3649 οὐδὲ

2526 3673 2987 3743 στραγγαλιιὶδες.
3025 3675 3082 3725 '0
3106 3676 3159 3728 δὲ
3187 3676 3339 3744 ἅγιος
3367 3679 3638 3749 Μάξιμος,
3666 3685 3868 3752 Πάντα,
3893 3690 4079 3757 φησὶν,

2524 3764 2622 3817 ὅσα
2655 3767 2681 3817 ὀ
2711 3766 2863 3830 Θεὸς,
2908 3767 2998 3819 καὶ
3020 3768 3046 3818 6
3076 3768 3164 3818 διὰ
3185 3771 3402 3837 χάριτος
3436 3773 3768 3842 τεθεωμένος
3799 3777 3949 3829 ἐσται
3977 3797 4082 3845 χω-

2529 3857 2610 3925 ρὶς
2647 3857 2744 3924 τῆς
2790 3859 2909 3908 κατ’
2942 3858 3130 3910 ούσίαν
3180 3861 3524 3929 ταυτότητος.
3556 3864 3692 3926 Τοὺς
3741 3867 3795 3917 δέ
3829 3885 3891 3933 γε
3926 3868 4081 3920 Ψαλ·

2530 3947 2661 4014 μοὺς
2704 3947 3066 4015 ἐξηγούμενος
3109 3950 3385 4012 Βασίλειος
3417 3954 3443 4003 6
3498 3958 3666 4020 μέγας
3709 3953 3862 4018 αὖθίς
3903 3973 4078 4026 φησι·

2528 4037 2631 4089 Τὸν
2663 4039 2761 4107 μὲν
2788 4037 3074 4105 ἄνθρωπον
3100 4041 3127 4089 6
3161 4040 3289 4101 Θεὸς
3309 4041 3560 4108 εποίησεν
3585 4046 3690 4095 ἀπὸ
3714 4046 3809 4113 τῆς
3839 4049 3958 4113 γῆς,
3990 4050 4082 4100 καὶ

2527 4129 2654 4189 τοὺς
2701 4129 3048 4196 λειτουργοὺς
3080 4129 3244 4180 αὑτοῦ
3295 4131 3462 4200 πυρὸς
3506 4133 3696 4200 φλόγα.
3750 4135 3884 4186 Ἀλλ’
3935 4137 4082 4205 ὅμως

2527 4217 2561 4286 ἧ
2595 4235 2655 4285 γε
2681 4217 2773 4268 τοῦ
2806 4220 2942 4270 νοεῖν
2968 4223 3062 4270 καὶ
3093 4221 3332 4271 συνιέναι
3364 4221 3452 4272 τὸν
3483 4223 3692 4274 ἑαυτῶν
3735 4226 3958 4295 κτίστην
3990 4231 4080 4278 καὶ

2528 4307 2860 4376 δημιουργὸν
2879 4309 3101 4373 δύναμις
3127 4311 3219 4361 καὶ
3249 4313 3303 4361 ἐν
3330 4311 3631 4380 ἀνθρώποις
3661 4313 3913 4382 ὑπάρχει.
3941 4316 4082 4368 Ἐνε-

2529 4399 2736 4465 φύσησε
2772 4401 2878 4466 γὰρ
2910 4401 2987 4461 είς
3017 4403 3076 4450 τὸ
3115 4403 3424 4470 πρόσωπον,
3455 4404 3720 4467 τουτέστι,
3751 4407 3943 4474 μοῖράν
3962 4424 4076 4458 τινα

873 4489 946 4556 μὴ
989 4489 1182 4539 ταυτόν
1224 4504 1275 4537 τι
1307 4489 1534 4557 νομίσῃς
1563 4491 1622 4540 τὸ
1653 4490 1924 4558 πανταχοῦ
1958 4491 2046 4542 τὸν
2073 4494 2203 4543 Θεὸν
2236 4499 2421 4564 παρεῖ-
2454 4507 2504 4565 D
2529 4491 2627 4554 τῆς
2662 4488 2793 4551 ἰδίας
2831 4490 3049 4558 χάριτος
3103 4491 3392 4543 ἐναπέθετο
3425 4492 3498 4561 τῷ
3545 4493 3835 4562 ἀνθρώπῳ.
3884 4497 3967 4547 ἵνα
4005 4516 4069 4563 τίς

871 4593 978 4641 ναι,
1012 4581 1104 4631 καὶ
1135 4577 1190 4627 τὸ
1223 4577 1568 4645 μετέχεσθαι,
1594 4579 1792 4648 διαιρεῖ
1823 4581 2026 4648 μεταξὺ
2055 4584 2159 4633 τῶν
2193 4586 2428 4652 ἀμφοτέ-

872 4686 980 4738 ρων
1021 4669 1308 4736 σοφώτατά
1357 4687 1416 4722 τε
1477 4671 1568 4721 καὶ
1625 4671 1967 4739 ὑψηλότατα,
2004 4673 2093 4723 καί
2138 4691 2304 4746 φησι·
2356 4675 2429 4727 Τὸ

875 4761 1096 4827 Πνεῦμα
1121 4761 1248 4822 Θεὸς
1273 4759 1367 4825 ὢν,
1397 4763 1486 4813 καὶ
1519 4765 1572 4814 ἐν
1607 4762 1679 4830 τῷ
1712 4767 1891 4825 παντὶ,
1923 4766 2013 4815 καὶ
2057 4765 2195 4834 ὑπὲρ
2227 4767 2286 4818 τὸ
2322 4771 2426 4820 πᾶν

871 4851 968 4915 ῶν,
1004 4852 1180 4902 πάντα
1217 4853 1314 4918 μέν
1351 4853 1467 4903 ἐστι
1500 4852 1740 4921 πληροῦν
1775 4856 1837 4922 τῇ
1877 4854 1974 4922 τῇς
1999 4854 2248 4923 θεότητος
2275 4857 2429 4911 δυνά·

876 4960 988 5011 μει,
1028 4943 1120 4993 καὶ
1146 4942 1296 4993 οὐδὲν
1330 4943 1417 4995 το]
1454 4947 1648 5005 παντὸς
1681 4944 1878 4997 άσατον
1917 4947 2008 4997 καὶ
2056 4947 2210 5000 κενὸν
2237 4949 2424 5002 αὑτοῦ.

871 5035 1172 5099 Μετέχεται
1205 5033 1262 5084 δὲ
1293 5035 1389 5102 οὐχ
1428 5035 1531 5085 ὑπὸ
1562 5036 1800 5097 πάντων,
1833 5037 1953 5088 οὐδὲ
1987 5040 2092 5106 γὰρ
2129 5037 2188 5089 τό
2218 5039 2308 5090 τοῦ
2342 5042 2426 5091 αἰ-

875 5123 1075 5192 σθητοῦ
1106 5123 1256 5175 τοῦδε
1289 5125 1439 5191 ἡλίου
1473 5125 1604 5191 φῶς,
1633 5127 1806 5178 καίτοι
1832 5143 1890 5192 γε
1929 5131 2073 5196 πάσῃ
2104 5131 2166 5198 τῇ
2197 5129 2426 5198 αίσθητῇ

871 5216 1043 5265 κτίσει
1072 5214 1263 5276 κοινῶς
1297 5215 1602 5283 ἐπιλάμπον
1629 5217 1907 5281 ὡσαύτως,
1943 5224 2033 5268 καὶ
2069 5222 2230 5271 πᾶσιν
2251 5221 2429 5272 ὡσαύ-

871 5315 978 5360 τως
1016 5302 1223 5367 πέφυκε
1254 5301 1534 5368 μεθεκτὸν,
1572 5303 1702 5355 ἀλλὰ
1739 5309 1849 5366 τοῖς
1881 5308 2197 5375 ἐπιτηδείως
2245 5310 2427 5378 ἔχουσι

876 5392 1054 5456 μόνοις
1095 5393 1226 5458 πρὸς
1263 5391 1359 5458 τὴν
1409 5394 1499 5442 τοῦ
1537 5397 1710 5460 φωτὸς
1754 5398 2017 5467 ὑποδοχὴν
2049 5400 2140 5450 καὶ
2192 5402 2427 5471 μετάλη-

869 5482 962 5548 ψιν
987 5497 1000 5511 ·
1039 5485 1305 5544 κάκείνοις
1345 5486 1442 5535 οὐκ
1477 5488 1680 5553 ὲξίσης,
1709 5488 1844 5538 ἀλλὰ
1871 5491 1989 5539 κατ’
2019 5490 2304 5557 ἀναλογίαν
2330 5494 2427 5560 τῆς

871 5573 1102 5625 ἑκάστου
1138 5576 1439 5644 δυνάμεως.
1477 5578 1644 5629 Τοῦτο
1673 5581 1849 5630 τνίνιν
1882 5579 1954 5642 ὡς
1979 5580 2032 5646 ἐξ
2065 5582 2312 5651 ἀμυδράς
2336 5586 2425 5635 ἀί-

874 5662 1080 5730 σθητής
1114 5665 1317 5725 εἰκόνος
1346 5668 1436 5716 καὶ
1468 5670 1557 5717 ἐπὶ
1591 5668 1679 5718 τοῦ
1706 5671 2026 5738 ύπερουσὶου
2056 5673 2243 5722 σκόπει
2269 5673 2422 5726 Θεοῦ.

874 5753 1067 5815 Μόνοις
1104 5756 1208 5822 γάρ
1259 5757 1395 5819 ἐστι,
1425 5761 1576 5824 φησῖ,
1627 5760 1886 5827 μεθεκτὸν
1921 5763 2028 5822 τοῖς
2079 5761 2264 5828 ἀξίοις,
2314 5765 2424 5824 τοῖς

2532 4578 2701 4646 ὁμοίῳ
2728 4580 2966 4648 γινώσκῃ
3021 4580 3077 4630 τὸ
3106 4582 3310 4648 ὅμοιον.
3341 4583 3448 4633 Καὶ
3479 4581 3636 4633 πάλιν
3661 4588 3685 4634 ὁ
3709 4585 3868 4646 αᾶτὸς
3895 4588 3950 4636 ἐν
3975 4590 4081 4647 τοῖς

2533 4670 2669 4737 πρὸς
2708 4669 3053 4740 ’Λμφιλόχιον
3081 4672 3209 4740 περὶ
3245 4673 3335 4724 τοῦ
3367 4673 3519 4739 ἁγίου
3547 4673 3882 4741 Πνεύματος,
3929 4677 4083 4728 Ἀνα-

2531 4758 2808 4822 γαινίζων,
2872 4761 3024 4826 φησι,
3058 4760 3149 4812 τὸν
3207 4759 3492 4828 ἄνθρωπον
3532 4764 3558 4813 6
3596 4763 3821 4829 Κύριος,
3879 4765 3971 4816 καὶ
4019 4775 4076 4834 ῃ.

2531 4850 2775 4901 ἀπώλεσε
2807 4852 2965 4919 χάριν
3001 4855 3060 4902 ὲκ
3103 4852 3192 4904 τοῦ
3222 4855 3616 4922 ἐμφυσήματος
3645 4855 3737 4906 τοῦ
3773 4855 3928 4922 Θεοῦ,
3959 4858 4084 4908 ταύ-

2529 4957 2627 5008 την
2656 4942 2816 4992 πάλιν
2863 4943 3162 5008 ἀποδιδοὺς,
3215 4946 3536 5013 ἐμφυσὴσας
3585 4951 3662 5009 εἰς
3701 4947 3759 4998 τὸ
3797 4951 4082 5017 πρόσωπον

2531 5031 2636 5082 τῶν
2667 5033 2942 5102 μαθητῶν,
2973 5035 3024 5086 τί
3055 5051 3219 5104 φησι;
3257 5037 3475 5088 Λάϐετε
3502 5037 3740 5105 Πνεῦμα
3769 5039 3956 5104 ἅγιον.

2601 5124 2708 5175 Καὶ
2752 5124 2925 5176 ταῦτα
2973 5125 3070 5193 μὲν
3119 5129 3146 5178 6
3203 5128 3474 5188 συνοδικὸς
3525 5129 3705 5196 τόμος.
3754 5128 3811 5180 ’0
3846 5130 3899 5180 δὲ
3943 5129 4081 5191 θεῖος

2529 5215 2908 5284 Χρυοόστομος
2961 5221 3087 5285 περὶ
3144 5218 3306 5269 αὑτοῦ
3368 5219 3553 5270 τούτου
3621 5221 3933 5288 ποιούμενος
3991 5223 4082 5270 τὸν

2531 5306 2705 5371 λόγον,
2765 5310 2823 5357 ο)
2890 5308 2987 5376 τὴν
3034 5308 3240 5372 οὐσίαν,
3302 5307 3418 5360 ούΞέ
3474 5313 3569 5378 τὴν
3624 5310 3912 5361 ὑπόστασιν
3988 5310 4081 5362 τοῦ

2530 5399 2839 5466 Πνεύματος
2889 5398 2974 5449 διὰ
3028 5400 3121 5452 τοῦ
3173 5403 3562 5469 ἐμφυσήματος
3617 5403 3752 5469 μετά
3804 5405 3896 5471 τὴν
3957 5405 4082 5454 ἀνα-

2532 5506 2719 5540 στασιν
2772 5491 2905 5558 πρὸς
2969 5491 3204 5558 Χριστοῦ
3289 5494 3530 5544 δεδόσθαι
3594 5497 3700 5553 τοῖς
3767 5495 4081 5558 ἀποστόλοις

2538 5585 2722 5649 φησιν,
2804 5585 2851 5634 εί
2912 5585 3023 5646 καὶ,
3075 5585 3299 5647 Λάϐετε
3357 5585 3592 5651 Πνεῦμα
3665 5586 3850 5651 ἅγιον,
3910 5584 4080 5648 εἶπεν,

2530 5672 2641 5722 ἀλλ’
2691 5674 2934 5735 εξιιυσίαν
2992 5679 3110 5727 τινὰ
3147 5678 3237 5726 καὶ
3273 5679 3430 5744 χάριν
3487 5683 3855 5742 πνευματικὴν
3900 5685 4083 5742 κοινηι

2533 5764 2625 5832 τῆς
2670 5765 2893 5830 Τριαδος
2923 5767 3105 5821 οὖσαν.
3138 5765 3239 5818 Τὸν
3264 5772 3367 5835 γάρ
3423 5764 3826 5832 Εὐαγγελιστην
3865 5766 4086 5830 ἐξηγου-
