4470 6450
827 374 928 440 927

1887 383 2317 444 PHILOTIIEI
2357 385 2465 448 CP.
2515 386 3024 452 PATRIARCHAE

3954 407 4055 468 928

827 495 978 562 λημα
1018 492 1114 547 καὶ
1150 493 1278 564 μίαν
1319 491 1618 564 ἐνέργειαν,
1656 495 1789 547 ἀλλὰ
1827 497 2074 565 κτιστὴν,
2106 499 2202 568 τὴν
2233 499 2389 551 ἀκτι-
2423 503 2464 556 Α
2499 498 2755 564 φλώττων
2789 504 2916 572 περὶ
2945 504 3004 557 16
3036 505 3172 574 φῶς,
3209 507 3303 560 καὶ
3336 511 3557 566 ἐδύνατο
3597 517 3690 567 καὶ
3721 514 3899 582 ἧθελε,
3937 515 4059 584 δίχα

829 601 956 636 στον
990 585 1240 655 φανερῶς
1272 586 1345 655 μὴ
1376 587 1674 654 δεχόμενοι.
1712 587 1872 640 ’Λλλά
1903 589 1996 640 καὶ
2029 589 2120 642 106
2151 591 2390 658 μεγάλου

822 677 1108 734 Βασιλείου
1143 680 1200 734 ἐν
1237 682 1349 740 τοῖς
1388 680 1520 749 πρὸς
1556 659 1902 749 Ἀμφιλόχιον
1951 685 2273 750 γράφοντος,
2308 686 2392 739 Τά

828 774 928 840 μὲν
959 773 1198 842 ὀνόματα
1227 771 1319 825 τοῦ
1364 774 1684 842 Πνεύματος
1727 775 1951 828 τοιαῦτα
2001 777 2248 843 ὑπερφυῆ
2299 780 2391 830 καὶ

827 861 1062 928 μεγάλα,
1093 861 1356 929 οὗμενουν
1386 863 1580 931 ἔχοντά
1615 881 1736 918 τινα
1763 867 1844 927 εἰς
1869 864 2025 930 δόξαν
2058 867 2387 939 ὑπερϐολὴν,

825 955 880 1004 αἰ
917 953 974 1005 65
999 954 1276 1022 ἐνέργειαι
1309 956 1483 1019 τίνῖςς
1521 957 1785 1028 Ἀῥρητοι
1812 958 1910 1025 μὲν
1933 959 2017 1010 διὰ
2047 961 2103 1011 16
2142 961 2388 1029 μέγεθος,

822 1047 1250 1117 ἀνεξαρίθμητοι
1281 1048 1334 1100 65
1369 1050 1456 1101 διὰ
1486 1051 1544 1101 τὸ
1579 1050 1802 1119 πλῆθος,
1835 1052 1952 1114 πῶς
1981 1054 2089 1120 γὰρ
2127 1056 2391 1124 νοήσομεν

823 1139 891 1189 τὰ
915 1139 1257 1204 τῶνρίώνων
1289 1142 1543 1195 ἐπέκεινα
1569 1160 1582 1208 ;
1610 1145 1749 1205 τίνες
1776 1141 1913 1213 ἦσαν
1939 1147 2042 1214 πρὸ
2074 1151 2171 1215 τῆς
2196 1151 2390 1218 νοητῆς

827 1231 1057 1294 κτίσεως
1087 1233 1247 1285 αὑτοῦ
1275 1235 1329 1286 αἰ
1363 1235 1633 1304 ἐνέργειαι
1662 1253 1675 1297 ;
1703 1239 1749 1288 οἰ
1775 1237 2017 1304 λέγοντες
2046 1241 2268 1301 κτιστάς
2293 1243 2391 1308 τὰς

827 1324 978 1386 θείας
1007 1326 1289 1392 ἐνεργείας
1321 1329 1571 1397 φανερῶς
1604 1328 1917 1393 δοξάζουσιν
1950 1329 2086 1384 εῖναι
2119 1336 2390 1403 κτίσματα

824 1418 888 1468 1i
921 1417 1028 1468 τῶν
1056 1418 1270 1470 αἰώνων
1304 1422 1581 1474 ἐπέκεινα.
1625 1421 1866 1490 Ἐδείχθη
1894 1422 1948 1474 δὲ
1981 1426 2071 1476 καὶ
2103 1426 2279 1485 τοῦτο.
2311 1431 2391 1482 ὅτι

823 1510 1155 1563 ἄκτιστοι-αί
1201 1513 1376 1563 κοιναὶ
1418 1512 1513 1564 καὶ
1549 1517 1775 1580 φυσικαὶ
1820 1514 1918 1580 τῆς
1954 1521 2390 1584 τρισυποστὰτου

823 1604 1039 1669 φύσεως
1081 1604 1219 1655 θεῖαι
1253 1603 1547 1674 ἐνέργειαι,
1583 1605 1644 1657 06
1674 1605 1761 1658 διὰ
1791 1606 1884 1658 δύο
1917 1607 1947 1677 ἢ
1985 1609 2154 1676 τριῶν
2187 1628 2392 1679 μαρτυ-

824 1697 981 1764 ριῶν,
1015 1697 1152 1750 ἀλλά
1183 1697 1271 1749 διὰ
1301 1700 1485 1766 πάσης
1519 1699 1703 1768 σχεδὸν
1733 1702 1830 1768 τῆς
1861 1699 2227 1754 Θεοπνεύστου
2255 1704 2393 1774 Γρα-

823 1790 951 1858 φῆς.
985 1791 1094 1841 K01
1123 1788 1298 1842 ταῦτα
1341 1789 1438 1857 μὲν
1468 1793 1494 1841 6
1521 1789 1664 1857 ἱερὸς
1695 1791 1860 1856 τόμος
1900 1792 1959 1842 τό
1992 1809 2054 1858 γε
2089 1792 2182 1845 νῦν
2217 1791 2388 1847 εἶναι⁹

825 1885 1196 1952 σκοπήσωμεν
1236 1883 1292 1933 65
1339 1882 1438 1950 ἤδη
1474 1882 1569 1934 καὶ
1608 1882 1676 1932 τὰ
1710 1884 2089 1952 προρρηθέντα
2121 1886 2197 1955 τῷ
2238 1886 2391 1952 φιλο.

826 1975 976 2043 σόφῳ
1000 1973 1093 2025 καὶ
1126 1975 1251 2034 τούς
1276 1972 1405 2040 περὶ
1451 1970 1732 2040 ἐνεργείας
1764 1970 1900 2022 Θεοῦ
1930 1971 2139 2039 λόγους,
2172 1976 2264 2026 καὶ
2294 1976 2391 2038 τάς

823 2070 1142 2138 ὑπολήψεις,
1176 2069 1269 2121 καὶ
1309 2069 1410 2133 τὴν
1455 2065 1612 2128 δόξαν
1654 2065 1821 2118 αὑτοῦ
1848 2067 2211 2133 ἐξετάσωμεν.
2254 2071 2392 2138 Σαρο

825 2161 1119 2223 κωθέντος,
1149 2159 1300 2226 φησὶ.
1327 2157 1419 2209 τοῦ
1450 2156 1594 2209 θείου
1621 2158 1816 2223 Λόγου,
1848 2159 2036 2228 ῶσπερ
2059 2159 2150 2210 δύο
2181 2159 2389 2225 φύσεις,

824 2255 965 2308 οὕτω
1000 2255 1089 2306 καὶ
1131 2250 1225 2303 δύο
1261 2251 1516 2314 λέγονται
1565 2250 1858 2315 ἐνέργειαι.
1906 2250 2045 2303 Ἀλλ’
2085 2254 2116 2321 ἠ
2155 2251 2252 2318 μὲν
2292 2251 2392 2316 τῆς

824 2349 1077 2415 θεότητος
1107 2339 1198 2413 ἦν,
1228 2344 1324 2396 καὶ
1344 2345 1538 2412 προῆν,
1565 2345 1661 2397 καὶ
1687 2343 2050 2406 ἀναλλοίωτος
2071 2342 2204 2395 οὖσα
2233 2343 2392 2395 ἀναλ-

823 2441 1052 2492 λοίωτον
1081 2434 1191 2505 εἶχε
1230 2437 1324 2488 καὶ
1371 2437 1469 2504 τὴν
1498 2434 1591 2488 τοῦ
1644 2437 1886 2505 ἐνεργεῖν
1933 2437 2166 2506 δύναμίν
2208 2453 2264 2488 τε
2297 2439 2392 2494 x01

824 2534 1066 2600 θέλησιν,
1103 2531 1199 2584 καὶ
1225 2529 1430 2597 ἀπλῆν.

895 2627 1004 2680 Καὶ
1042 2625 1204 2693 μέχρι
1252 2622 1350 2690 μὲν
1386 2621 1576 2674 τούτου
1620 2621 1768 2674 δοκεῖ
1799 2640 1914 2685 πως
1951 2622 2316 2692 εὐγνωμονεῖν
2364 2627 2392 2678 6

827 2718 1138 2784 φιλόσοφος,
1171 2714 1264 2766 καὶ
1299 2715 1429 2783 περὶ
1455 2713 1545 2765 16v
1579 2713 1707 2778 ὑγιᾶ
1741 2713 1898 2780 λόγον
1930 2715 2196 2781 ὑγιαίνειν
2223 2717 2390 2779 τέως·

828 2812 886 2862 16
909 2811 963 2861 δὲ
993 2808 1127 2876 πρὸς
1157 2806 1420 2875 ἀλήθειαν
1452 2807 1549 2874 οὐχ
1579 2805 1754 2867 οὕτως
1784 2807 1903 2875 ἔχον
1935 2808 2102 2870 ἐστὶν,
2130 2809 2262 2863 ἀλλά
2296 2811 2393 2875 μὲ-

827 2917 918 2967 χρι
959 2900 1056 2966 μέν
1092 2895 1372 2949 συλλαϐῶν
1400 2913 1457 2948 τε
1492 2894 1584 2948 καὶ
1617 2896 1816 2959 λέξεων
1842 2896 1999 2950 τοῦτο
2026 2898 2208 2951 δοκεῖ’
2239 2901 2396 2967 ἐγκέ-

825 3008 1069 3060 κρυπται
1103 2989 1161 3040 δέ
1196 2990 1316 3050 ταῖς
1347 2987 1558 3051 λέξεσιν
1597 2989 1624 3040 6
1650 2987 1794 3048 δόλος
1833 2989 2178 3058 κακούργως,
2207 2991 2394 3061 ῶσπερ

825 3086 855 3135 ό
880 3082 1076 3152 χαλκὸς
1101 3081 1178 3150 τῷ
1211 3080 1448 3134 δελέατι.
1495 3078 1716 3148 Ἐπειδὴ
1744 3081 1835 3131 καὶ
1864 3081 1972 3151 γὰρ
1999 3082 2026 3134 ό
2058 3084 2256 3145 σκοπός
2280 3086 2395 3139 ἐστι

2495 589 2774 658 δυνάμεως
2799 600 2891 647 καὶ
2916 595 3205 666 θελήσεως,
3229 601 3417 672 ὥσπερ
3449 604 3513 657 ἂν
3539 605 3594 658 εἰ
3619 622 3700 668 τις
3727 605 3900 671 ἔλεγε,
3930 607 4057 674 μά).-

2495 680 2585 738 λον
2616 681 2670 734 δέ
2723 685 2882 748 0616;
2917 680 3070 750 0610;
3120 692 3350 745 κάκεῖνα
3406 697 3498 747 καὶ
3540 698 3741 766 γράφει
3773 699 3866 749 καὶ
3911 698 4060 763 λέγει

2495 773 2636 826 κατά
2667 774 2758 827 τὸν
2810 779 2924 830 ῐσον
2955 781 3153 851 τρόπον
3199 783 3293 835 καὶ
3334 783 3513 852 λόγον,
3544 787 3604 838 16
3648 787 3747 856 ζῇν
3783 805 3925 856 φημι
3971 787 4062 840 16v

2496 864 2676 928 ζῶντα
2703 867 2824 937 δίχα
2851 867 3017 939 ζωῆς,
3050 876 3144 925 καὶ
3169 871 3256 927 τδν
3286 875 3513 943 λέγοντα
3549 879 3730 953 λέγειν
3759 880 3919 946 λόγου
3951 897 4059 947 χω-

2497 960 2599 1026 ρίς.
2637 961 2743 1012 K01
2785 962 2884 1030 ὅρα
2931 965 3028 1030 τὴν
3060 968 3502 1038 περικεχυμένην
3549 970 3716 1040 ἀχλὺν
3754 972 3917 1024 αὐτοῦ
3951 975 4058 1033 τοῖς

2494 1051 2590 1117 τῆς
2625 1053 2863 1116 διανοίας
2899 1055 3132 1124 ὄμμασι.
3169 1059 3361 1126 Λόγοις
3391 1062 3620 1132 καὶγὰρ
3656 1065 3937 1132 ὁμολογῶν
3965 1065 4059 1133 τὴν

2493 1144 2584 1197 τοῦ
2615 1144 2749 1198 Θεοῦ
2788 1148 3020 1218 φυσικὴν
3058 1149 3310 1219 δάναμιν,
3345 1153 3461 1225 ἥτις
3520 1155 3669 1207 ἐστὶν
3709 1154 3848 1225 αὐτὴ
3900 1158 3932 1225 ἡ
3963 1175 4061 1224 φυ-

2496 1237 2617 1304 σικὴ
2649 1238 2740 1290 καὶ
2769 1239 3034 1310 οὐσιώδης
3069 1241 3340 1309 ἐνέργεια,
3397 1247 3526 1312 περὶ
3567 1240 3631 1314 ἦς
3661 1245 3688 1296 6
3719 1244 3874 1312 λόγος
3918 1246 4058 1296 κατὰ

2492 1331 2558 1381 τὰ
2585 1331 2969 1399 προρρηθέντα
3001 1336 3112 1396 τοῖς
3159 1333 3428 1403 θεολόγοις
3464 1338 3762 1405 Πατράσιν,
3799 1332 3866 1404 ἦς
3899 1339 4056 1408 μόνον

2494 1424 2778 1492 ἐστέρηται
2802 1424 2862 1475 16
2895 1425 2969 1491 μὴ
2993 1424 3074 1488 δν,
3093 1428 3257 1493 φασὶν
3285 1429 3501 1491 ἐκεῖνοι,
3523 1431 3810 1499 γράμμασι
3835 1446 4056 1498 τοιγαρ-

2494 1515 2587 1566 οῦν
2636 1517 2729 1567 καὶ
2770 1516 2932 1578 αὐτὸς
2962 1517 3352 1586 ἀνακηρύττων
3382 1519 3597 1589 ἐκείνην
3625 1522 3715 1572 καὶ
3740 1522 3908 1583 ἄκων,
3941 1521 4057 1574 οὐδέ

2494 1610 2602 1677 γὰρ
2631 1610 2776 1661 ἔστιν
2807 1609 2984 1672 άλλως
3023 1610 3300 1664 διαθέσθαι
3335 1613 3428 1665 τὸν
3454 1614 3631 1681 λόγον,
3672 1615 3758 1666 τὸν
3807 1613 3933 1682 περὶ
3966 1631 4059 1680 τη-

2493 1698 2759 1752 λικούτων
2810 1699 3099 1765 διεξιόντα,
3151 1703 3474 1770 πράγμασιν
3512 1705 3758 1771 ἀρνεῖται
3788 1704 3853 1755 τα
3906 1703 4059 1769 λεγό-

2499 1811 2632 1860 μενα
2675 1793 2802 1863 παρ’
2835 1794 3042 1855 ἀύτοῦ,
3078 1796 3210 1864 μηδὲ
3259 1796 3351 1848 τοῦ
3393 1795 3534 1849 θείου
3571 1796 3780 1865 Πατρός
3824 1795 4062 1857 ἀκούσας

2495 1884 2748 1950 Μαξίμου
2775 1883 3071 1954 διαρρήδην
3100 1886 3296 1937 οὑτωσὶ¹
3326 1886 3572 1952 λέγοντος
3599 1900 3614 1914 ο
3654 1885 3740 1946 Ὠς
3769 1886 3868 1937 οὐκ
3915 1885 4062 1936 ἐστιν

2498 1974 2763 2044 ὑπάρχειν
2801 1972 2969 2043 χωρὶς
2995 1977 3300 2044 ὑπάρξεως,
3332 1977 3500 2040 οὑτως
3530 1976 3647 2030 οὐδέ
3675 1978 3918 2046 ἐνεργεῖν
3946 1976 4060 2028 ἐστι

2495 2065 2666 2133 χωρὶς
2692 2069 2991 2136 ἐνεργείας.
3031 2068 3250 2121 Μᾶλλον
3281 2069 3335 2120 65
3385 2069 3604 2121 ἀκούειν
3646 2072 3744 2137 μὲν
3779 2069 3926 2120 δοκεῖ
3970 2071 4061 2121 κα“ι

2495 2157 2656 2221 αὐτὸς
2690 2159 2800 2210 τῶν
2847 2161 3125 2224 τοιούτων,
3174 2165 3477 2230 παρακούει
3535 2162 3591 2214 δὲ
3634 2164 3726 2213 καὶ
3785 2163 4061 2229 ἐξηγεῖται

2494 2253 2677 2316 κακῶς
2709 2255 2776 2306 τὰ
2815 2256 2993 2318 καλῶς
3026 2259 3292 2325 εἰρημένα
3325 2257 3476 2324 παρὰ
3508 2258 3614 2309 τῶν
3642 2257 3941 2324 θεοφόρων,
3968 2257 4063 2326 τὴν

2493 2346 2683 2398 οὐσίαν
2737 2344 2878 2400 εῖναι
2913 2349 3084 2415 λέγων
3114 2349 3282 2419 αὐτὴν
3325 2349 3608 2412 τοῦΘεοῦ,
3650 2352 3715 2419 ἣν
3761 2351 3856 2402 x01
3912 2351 4066 2418 ἐνέρ-

2494 2452 2650 2501 γειαν
2688 2439 2885 2491 ἐκεῖνοί
2919 2456 3072 2506 φασι.
3107 2441 3299 2492 Καίτοι
3338 2456 3401 2507 γε
3435 2440 3626 2492 διεῖλεν
3656 2442 3683 2492 6
3731 2439 3974 2505 θεολόγος
4008 2439 4063 2491 έν

2493 2545 2550 2580 τε
2581 2528 2658 2596 τῷ
2696 2532 2892 2599 βραχεῖ
2922 2530 3094 2596 τούτῳ
3125 2533 3309 2601 χωρίῳ
3337 2532 3541 2600 μεταξὺ
3573 2531 3680 2584 τῶν
3712 2531 4060 2600 ἀμφοτέρων,

2494 2622 2682 2684 οὐσίας
2710 2623 2852 2688 λέγω
2874 2625 2968 2676 καὶ
2993 2623 3291 2691 ἐνεργείας,
3327 2625 3418 2675 καὶ
3447 2624 3536 2676 διά
3565 2623 3660 2677 106
3697 2623 4064 2692 ὁμολογουμέ-

2495 2731 2586 2767 νου
2622 2718 2715 2769 1101
2744 2717 2894 2781 παρά
2917 2717 3024 2767 τῶν
3051 2716 3343 2784 αἱρετικῶν
3376 2716 3458 2769 ὅτι
3491 2716 3587 2769 οὐκ
3618 2716 3767 2768 ἐστιν
3795 2715 4063 2784 ὑπάρχειν

2493 2809 2618 2876 δίχα
2656 2807 2968 2877 ὑπάρξεως,
3002 2809 3138 2877 ὅπερ
3169 2808 3322 2860 οὐδέν
3355 2811 3504 2859 ἐστιν
3529 2808 3656 2861 ἄλλο
3696 2809 3917 2869 πάντως
3945 2808 3975 2876 ῆ
4001 2809 4062 2860 16

2495 2897 2636 2952 εἶναι
2667 2901 2758 2953 καὶ
2789 2900 2978 2970 αὑτὴή
3009 2902 3164 2952 οὐσία
3196 2899 3288 2952 106
3319 2895 3492 2965 ὄντος,
3526 2900 3824 2965 ὑπέδειξεν,
3851 2900 3933 2953 ὄτι
3961 2900 4060 2952 οὐκ

2495 2998 2643 3049 ἐστιν
2697 2997 2907 3059 ἐκεῖνο,
2956 2995 3126 3058 οὕτως
3182 2996 3299 3048 οὐδὲ
3353 2995 3412 3048 16
3460 2993 3874 3060 ἀντιλεγόμενον
3931 2991 4062 3061 παρ’

2496 3088 2725 3149 ἐκείνοις
2767 3089 2904 3148 ἐστὶ,
2946 3088 3006 3139 16
3035 3089 3278 3155 ἐνεργεῖν
3320 3087 3603 3155 ἐνεργείας
3638 3086 3782 3155 δίχα,
3819 3087 3957 3155 ὅπερ
3999 3087 4063 3156 δὴ

831 3176 910 3242 τῷ
943 3172 1037 3225 τοῦ
1067 3173 1224 3238 λόγου
1262 3174 1459 3240 πατρὶ,
1491 3172 1591 3242 τὴν
1631 3173 1818 3224 οὐσίαν
1849 3173 2021 3234 αὐτὴν
2052 3170 2194 3229 εἶναι
2225 3177 2395 3242 δεῖξαι
2425 3189 2466 3246 c
2498 3178 2591 3230 καὶ
2620 3178 2822 3238 σκοπὸς
2851 3172 2919 3246 ἦν
2951 3176 3156 3231 ἀνωθεν
3181 3175 3374 3243 ἐκείνῳ
3401 3175 3480 3243 τῷ
3508 3175 3762 3244 θεολόγῳ,
3799 3179 3892 3228 καὶ
3926 3177 4064 3244 ὑπὲρ

834 3269 928 3320 τοῦ
968 3266 1128 3338 Θεοῦ,
1153 3267 1248 3319 καὶ
1294 3265 1394 3334 τὴν
1422 3265 1589 3317 αὐτοῦ
1628 3266 1933 3334 ἐνέργειαν,
1981 3268 2071 3320 καὶ
2093 3268 2191 3321 οὑκ
2243 3270 2393 3335 ἀλλο,

830 3360 968 3412 ἀλλὰ
1007 3359 1137 3428 μίαν
1171 3358 1263 3410 καὶ
1291 3357 1388 3425 τὴν
1416 3357 1587 3424 αὐτὴν
1617 3356 1805 3418 οὖσαν,
1837 3357 1910 3418 ὡς
1938 3358 1970 3426 ἡ
2018 3359 2228 3428 αἵρεσις
2279 3361 2396 3427 βού-

832 3449 1007 3512 λεται,
1038 3449 1129 3502 1101
1157 3449 1316 3501 10610
1343 3449 1564 3499 κάκεῖνο
1593 3447 1870 3513 λέγεσθαι,
1898 3447 2147 3517 καθάπερ
2174 3450 2264 3501 ἐπὶ
2289 3451 2397 3502 τῶν

835 3542 928 3591 πο)
943 3540 1232 3606 υωνύμων,
1267 3541 1402 3608 ὅπερ
1433 3539 1496 3605 δὴ
1532 3537 1627 3590 καὶ
1657 3538 1941 3600 Σαὸέλλιος
1981 3540 2071 3591 ἐπὶ
2093 3541 2190 3609 τῆς
2211 3540 2396 3604 οὑσίας

831 3628 954 3685 εἶπε
992 3633 1084 3684 τοῦ
1109 3632 1264 3691 Θεοῦ,
1295 3633 1388 3682 1101
1422 3632 1529 3684 τῶν
1559 3630 1726 3698 τριῶν
1754 3631 2124 3695 ὑποστάσεων,
2160 3633 2396 3701 ὀνόματα

837 3725 972 3791 μόνα
1003 3725 1228 3786 δοξάσας
1255 3722 1468 3783 ἐκείνας
1497 3721 1619 3774 καθ’
1647 3721 1765 3783 ἐνὸς
1796 3723 2156 3790 ὑποκειμένου
2186 3725 2276 3775 καὶ
2303 3723 2398 3777 106

834 3817 996 3870 αὐτοῦ
1026 3817 1123 3885 τῆς
1150 3816 1335 3876 οὐσίας
1368 3815 1663 3883 λεγόμενα,
1692 3815 2198 3881 προκαταὸάλλεται
2230 3816 2283 3868 65
2311 3816 2399 3870 διὰ

838 3908 1084 3979 βραχέων
1116 3906 1277 3958 τινῶν
1329 3904 1530 3968 λέξεων
1562 3905 1656 3958 καὶ
1701 3906 2072 3974 παρασπείρει
2097 3907 2165 3959 τὰ
2201 3906 2296 3958 τοῦ
2327 3909 2402 3960 οἰ-

838 4001 992 4053 κείου
1017 4000 1176 4064 λόγου
1213 4015 1267 4048 τε
1302 3997 1396 4047 καὶ
1424 3995 1628 4048 σκοποῦ
1671 3997 1988 4065 σπέρματα,
2023 3997 2082 4049 ὂν
2119 3999 2212 4051 καὶ
2243 4000 2402 4051 κατό-

841 4110 933 4143 πιν
965 4090 1125 4150 εὐθὺς
1172 4089 1332 4149 0616;
1360 4088 1729 4141 ἀνακαλύπτει
1762 4091 2102 4158 τρανότερον.
2135 4092 2268 4143 Οὐδὲ
2294 4093 2402 4160 γὰρ

837 4178 1010 4244 εἶπεν,
1048 4183 1257 4248 Ὠσπερ
1297 4182 1392 4232 δύο
1426 4182 1616 4248 φύσεις
1651 4181 1757 4232 εἰσὶ
1805 4181 1899 4233 τοῦ
1933 4183 2105 4250 Λόγου
2144 4183 2279 4252 μετά
2307 4184 2403 4252 τὴν

839 4277 1136 4344 σάρκωσιν,
1171 4275 1314 4326 οὑτω
1355 4277 1449 4327 καὶ
1475 4275 1568 4328 δύο
1601 4275 1826 4340 φυσικαί
1849 4275 1986 4326 εἰσιν
2010 4275 2278 4343 ἐνέργειαι
2309 4276 2400 4328 τοῦ

837 4368 1023 4426 αὐτοῦ,
1060 4371 1124 4436 τῇ
1167 4367 1286 4436 Θείᾳ
1339 4369 1430 4420 καὶ
1481 4369 1793 4438 ἀνθρωπεία
1845 4369 2007 4435 φύσει
2050 4369 2402 4438 κατάλληλον

837 4460 974 4514 ἀλλά
1005 4460 1153 4522 1116;;
1191 4457 1368 4520 (ιῦτω,
1405 4458 1562 4525 φησὶ,
1590 4459 1676 4509 καὶ
1700 4458 1790 4510 δύο
1817 4457 2064 4523 λέγονται
2096 4457 2402 4525 ἐνέργειαι·

837 4553 1016 4602 ἐκεῖνο
1044 4549 1414 4617 αἰνιττόμενος
1444 4549 1724 4616 ἄντικρυς,
1755 4550 1834 4601 611
1863 4550 2111 4615 λέγονται
2147 4551 2267 4616 μὲν,
2293 4549 2408 4600 ἀλλ’

836 4644 934 4695 οὐκ
962 4643 1120 4705 εἰσὶν,
1153 4641 1226 4702 ὼς
1264 4641 1431 4693 10616
1463 4642 1556 4692 καὶ
1592 4641 1886 4708 ἀδιάφορον
1913 4640 2075 4709 οὑσης
2105 4644 2225 4692 κατ’
2254 4643 2399 4693 ἐκεῖ-

836 4752 925 4785 νον
959 4734 1144 4793 οὐσίας
1199 4749 1256 4784 τε
1290 4733 1382 4785 καὶ
1415 4733 1715 4801 ἐνεργείας,
1763 4733 1855 4784 καὶ
1900 4731 2134 4799 μάλιστα
2183 4733 2274 4783 ἐπὶ
2308 4731 2402 4783 106

833 4827 990 4881 Θεοῦ.
1027 4827 1136 4880 Καὶ
1167 4826 1358 4890 πάλιν,
1413 4825 1817 4885 Ἀναλλοίωτος,
1862 4826 2045 4892 φησὶν,
2085 4827 2114 4892 ἡ
2148 4825 2238 4875 τοῦ
2266 4825 2399 4875 Θεοῦ

839 4921 998 4988 φύσις
1029 4919 1185 4983 0600,
1231 4919 1593 4971 ἀναλλοίωτον
1630 4914 1737 4984 εἶχε
1778 4919 1869 4968 καὶ
1899 4918 1995 4983 τὴν
2038 4918 2130 4967 τοῦ
2161 4919 2403 4986 ἐνεργεῖν

836 5011 1068 5078 δύναμίν
1109 5027 1165 5061 τε
1199 5009 1293 5061 καὶ
1322 5008 1563 5076 Θέλησιν,
1596 5011 1688 5059 καὶ
1715 5008 1912 5074 ἀπλῆν.
1948 5007 2116 5060 Τοῦτο
2145 5007 2201 5059 65
2237 5007 2405 5058 καθα-

843 5105 947 5170 917;
982 5104 1079 5170 μέν
1113 5105 1228 5155 ἐστι
1277 5103 1417 5154 κατὰ
1451 5100 1542 5152 τοῦ
1574 5100 1756 5168 λόγου,
1786 5101 1877 5150 καὶ
1918 5103 2013 5165 τῆς
2050 5097 2206 5166 δόξης
2240 5097 2404 5149 06106

838 5193 930 5246 106
956 5195 1223 5260 λέγοντος.
1272 5192 1331 5247 '0
1361 5193 1413 5244 65
1446 5193 1520 5262 μὴ
1559 5193 1709 5252 εἰδὼς
1758 5189 1901 5258 άπερ
1926 5189 2058 5241 ’κατ’
2105 5189 2264 5250 αὐτὸς
2305 5191 2405 5240 αὐ-

837 5285 930 5337 106
967 5287 1139 5350 λέγει,
1190 5285 1252 5337 16
1285 5285 1386 5354 μὲν
1434 5286 1609 5335 εἰπεῖν
1653 5285 1732 5335 ὃτι
1773 5282 2131 5335 ἀναλλοίωτον
2164 5278 2275 5348 εἶχε
2308 5282 2405 5347 τὴν

841 5378 1076 5446 φυσικὴν
1111 5376 1205 5428 καὶ
1255 5376 1590 5443 κατάλληλον
1639 5375 1918 5442 ἐνέργειαν
1960 5374 2097 5426 κατὰ
2139 5373 2261 5434 τοὺς
2291 5372 2406 5424 θεο-

841 5470 1029 5536 λόγους
1083 5469 1330 5536 Πατέρας
1385 5467 1669 5534 ἐκφεύγει,
1730 5468 1814 5518 ἵνα
1871 5466 1943 5537 μὴ
1973 5467 2238 5535 διαφορὰν
2283 5465 2406 5534 δόξῃ

839 5561 962 5612 τινὰ
1017 5562 1193 5626 λέγειν
1241 5562 1422 5621 οὐσίας
1475 5559 1625 5620 Θείας
1668 5560 1760 5611 καὶ
1805 5559 2110 5627 ἐνεργείας,
2145 5553 2287 5630 ᾖπερ
2345 5558 2408 5626 δὴ

843 5656 934 5702 καί
971 5653 1229 5717 π-,λεμεῖν
1259 5653 1404 5718 αὐτῷ
1440 5655 1636 5714 07.0116;
1671 5653 1902 5718 μάλιστα
1931 5669 1941 5680 ’
1979 5648 2090 5719 εἶχε
2120 5651 2194 5710 65,
2226 5651 2409 5716 φησὶν,

842 5747 872 5808 ἡ
911 5745 1101 5812 θεότης
1134 5746 1229 5812 τὴν
1259 5744 1350 5796 106
1384 5747 1629 5812 ἐνεργεῖν
1668 5746 1896 5812 ιῖύναμὶν
1928 5761 1983 5794 τε
2022 5745 2110 5794 καὶ
2153 5743 2406 5807 Oé)1,016'

843 5837 1002 5886 οἱονεὶ
1033 5838 1249 5906 ἐνήργει
1282 5835 1404 5903 δίχα
1456 5839 1755 5905 ἐνεργείας,
1789 5835 1861 5898 ὡς
1892 5837 2049 5898 αὐτὸς
2096 5837 2285 5898 οἴεται,
2322 5853 2403 5886 τ’..-

2499 3263 2560 3323 06
2580 3270 2677 3340 τὴν
2720 3267 3011 3337 ὁμολογίαν
3037 3284 3093 3318 τε
3128 3267 3223 3318 καὶ
3251 3267 3342 3318 τὸν
3385 3268 3721 3335 μαρτυρικὸν
3746 3267 3994 3335 διήνυσεν
4037 3271 4065 3321 6

2499 3363 2745 3429 γενναῖος
2777 3357 2957 3413 ἆθλον.
3007 3358 3148 3412 Ἀλλ’
3175 3359 3202 3409 6
3233 3358 3538 3424 φιλόσοφος,
3584 3357 3708 3426 μηδ’
3749 3358 3881 3411 0616
3911 3357 4065 3411 τοῦτο

2502 3452 2735 3505 συνιδεῖν
2765 3451 2896 3520 μηδέ
2927 3450 3286 3518 φιλοσοφῆσαι
3317 3448 3634 3516 δυνάμενος,
3672 3448 3850 3501 καίτοι
3878 3465 3939 3513 γε
3974 3451 4067 3501 καὶ

2501 3542 2793 3610 πρόχειρον
2816 3539 2873 3592 ὃν
2899 3539 2992 3592 καὶ
3011 3539 3144 3606 μηδέ
3178 3538 3398 3606 βαθείας
3421 3540 3561 3598 τινὸς
3579 3537 3830 3603 δεόμενον
3852 3538 4066 3606 φρενὸς,

2502 3634 2575 3693 ὼς
2602 3633 2660 3684 οὐ
2679 3632 2871 3684 ταυτὸν
2891 3632 2954 3683 ἂν
2978 3630 3187 3695 γένοιτο
3206 3629 3344 3683 κατά
3366 3630 3543 3682 πάντα
3567 3630 3639 3696 τῷ
3657 3629 3993 3697 δεικνυμένῳ
4013 3630 4070 3680 16

2503 3723 2768 3783 δεικνύον,
2795 3723 2886 3774 καὶ
2908 3719 3528 3791 τῷςχαρακτηριζομένῳ
3552 3720 3611 3771 16
3643 3718 4066 3788 χαρακτηρτξον,

2505 3813 2578 3874 ὡς
2595 3814 2710 3865 οὐδὲ
2728 3815 2760 3881 ἡ
2786 3813 3044 3880 ἁλουργὶς
3076 3813 3167 3864 καί
3187 3811 3245 3863 τὸ
3271 3811 3554 3879 σκῆπτρον
3582 3815 3644 3879 τῇ
3670 3811 3913 3879 βασιλεία⁴
3938 3829 4069 3862 106-

2505 3906 2615 3964 τὸν,
2646 3905 2815 3974 οὐδὲή
2850 3903 3059 3972 πρωῖνὴ
3088 3903 3227 3971 αὐγὴ
3255 3903 3331 3969 τῷ
3352 3902 3506 3970 ἡλίῳ,
3543 3903 3662 3954 οὐδέ
3702 3904 3732 3968 ἠ
3763 3903 3961 3972 νεφέλη
3993 3905 4069 3971 τῷ

2508 3996 2670 4063 ὑετῷ,
2695 3996 2752 4047 ἓν
2791 3997 2882 4047 καὶ
2911 3995 3080 4048 10616
3104 3995 3241 4045 κατά
3263 3998 3440 4046 πάντα
3460 3996 3590 4062 φησὶ
3619 3996 3717 4062 τὴν
3751 3995 3938 4046 οὐσίαν
3976 3997 4069 4046 καὶ

2506 4081 2605 4150 τὴν
2619 4082 3000 4150 ἐ·,έργειαντοῦ
3025 4081 3181 4141 Θεοῦ,
3200 4082 3272 4150 μὴ
3297 4083 3583 4133 συνάπτων
3599 4081 3738 4135 κατά
3752 4085 3875 4144 τοὺς
3892 4083 4068 4135 θεολό-

2507 4192 2634 4237 γους
2669 4174 2903 4236 εὐσεϐῶς
2929 4174 2988 4226 16
3015 4173 3430 4240 διακεκριμένον
3481 4175 3556 4243 τῷ
3586 4175 3876 4244 ἡνωμένη),
3925 4178 4068 4244 μᾶλ-

2507 4268 2596 4319 λον
2625 4267 2679 4318 65
2712 4268 2803 4320 καὶ
2825 4267 2990 4334 ἄμφω
3016 4267 3184 4318 ταῦτα
3211 4266 3396 4327 κακῶς
3420 4266 3657 4334 ἀναιρῶν
3681 4269 3773 4319 καὶ
3800 4269 4013 4337 συγχὲω
4051 4310 4066 4334 ,

2510 4360 2604 4411 καὶ
2638 4359 2897 4426 σύγχυσιν
2939 4358 3134 4423 ἑτέραν
3182 4357 3493 4423 ἐπεισάγων
3533 4359 3644 4418 τοῖς
3693 4359 3856 4427 ἱεροῖς
3891 4361 4071 4425 λόγοις

2514 4451 2604 4500 καὶ
2635 4449 2865 4514 δόγμασι
2894 4448 2976 4499 διὰ
3011 4447 3109 4516 τῆς
3149 4447 3364 4514 φύσεώς
3397 4465 3537 4514 φημι
3571 4449 3661 4500 καὶ
3693 4451 3799 4502 τῶν
3829 4452 4072 4516 φυσικῶν

2511 4543 2603 4593 τοῦ
2636 4541 2794 4602 Θεοῦ,
2828 4541 3079 4608 οὐδαμῶς
3122 4539 3377 4591 ἐλάττονα
3410 4540 3507 4606 τῆς
3549 4540 3653 4591 τῶν
3684 4542 4070 4609 Μονοφυειτεῗρν

2509 4650 2566 4683 τε
2603 4633 2693 4682 καὶ
2721 4631 3105 4698 Μονοθελητῶν
3142 4631 3386 4684 ἐκείνων.
3427 4628 3486 4683 Ὀ
3521 4631 3628 4700 γὰρ
3663 4632 3900 4699 μηδόλως
3927 4635 4073 4702 ἐνέρ-

2510 4739 2663 4787 γειαν
2693 4720 2971 4788 θεοπρεπῆ
3011 4721 3099 4771 16v
3130 4721 3262 4771 656v
3305 4719 3481 4786 λέγων
3529 4721 3696 4790 ἔχειν,
3729 4721 3843 4774 ἀλλ’
3887 4725 4073 4776 οὐσίαν

2511 4815 2673 4867 αὑτὸν
2703 4814 2999 4881 πεφυκέναι
3033 4813 3153 4863 κατ’
3181 4811 3442 4879 Εὐνόμιον
3475 4813 3661 4879 μόνην,
3694 4812 3814 4879 δίχα
3842 4813 3948 4865 τῶν
3975 4816 4072 4866 αὐ-

2510 4907 2605 4974 τῆς
2640 4907 2903 4974 φυσικῶν,
2931 4901 3081 4961 0610;
3106 4905 3164 4956 οὐ
3189 4905 3248 4955 16
3283 4904 3700 4971 διακεκριμένον
3731 4906 3946 4974 ἀναιρεῖ
3979 4909 4073 4974 μό-

2511 5015 2621 5058 νον,
2654 4997 2787 5048 ἀλλὰ
2821 4997 2914 5047 καὶ
2944 4996 3002 5045 16
3029 4997 3311 5062 ἡνωμένον
3344 4995 3439 5059 τῆς
3469 4993 3738 5060 θεολογίας
3778 4998 3874 5046 σύν
3905 4997 4069 5062 αὐτῷ.

2512 5089 2685 5141 Τίνων
2717 5090 2821 5156 γὰρ
2853 5089 2916 5140 ἂν
2947 5090 3038 5140 καὶ
3069 5088 3152 5156 είη
3195 5090 3225 5156 ἡ
3274 5087 3486 5147 ἓνωσις,
3521 5085 3627 5137 τῶν
3657 5088 3907 5139 ἐνοῦσθαι
3944 5090 4072 5156 μελ-

2511 5183 2710 5230 λόντων
2738 5179 3246 5250 προαναιρεθέντων
3277 5177 3396 5229 κατ’
3426 5178 3615 5242 αὑτόν;
3649 5179 3862 5230 Μᾶλλον
3897 5180 3947 5230 65
3979 5183 4074 5250 οὐχ

2515 5273 2546 5341 ή
2594 5271 2789 5332 ’ἐνωσις
2849 5273 3006 5339 μόνον
3043 5269 3183 5321 κατὰ
3232 5269 3417 5318 τοῦτον
3459 5269 3546 5317 16v
3581 5267 3756 5332 λόγον,
3811 5269 3946 5318 ἀλλὰ
3988 5273 4075 5320 καὶ

2514 5364 2643 5414 0616
2678 5363 2738 5413 τὸ
2769 5363 2822 5413 ἓν
2873 5364 3199 5430 ἀναιρεῖται,
3239 5365 3269 5425 ἡ
3306 5362 3460 5410 06:10.
3501 5359 3718 5426 δηλαδὴ,
3775 5363 3913 5410 κατὰ
3956 5363 4076 5422 τοὺς

2517 5457 2798 5522 θεολόγους
2851 5456 3123 5523 Πατέρας.
3172 5454 3277 5519 Τῆς
3309 5451 3600 5510 οὐσιωὸους
3654 5452 3743 5501 καὶ
3789 5467 3894 5519 γαρ
3924 5454 4076 5520 51:9-

2520 5555 2671 5619 γεῖας
2720 5551 3145 5620 ἀναιρουμένης,
3190 5551 3216 5599 6
3265 5548 3597 5617 προρρηθείς
3657 5566 3785 5614 φησι
3825 5549 4077 5616 (ἀπ-,μόρος

2516 5645 2857 5706 διδασκαλος,
2891 5643 3011 5694 0615
3045 5641 3174 5701 Θεὸς
3208 5641 3358 5691 ἔσται
3401 5638 3520 5689 οὔτε
3571 5639 3872 5707 ἄνθρωπος,
3905 5643 3968 5704 τῇ
4023 5640 4077 5688 0‘5

2519 5740 2742 5806 δυνάμει
2775 5738 2864 5788 τοῦ
2901 5737 3142 5804 ἐνεργεῖν
3180 5734 3269 5782 καὶ
3308 5736 3369 5800 τῇ
3408 5733 3620 5797 θελήσει
3663 5737 3751 5782 καὶ
3787 5731 3839 5778 τ’,
3871 5730 4079 5794 111.7151-

2524 5836 2915 5904 προσέθηκενέ
2964 5832 3270 5900 φιλόσοφος,
3308 5829 3402 5895 οὐχ
3456 5827 3522 5888 ὼς
3577 5825 3772 5878 ἁπλοῖ.
3813 5825 3899 5876 16-.
3951 5827 4079 5876 ωτι-ι
