4470 6450
374 417 481 480 999

1101 413 1399 474 CONTRA
1427 409 1849 470 GREGORAM
1897 406 2638 469 ANTIRRHETICORUM
2679 411 2774 467 ΠΙ

3497 409 3604 471 930

375 526 514 578 κατά
535 541 591 576 τε
635 527 814 591 φύσιν,
857 529 948 576 καί
988 523 1270 594 ἐνέργειαν
1301 523 1390 575 τὸν
1423 525 1584 576 αὐτὸν
1621 522 1760 577 εῐναι
1787 523 1937 587 δνξά·
1969 527 2016 582 Α
2058 517 2403 577 Ἀνᾱττάωθξ
2433 521 2459 570 ὁ
2502 518 2642 586 ἱερὸς
2677 520 2771 570 σὺν
2798 535 2946 588 αυτῳ
2972 518 3270 586 φθάσιντῖς
3298 515 3452 571 εἶπαν
3482 522 3606 589 ἧδή.

376 615 506 676 ζων,
540 615 676 682 ὅπερ
724 613 870 665 ἐστὶν
914 614 1082 674 ὅντως
1115 614 1176 664 τὸ
1206 612 1566 666 άποστολικόν
1595 629 1657 667 τε
1691 614 1789 667 καὶ
1841 632 1941 666 πα-

376 699 564 766 τρικὸν
617 701 892 769 φρόνημα,
951 701 1085 753 ἀλλά
1143 703 1236 754 καὶ
1294 702 1392 770 τὴν
1453 702 1605 755 θείαν
1655 703 1939 772 ἐνέργειαν

378 791 670 858 ἐπιχειρῶν
716 793 962 860 ἀναιρεῖν
1013 791 1325 855 κάντεῦθεν,
1357 793 1432 855 ῶς
1482 794 1706 862 διπλόης
1745 810 1802 845 τε
1845 794 1939 846 καὶ

378 882 679 942 συνθέσεως
729 883 1169 951 ἐνθεωρουμένης
1199 883 1274 952 τῷ
1307 885 1425 952 Θεῷ
1472 885 1650 951 δῆθεν,
1694 887 1741 937 εί
1770 885 1941 951 λέγοι-

379 989 482 1040 μεν
529 975 669 1026 κατά
718 975 844 1038 τοὺς
877 975 1230 1036 διδασκάλους
1274 976 1372 1044 τῆς
1431 975 1668 1046 Χριστοῦ
1716 976 1941 1044 Ἐκκλη-

377 1064 521 1127 σίας,
556 1065 650 1116 καὶ
678 1066 961 1134 ἐνέργειαν
987 1068 1130 1136 ἐχειν
1172 1068 1263 1119 τὸν
1283 1068 1415 1120 Θεδν
1447 1069 1703 1139 φυσικήν,
1732 1070 1830 1137 τῆς
1855 1070 1940 1120 οὐδ

379 1154 502 1216 σίας
554 1155 720 1210 αὐτοῦ
782 1157 1148 1226 διαφέρουσαν
1200 1160 1597 1229 ὁπωσδήποτε,
1657 1160 1686 1212 6
1736 1160 1799 1230 δὴ
1847 1162 1941 1215 καὶ

377 1245 588 1315 προῖὼν
626 1251 654 1300 6
679 1245 833 1314 λόγος
881 1247 1030 1317 αὐτῷ
1057 1249 1217 1312 δείξει
1265 1251 1619 1318 πλατύτερον.
1664 1251 1848 1313 Οὕτως
1878 1252 1939 1304 οὐ

379 1335 542 1403 μόνον
577 1335 656 1397 είς
684 1336 884 1389 ἀτοπον
911 1339 1089 1405 πάντη
1136 1340 1228 1390 καὶ
1253 1338 1569 1408 ἀδιανόητον
1599 1341 1826 1410 τελευτᾷ
1874 1341 1940 1393 τὰ

377 1423 479 1493 τῆς
526 1427 721 1495 καινῆς
774 1428 1055 1495 θεολογίας
1101 1430 1181 1498 τῷ
1235 1432 1376 1498 κενῷ
1421 1433 1595 1502 τούτῳ
1643 1433 1937 1501 φιλοσόφῳ,

374 1517 514 1572 ἀλλά
549 1520 640 1571 καὶ
668 1520 806 1587 πρὸς
843 1521 1101 1575 ἀσέϐειάν
1129 1540 1188 1576 τε
1232 1525 1327 1576 καὶ
1363 1524 1554 1576 ἀθεῖαν
1579 1527 1614 1594 ή
1661 1524 1942 1592 προθυμία

377 1609 560 1677 φέρει,
593 1607 689 1662 καὶ
713 1611 832 1665 οὐδέ
868 1613 1216 1682 παράδειγμα
1233 1613 1334 1682 τῆς
1363 1613 1592 1675 ἀτοπίας
1625 1628 1684 1666 τε
1714 1613 1810 1669 καὶ
1843 1613 1942 1682 τῆς

379 1705 667 1770 συμφορᾶς
701 1704 850 1758 ἐστιν
879 1706 1061 1774 εὑρεῖν
1095 1707 1370 1777 καθαρῶς.
1397 1708 1505 1761 Καὶ
1555 1707 1721 1776 βλέπε
1753 1709 1848 1762 καὶ
1873 1709 1941 1762 τά

377 1789 503 1858 ἑξῆς
532 1792 762 1847 ἐκείνου.

2042 604 2151 659 Τοῦ
2179 605 2234 660 δὲ
2289 606 2444 673 λόγου
2479 607 2758 677 προϊόντος
2800 609 2932 678 ήμῖν
2963 605 3142 671 αὖθις,
3171 609 3264 662 καὶ
3310 609 3378 663 δι’
3407 611 3608 679 ἐτέρων

2043 693 2310 764 θεολόγων
2343 696 2604 759 ὡσαύτως
2641 695 2788 752 τοῦτ’
2819 691 2950 751 αὐτδ
2981 697 3251 767 δείξομεν.
3293 699 3352 751 '0
3377 700 3433 751 δὲ
3467 701 3608 770 Γρηο

2044 791 2211 859 γορᾶς
2240 791 2414 858 αὐτήν
2466 807 2596 860 φησι
2630 791 2729 860 τὴν
2757 791 2943 845 οὐσίαν
2992 793 3271 860 ὁρίζεσθαι
3311 791 3406 846 τοῦ
3449 793 3612 858 Θεοῦ,

2041 881 2139 932 οὐκ
2190 877 2307 932 οῖδα
2356 883 2505 948 παρὰ
2547 883 2689 944 τίνος
2725 882 2964 951 πονηροῦ
3019 885 3268 952 δαίμονος
3320 885 3610 953 διδαχθεὶς,

2043 971 2373 1040 καίτοιγεὴ
2423 973 2516 1026 τοῦ
2559 975 2874 1043 Πνεύματος
2928 976 3045 1043 ίερά
3098 976 3345 1041 Θεολογία
3387 977 3482 1046 τὴν
3515 978 3612 1045 τῆς

2043 1060 2272 1130 Τριάδος
2302 1064 2560 1132 ὑπερφυᾶ
2602 1067 2803 1133 γνῶσιν
2839 1067 2976 1133 αὐτῇ
3011 1067 3143 1136 μόνῃ
3191 1066 3462 1135 δίδωσιτῇ
3515 1083 3614 1137 μα-

2043 1156 2211 1225 καρίᾳ
2243 1155 2454 1225 Τριάδι,
2507 1159 2598 1209 καὶ
2637 1161 2793 1226 μόνα,
2846 1161 2999 1227 φησὶ,
3053 1159 3406 1224 γινώσκουσιν
3441 1159 3613 1211 ἐαυτά

2043 1265 2102 1300 τε
2132 1249 2224 1300 καὶ
2253 1249 2458 1317 ἀλληλα
2493 1248 2558 1300 τά
2588 1248 2854 1319 θεαρχικά
2904 1249 3190 1318 πρόσωπα.
3227 1250 3306 1301 Τὰ
3335 1249 3426 1302 τοῦ
3477 1248 3611 1300 Θεοῦ

2043 1339 2173 1407 γὰρ,
2207 1340 2359 1407 φησὶ,
2411 1339 2583 1400 οὐδεὶς
2613 1337 2771 1403 οίδεν,
2798 1341 2844 1390 εί
2874 1341 2946 1408 μὴ
2981 1342 3038 1392 τὸ
3076 1341 3291 1408 Πνεῦμα
3321 1340 3412 1392 τοῦ
3455 1339 3609 1392 Θεοῦ.

2045 1430 2152 1482 Καὶ
2185 1430 2240 1480 τδ
2275 1431 2494 1499 Πνεῦμα
2529 1431 2725 1493 πάντα,
2761 1435 2943 1498 φησῖν,
2995 1435 3206 1498 ἐρευνᾷ,
3246 1434 3331 1483 κα“’
3379 1433 3440 1482 τὰ
3476 1431 3612 1500 βάθη

2045 1520 2136 1572 τοῦ
2168 1520 2324 1573 Θεοῦ.

2119 1612 2227 1664 Καὶ
2257 1614 2283 1663 6
2318 1612 2548 1678 Χριστὸς
2584 1611 2758 1674 αὖθις,
2790 1615 2992 1678 Καθὼς
3025 1616 3300 1681 γινώσκει
3333 1633 3408 1681 με
3437 1619 3470 1667 ό
3504 1621 3615 1668 Πα-

2044 1701 2175 1771 τὴρ,
2220 1702 2379 1768 κάγὼ
2442 1704 2712 1769 γινώσκω
2767 1707 2872 1755 τιῗν
2935 1704 3198 1770 Πατέρα·
3257 1708 3370 1769 καὶ,
3406 1707 3605 1769 Οὐδείς

2045 1791 2328 1859 γινώσκει
2375 1793 2463 1856 τίς
2497 1793 2666 1844 ἐστιν
2695 1796 2726 1846 ό
2757 1793 2904 1858 Υἱὸς,
2934 1794 2986 1845 ει
3016 1794 3100 1860 μὴ
3148 1798 3179 1846 ὀ
3219 1795 3441 1860 Πατὴρ,
3474 1799 3616 1848 οὐδὲ

448 1883 828 1950 Προδέδεικται
857 1887 933 1952 δέ,
971 1890 1128 1957 φησὶ,
1181 1889 1396 1953 πάντως
1428 1892 1578 1958 ἡμῖν,
1604 1890 1682 1952 ὡς
1715 1891 1806 1944 ἐπὶ
1836 1891 1936 1959 τῆς
1967 1885 2011 1944 Β
2041 1885 2149 1935 τὸν
2184 1884 2412 1949 Πατέρα
2436 1886 2712 1950 γινώσκει
2765 1902 2853 1950 τις
2896 1887 2948 1937 εί
2975 1887 3060 1951 μὴ
3110 1889 3142 1938 ό
3191 1888 3337 1950 775(-
3380 1889 3470 1939 Αιδ
3525 1890 3615 1939 καὶ

375 1971 554 2037 ἁπλῆς
585 1978 679 2028 καὶ
731 1979 1027 2046 ἀσωμάτου
1076 1981 1290 2048 φύσεως
1327 1981 1419 2033 τὸν
1466 1982 1626 2035 αὐτὸν
1671 1985 1735 2052 τῇ
1782 1984 1938 2051 οὐσίᾳ

378 2064 534 2132 λόγον
572 2069 748 2121 είτουν
777 2070 900 2139 ὅρον
929 2071 1236 2140 ἐπιδέχεται
1267 2074 1300 2141 ἡ
1348 2075 1618 2142 ἐνέργεια.
1643 2075 1750 2127 Καὶ
1780 2076 1940 2127 αὐτε-

377 2159 598 2227 νέργεια
633 2162 768 2231 πρὸς
818 2164 925 2215 τῶν
977 2165 1147 2231 ἀγίων
1182 2164 1447 2230 καλεῖται,
1475 2169 1604 2220 ὅταν
1650 2169 1786 2237 πρὸς
1841 2169 1940 2234 τὴν

377 2247 704 2316 ἐνεργοῦσαν
752 2250 977 2322 θεότητα
1025 2254 1125 2320 τὴν
1181 2257 1456 2324 ἀναφοράν
1511 2257 1607 2326 ῑχη
1663 2257 1941 2325 τούνομα·

379 2338 554 2402 ἄλλως
582 2341 638 2394 δέ
674 2342 773 2396 οὐκ
813 2344 879 2397 ἂν
925 2346 1094 2414 δήπου
1117 2363 1133 2379 ο
1163 2347 1308 2401 δυοῖν
1349 2349 1458 2416 γὰρ
1510 2349 1730 2417 θάτερον
1767 2349 1941 2402 ἐποιτ⁹

381 2429 447 2483 ἀν
473 2432 619 2501 ἑξῆς,
651 2434 682 2503 ἢ
716 2435 921 2506 κτίσμα
947 2435 1105 2502 εῖναι,
1135 2439 1168 2509 ἢ
1202 2439 1276 2508 μὴ
1302 2440 1379 2492 δν.
1418 2440 1686 2510 Πρότερον
1713 2441 1811 2510 μὲν
1845 2437 1938 2494 οῦν

377 2523 475 2593 τὴν
502 2525 826 2596 ὐπερούσιον
859 2531 1049 2583 οὐσίαν
1081 2532 1176 2584 τοῦ
1216 2532 1360 2586 θείου
1403 2533 1736 2602 ηνεύματος,
1772 2534 1940 2602 αὐτὴν

379 2616 474 2685 τὴν
503 2620 688 2688 κοινὴν
715 2622 901 2676 οὐσίαν
928 2623 1029 2693 τῆς
1063 2625 1226 2694 ἁγίας
1255 2627 1481 2696 Τριάδος
1527 2630 1757 2682 ἐνοικεῖν
1786 2629 1940 2697 ἔλεγε

376 2712 488 2769 τοῖς
537 2710 729 2776 ἀξίοις,
778 2715 872 2766 καὶ
917 2715 1184 2784 ἀγιάζειν,
1228 2718 1322 2770 καὶ
1377 2719 1656 2788 θεουργεῖν
1700 2719 1940 2783 αὐτούς’

377 2802 510 2854 ὅπου
563 2805 627 2872 δὴ
694 2807 830 2875 πρὸς
889 2809 1001 2870 τοῖς
1060 2809 1242 2872 ἀλλοις
1297 2811 1392 2864 καὶ
1450 2811 1521 2864 τά
1579 2812 1942 2869 Μασαλιανῶν

375 2893 614 2964 ἠλέγχθη
653 2899 841 2962 νοσῶν,
869 2900 1019 2969 παρά
1060 2902 1158 2972 τῆς
1190 2903 1311 2956 κατ’
1347 2901 1572 2956 ἐκείνων
1607 2904 1765 2971 ἀγίας
1807 2921 1939 2957 συν-

377 2982 495 3034 όδου
552 2987 692 3054 φημί
719 3003 730 3018 ε
768 2987 864 3039 νῦν
903 2988 959 3042 δέ
999 2991 1092 3043 καὶ
1129 2994 1241 3055 τοῖς
1276 2993 1472 3046 ειδέναι
1499 2993 1600 3065 τὴν
1633 2994 1818 3048 οὐσίαν
1843 2993 1939 3048 τοῦ

378 3075 512 3127 Θεοῦ
550 3079 716 3130 πάλαι
751 3081 936 3145 κακῶς
976 3082 1224 3136 είποῦσιν
1253 3084 1526 3155 ἀνομοίοις
1560 3088 1754 3156 δρᾶται
1813 3104 1939 3141 συν·

375 3168 643 3236 ἀπαχθεὶς
676 3171 931 3237 κάκιστα,
959 3173 1088 3237 τούς
1133 3175 1262 3246 περὶ
1292 3176 1671 3248 ἀκαταλήπτου
1719 3177 1947 3242 πολλοὺς

380 3260 472 3310 καὶ
501 3261 699 3323 καλοὺς
750 3263 990 3328 ἐκείνους
1016 3265 1205 3333 λόγους
1254 3267 1363 3320 τῶν
1412 3267 1626 3322 σεπτῶν
1674 3269 1940 3338 θεολόγων

379 3351 513 3418 παρ’
543 3351 695 3403 οὐδὲν
744 3352 990 3422 θέμενος,
1032 3357 1092 3410 ἐν
1120 3351 1201 3420 οἷς
1250 3359 1312 3411 οὐ
1353 3360 1473 3421 ταῖς
1520 3359 1632 3413 ἀνω
1677 3359 1938 3431 δυνάμεσι

384 3446 566 3508 μόνον,
603 3445 694 3497 καὶ
722 3447 910 3511 αὐταῖς
944 3466 1088 3520 φημι
1114 3452 1234 3514 ταῖς
1266 3452 1482 3506 πάντων
1522 3454 1942 3522 ὐπερκειμέναις

381 3533 568 3596 τάξεσι
617 3538 928 3608 Χερουόείμ
979 3558 1036 3594 τε
1088 3543 1181 3595 καὶ
1239 3543 1508 3615 Σεραφεὶμ
1566 3548 1661 3599 καί⁵
1710 3547 1940 3613 θρόνοις,

381 3627 656 3693 ἀγνωστόν
687 3647 744 3681 τε
784 3632 879 3684 καὶ
908 3634 1144 3704 ἄρρητον
1188 3636 1402 3705 ἐκείνην
1453 3639 1631 3704 φασιν,
1684 3638 1817 3691 ἀλλὰ
1853 3639 1944 3691 καί⁸

380 3718 449 3769 τά
480 3721 718 3788 κρίματα
765 3725 979 3785 καὶτὰς
1011 3725 1163 3787 όδούς
1208 3727 1370 3779 αὐτοῦ
1409 3727 1800 3798 ἀνεξερεύνητα
1845 3727 1942 3780 σύν

381 3826 442 3876 γε
471 3809 547 3878 τῷ
590 3812 892 3883 ’Δποστόλῳ
930 3813 1146 3882 λέγουσι
1176 3819 1267 3868 καὶ
1295 3818 1692 3887 ἀνεξιχνίαστα.

462 3903 520 3956 '0
549 3903 604 3955 δὲ
638 3905 937 3974 Γρηγορᾶς,
990 3905 1093 3972 φεῦ
1127 3907 1224 3976 τῆς
1254 3907 1460 3976 πλάνης
1489 3909 1500 3960 1
1547 3907 1648 3976 φεῦ
1698 3909 1797 3978 τῆς
1827 3929 1945 3964 και-

384 3997 477 4063 vi);
517 3997 836 4065 συμφορᾶςί
888 3997 950 4048 οὐ
984 3996 1146 4065 μόνον
1201 3999 1552 4068 καταληπτὴν
1590 4000 1760 4069 αὐτὴν
1807 3999 1944 4056 είναι

379 4087 479 4155 τὴν
518 4086 706 4140 οὐσίαν
735 4088 828 4140 τοῦ
858 4087 992 4141 Θεοῦ
1034 4088 1258 4158 φάσκει,
1300 4089 1436 4142 ἀλλὰ
1469 4093 1558 4143 καὶ
1593 4095 1946 4162 πεπερασμέ-

382 4195 505 4246 νην,
541 4181 631 4230 καὶ
666 4179 776 4248 ὅρῳ
822 4183 1346 4250 περιγεγραμμένην
1396 4181 1598 4251 ταύτην
1649 4186 1802 4252 φησί.
1834 4185 1945 4256 Τὴν

381 4272 489 4339 γὰρ
522 4269 613 4323 τοῦ
643 4274 806 4341 σοφοῦ
837 4273 1116 4327 Βασιλείου
1141 4272 1296 4342 ῥῆσιν
1329 4273 1511 4335 κακῶς
1543 4274 1903 4343 ἐξηγούμενος
1926 4313 1943 4341 ,

380 4363 448 4430 ἢν
477 4363 682 4423 ἐκεῖνος
732 4361 868 4429 πρὸς
913 4361 1174 4429 Εὐνόμιον
1204 4361 1447 4430 γράφων,
1502 4356 1655 4414 εἶπεν
1700 4365 1791 4416 ἐπὶ
1849 4368 1943 4434 τῆς

379 4451 559 4520 ἁπλῆς
607 4451 700 4504 καὶ
745 4451 1037 4523 ἀσωμάτου
1077 4449 1321 4519 φύσεως,
1367 4453 1457 4506 τὸν
1500 4455 1661 4507 αὐτὸν
1687 4459 1751 4526 τῇ
1791 4459 1946 4526 οὐσίᾳ

2050 1975 2184 2042 πρὸς
2218 1977 2306 2026 τὸν
2329 1976 2592 2026 Φίλιππον
2620 1977 2860 2042 είπόντα,
2896 1979 3087 2042 Κύριε,
3116 1977 3318 2041 δεῖξον
3344 1979 3482 2046 ἡμῖν
3509 1981 3615 2031 τεν

2049 2067 2302 2134 Πατέρα,
2337 2068 2433 2120 καί
2461 2068 2632 2133 ἀρκεῖ
2657 2070 2818 2136 ἡμῖν,
2862 2070 2922 2121 Ὀ
2949 2071 3214 2135 ἑωρακὼς
3251 2072 3375 2138 ἐμὲ,
3424 2074 3613 2138 φησὶν,

2052 2159 2272 2225 ἑώρακε
2325 2160 2430 2212 τι¹ν
2469 2163 2716 2226 Πατέρα.
2749 2163 2854 2213 Καὶ
2911 2163 3025 2222 πῶς
3069 2162 3132 2212 σὺ
3174 2162 3378 2227 λέγεις,
3409 2163 3617 2224 Δεῖξον

2045 2252 2190 2320 ἡμῖν
2206 2255 2313 2306 τόν
2327 2255 2556 2319 Πατέρα
2578 2271 2596 2318 ;
2621 2254 2797 2321 Ὅπερ
2814 2256 2839 2305 ὁ
2864 2255 2998 2317 θεῖος
3022 2255 3378 2307 ἀναπτύσσων
3408 2257 3616 2325 Χρυσο-

2052 2361 2250 2412 στομος
2282 2345 2356 2405 ῶς
2391 2348 2483 2398 καὶ
2519 2347 2650 2413 ἡμῖν
2691 2346 2791 2414 ήδη
2831 2345 3046 2412 φθάσας
3077 2349 3103 2398 6
3132 2345 3284 2410 λόγος
3315 2346 3609 2408 ὑπέδειξεν,

2051 2437 2302 2504 Ἷδωμεν,
2337 2437 2488 2505 φησὶ,
2526 2439 2575 2488 τί
2605 2439 2632 2488 ὁ
2663 2438 2928 2499 Φίλιππος
2947 2438 3099 2504 ζητεῖ
3131 2437 3339 2506 μαθεῖν.
3373 2439 3511 2489 Αὐτδ
3563 2439 3614 2487 τί

2056 2526 2186 2577 ποτέ
2213 2528 2360 2577 ἐστιν
2393 2529 2420 2578 6
2453 2527 2608 2588 Θεὸς,
2642 2526 2810 2593 αὐτὴν
2857 2528 2956 2594 τὴν
2985 2526 3172 2577 οὐσίαν
3204 2526 3294 2575 τοῦ
3333 2525 3487 2577 Θεοῦ.
3526 2526 3617 2577 Διὸ

2051 2617 2144 2668 καὶ
2172 2617 2270 2668 οὐκ
2318 2615 2474 2677 ἄλλος
2506 2617 2585 2677 τίς
2621 2618 2768 2667 ἐστιν
2803 2617 2922 2684 ὅρος
2954 2614 3110 2678 Θεοῦ,
3145 2614 3422 2681 φιλόσοφε,
3462 2617 3506 2664 εί
3542 2613 3616 2683 μὴ

2049 2707 2078 2761 6
2106 2707 2199 2760 τοῦ
2234 2707 2446 2777 Πατρὸς
2500 2706 2622 2776 ὅρος
2667 2709 2759 2758 καὶ
2816 2708 2985 2774 Λόγος
3037 2707 3176 2758 κατὰ
3225 2709 3322 2774 τὴν
3365 2707 3616 2774 θεολόγον

2052 2801 2256 2869 φωνὴν,
2299 2801 2332 2867 ὴ
2377 2799 2735 2860 ἐνυπόστατος
2771 2799 2861 2850 καὶ
2905 2798 3050 2861 ζῶσα
3102 2802 3262 2866 σοφία
3309 2802 3402 2852 καὶ
3453 2800 3613 2852 δύνα-

2055 2902 2167 2960 μις,
2199 2892 2232 2959 ἡ
2263 2888 2673 2958 ἀπαράλλακτος
2720 2888 2906 2950 εἰκὼν.
2960 2891 2986 2944 ὁ
3019 2892 3312 2956 μονογενὴς
3365 2890 3486 2951 Υίὺς
3522 2890 3616 2942 τοῦ

2045 2979 2210 3034 Θεοῦ.
2239 2979 2296 3030 El
2326 2979 2382 3032 δὲ
2437 2979 2635 3046 λέγοις,
2666 2979 2729 3032 Τί
2773 2976 2866 3033 οῦν
2912 2981 3059 3030 ἐστιν
3104 2975 3241 3049 ὅπερ
3278 2981 3306 3030 6
3362 2980 3615 3047 θεοφόρος

2052 3069 2186 3138 φησὶ
2219 3070 2517 3131 Βασίλειος,
2564 3070 2652 3122 ὅτι
2694 3070 2784 3122 τὸν
2829 3070 2991 3122 αὐτὸν
3030 3071 3334 3141 ἐπιδέχεται
3363 3074 3426 3141 τῇ
3460 3073 3615 3123 οὐσία

2047 3163 2267 3232 λόγονή
2307 3161 2600 3231 ἐνέργεια;
2656 3163 2714 3214 οὐ
2748 3163 2881 3229 πρὸς
2931 3163 3179 3230 ἀνάγκης
3224 3164 3355 3231 ἡμῖν
3405 3164 3518 3214 ἐστι
3555 3164 3614 3213 τὸ

1971 3224 2014 3283 c
2043 3255 2143 3318 τὰς
2175 3257 2270 3316 σάς
2297 3254 2531 3321 ἀπορίας
2563 3253 2712 3306 λύειν
2744 3256 2837 3306 καὶ
2881 3255 2976 3317 τὰς
3012 3256 3312 3315 ἐνστάσεις.
3342 3255 3474 3306 Οὐδέ
3507 3261 3612 3322 γάρ

2041 3346 2114 3409 ῶς
2144 3345 2519 3416 μαθησόμενος
2539 3340 2668 3414 ἧκες
2694 3346 2841 3412 παρά
2870 3345 2968 3414 τὴν
2993 3345 3226 3414 Χριστοῦ
3268 3345 3558 3414 Ἐκκλησία
3584 3370 3608 3407 ν,

2041 3435 2077 3509 ἦ
2111 3440 2219 3506 γάρ
2261 3439 2326 3492 ἀν
2374 3438 2467 3490 καὶ
2496 3437 2798 3506 ἐμάνθανες
2843 3438 3012 3499 οὕτως
3059 3438 3230 3504 ἥκων.
3267 3438 3379 3489 Νῦν
3413 3439 3468 3489 δέ
3518 3441 3613 3505 τὴν

2043 3529 2198 3592 τάξιν
2241 3529 2428 3592 κακῶς
2466 3529 2844 3598 ἀντιστρέψας,
2887 3530 2982 3580 καὶ
3015 3531 3134 3582 ἀντὶ
3178 3529 3418 3599 μαθητοῦ
3472 3532 3599 3582 διδά-

2046 3623 2239 3672 σκαλον
2290 3621 2380 3672 καὶ
2443 3619 2691 3686 θεολόγον
2742 3623 2934 3673 σαυτὸν
2994 3622 3374 3690 χειροτονήσας
3428 3625 3606 3679 αἰτὸ.,

2047 3713 2245 3780 μᾶλλον
2278 3713 2332 3763 δὲ
2377 3712 2484 3763 τῶν
2519 3713 2714 3764 κοινῶν
2745 3712 3080 3764 διδασκάλων
3130 3714 3226 3781 τῆς
3275 3715 3605 3781 Ἐκκλησία.

2046 3806 2138 3857 καὶ
2161 3803 2426 3870 θεολόγων
2450 3805 2652 3856 ἄτοπον
2693 3804 2952 3873 ὐὸριστὴν
2982 3807 3071 3855 καὶ
3101 3808 3462 3876 συκοφάντην,
3492 3807 3608 3859 οὐδὲ

2043 3897 2232 3949 τούτου
2263 3912 2326 3964 γε
2353 3897 2640 3964 τυγχάνειν
2667 3896 2871 3958 δίκαιος
2901 3896 2964 3948 ἀν
3001 3895 3138 3964 εἴης.
3183 3899 3341 3966 Ἡμῖν
3375 3901 3417 3952 δ’
3452 3903 3602 3967 ἀρκέ-

2047 4005 2133 4041 σει
2161 3987 2309 4042 τοῦτ’
2350 3987 2480 4041 αὐτὸ
2524 3990 2682 4056 μόνον
2721 3992 3026 4057 τοτήμερον
3059 3987 3218 4056 εἶναι,
3248 3994 3304 4042 τὸ
3339 3991 3412 4061 μὴ
3452 3994 3608 4061 μόλον

2049 4078 2487 4145 συκοφαντοῦντα
2531 4083 2626 4130 καὶ
2668 4079 3017 4147 ψευδόμενον,
3059 4079 3192 4132 ἀλλά
3229 4085 3317 4131 καὶ
3364 4084 3606 4150 βλασφη-

2051 4169 2255 4238 μοῦντά
2304 4186 2361 4221 σε
2421 4169 2515 4220 καὶ
2571 4171 2992 4238 παρανομοῦντα
3047 4172 3140 4223 καὶ
3196 4175 3321 4242 περὶ
3357 4176 3492 4224 αὐτά
3545 4175 3609 4226 τα

2049 4259 2298 4314 θειότατά
2350 4278 2407 4313 τε
2455 4263 2546 4314 καὶ
2581 4262 2889 4330 ὑψηλότατα
2934 4266 3178 4333 φανερῶς
3224 4267 3325 4330 ἑξεῖ
3352 4269 3604 4336 ηλέγχθαι

2049 4352 2342 4406 κάνταῦθα.
2404 4352 2506 4406 Σοῦ
2563 4355 2661 4422 μέν
2712 4350 2806 4405 οὖν
2860 4357 3044 4407 εἵνεκα
3088 4358 3179 4408 καὶ
3227 4357 3320 4408 ’τοῦ
3379 4363 3514 4411 κατά
3553 4364 3607 4411 σὲ

2049 4446 2373 4513 πράγματος
2433 4446 2705 4513 οὐδαμῶς,
2756 4448 2864 4498 τῶν
2901 4449 2954 4500 δέ
2988 4467 3044 4514 γε
3088 4450 3288 4502 λοιπῶν
3321 4453 3479 4520 χάριν
3521 4454 3609 4502 τοι.

379 4547 537 4613 λόγον
596 4543 959 4614 ἐπιδέχεταιή
1005 4543 1274 4614 ἐνέργεια,
1324 4547 1443 4598 ἀντὶ
1496 4546 1588 4598 τοῦ
1648 4547 1806 4615 λόγου
1853 4550 1942 4602 τὸν
1977 4557 2018 4611 D
2047 4537 2351 4603 θεολογικὸν
2381 4537 2776 4604 ἀναπτύξωμεν
2808 4540 2979 4605 λόγον.
3010 4544 3114 4593 Κλὶ
3146 4542 3234 4592 τὸν
3291 4545 3488 4595 Non?”
3520 4551 3599 4597 καί

379 4641 504 4708 δρον
536 4638 843 4708 ἐνεθυμήθη
873 4639 1125 4690 κάκιστα.
1172 4638 1276 4689 Τὸν
1299 4638 1458 4690 αὐτὸν
1485 4641 1575 4692 καὶ
1627 4639 1751 4708 γὰρ,
1788 4643 1938 4710 φησὶ,

380 4733 447 4800 τῇ
477 4730 637 4800 οὐσίᾳ
683 4731 837 4795 λόγον
869 4731 1041 4780 είτουν
1084 4729 1211 4796 ὅρον
1256 4729 1558 4798 ἐπιδέχεται
1603 4733 1634 4801 ή
1671 4733 1938 4800 ἐνέργεια.

382 4823 496 4878 Καὶ
532 4821 701 4874 ταῦτα
728 4820 1062 4889 τετόλμηκεν
1094 4822 1121 4871 6
1147 4821 1242 4889 τὴν
1272 4821 1419 4874 θείαν
1452 4822 1726 4889 ἐνέργειαν
1756 4825 1942 4893 ἀρνού-

383 4929 543 4982 μενος
579 4912 886 4980 Γρηγορᾶς,
918 4911 1001 4962 ῐνα
1037 4910 1110 4978 μὴ
1160 4909 1408 4961 σύνθεσιν
1445 4912 1536 4962 ἐπὶ
1564 4912 1696 4964 Θεοῦ
1726 4916 1815 4965 καὶ
1847 4929 1943 4966 πο-

383 5001 622 5065 λυθεϊαν,
653 4999 729 5062 ὡς
759 4999 920 5061 αὐτὸς
957 4999 1135 5060 κακῶς
1160 4999 1350 5064 οίεται,
1386 5003 1788 5071 κατασκευάσῃ,
1817 5003 1944 5073 ώριο

384 5095 586 5162 σμένην
621 5091 714 5143 καὶ
765 5089 1186 5159 πεπερασμένην
1237 5090 1327 5142 καὶ
1373 5089 1512 5160 λόγῳ
1564 5096 1941 5163 περιγραπτὴν

379 5185 479 5253 τὴν
505 5185 690 5237 οὐσίαν
736 5180 904 5234 είπὼν
950 5181 1045 5233 τοῦ
1085 5181 1239 5244 Θεοῦ,
1291 5185 1425 5250 ὅπερ
1460 5183 1671 5236 οὐδέπω
1717 5186 1806 5236 καὶ
1851 5186 1942 5237 νῦν

381 5277 557 5338 οὐδεὶς
590 5274 695 5328 τῶν
721 5273 1015 5343 αίρετικῶν
1046 5274 1373 5345 ἐνεθυμήθη,
1401 5277 1520 5327 οὐδέ
1549 5275 1655 5343 γάρ
1682 5277 1942 5349 ήκουσται

383 5369 623 5422 πώποτε.
658 5367 1035 5436 Περιγραπτὸν
1072 5368 1170 5435 μὲν
1218 5369 1323 5436 γάρ
1360 5370 1408 5419 οί
1455 5369 1580 5438 περὶ
1611 5369 1698 5420 τὸν
1741 5370 1943 5437 Ὠριγέ-

383 5477 482 5528 νην
511 5462 685 5512 είπεῖν
716 5459 1021 5528 ἐτόλμησαν
1059 5459 1148 5510 τὸν
1197 5459 1347 5523 Θεὸν,
1373 5459 1512 5513 ἀλλά
1554 5459 1692 5513 κατὰ
1724 5462 1819 5532 τὴν
1849 5461 1938 5513 δύο

383 5567 548 5618 ναμιν
573 5566 585 5578 ·
618 5549 716 5618 τὴν
757 5549 942 5600 οὐσίαν
972 5549 1028 5602 δέ
1058 5547 1328 5616 οὐδαμῶς.
1376 5549 1482 5601 Καὶ
1508 5550 1540 5619 ή
1591 5550 1689 5617 μὲν
1714 5551 1940 5601 ἀποστοο

384 5640 508 5709 λική
534 5657 590 5691 τε
616 5641 706 5692 καὶ
726 5639 966 5710 πατρική
997 5639 1241 5707 θεολογία
1263 5639 1351 5691 καί
1379 5641 1555 5691 πᾶσαν
1581 5640 1678 5709 τήν
1707 5641 1940 5710 φυσικὴν

380 5730 608 5798 δύναμιν
641 5731 734 5782 καὶ
766 5731 864 5799 τήν
898 5731 1177 5799 ἐνέργειαν
1212 5731 1304 5783 τοῦ
1343 5730 1476 5783 Θεοῦ
1526 5732 1772 5800 ἀόριστον
1803 5727 1939 5782 εἷναί

383 5838 565 5890 φησιν,
616 5823 642 5873 6
679 5823 742 5892 δὴ
776 5823 864 5877 καὶ
893 5825 918 5877 6
962 5825 1101 5888 θεῖος
1143 5824 1546 5894 Χρυσόστομος,
1598 5825 1688 5876 καὶ
1730 5823 1793 5890 δὴ
1848 5827 1938 5875 καὶ

2043 4630 2204 4697 ἡμεῖς
2250 4629 2478 4681 καθόσον
2509 4625 2619 4680 οἷόν
2667 4646 2719 4680 τε
2763 4633 2898 4698 μετά
2961 4635 3192 4697 μικρῆν,
3238 4633 3325 4683 ὀὖν
3362 4635 3406 4685 δ’
3437 4637 3589 4687 ἐκεῖν-

2042 4718 2311 4786 πρότερον
2347 4719 2709 4788 ἐξετάσωμεν.

2125 4810 2249 4862 Ἐπὶ
2275 4810 2372 4879 τῆς
2408 4812 2588 4880 ἁπλῆς
2617 4813 2710 4864 καὶ
2745 4813 3041 4878 ἀσωμάτου
3072 4833 3281 4882 φύσεως
3322 4819 3410 4868 τὸν
3451 4820 3608 4872 αὐτὸν

2042 4903 2106 4971 τῇ
2138 4902 2294 4972 οὐσίᾳ
2341 4903 2496 4969 λόγον
2527 4904 2871 4972 ἐπιδέχεσθαι
2913 4907 3008 4974 τὴν
3053 4908 3330 4975 ἐνέργειαν
3376 4913 3606 4966 ἐνταῦθά

2044 5011 2204 5061 φησιν
2229 4997 2254 5046 6
2293 4995 2462 5062 μέγας
2498 4996 2792 5058 Βασίλειος.
2829 4996 2901 5047 0-3
2933 4997 2995 5066 δὴ
3029 5001 3119 5049 καὶ
3155 5003 3229 5067 μὴ
3262 5001 3438 5064 καλῶς
3475 5007 3606 5074 μηδὲ

2044 5087 2186 5141 κατὰ
2211 5088 2300 5139 τὸν
2327 5086 2417 5139 τοῦ
2448 5088 2772 5141 διδασκάλου
2802 5091 3000 5142 σκοπὸν
3029 5091 3312 5162 Γρηγορᾶς
3340 5097 3601 5161 ἀκούσας,

2043 5179 2235 5230 ταυτὸν
2287 5195 2338 5229 τι
2375 5178 2470 5231 καὶ
2517 5179 2828 5250 ἀδιάφορον,
2882 5183 2974 5232 καὶ
3023 5181 3078 5233 ἓν
3107 5185 3245 5238 κατὰ
3299 5187 3475 5240 πάντα
3511 5192 3604 5240 τὴν

2044 5269 2194 5322 θείαν
2233 5271 2422 5322 οὐσίαν
2456 5272 2549 5323 καὶ
2578 5273 2677 5340 τὴν
2711 5273 2991 5340 ἐνέργειαν
3010 5275 3250 5344 ἐνὸμισιν
3279 5275 3438 5332 εἶναι’
3472 5282 3601 5350 μάλ-

2043 5360 2132 5412 λον
2161 5361 2215 5412 ὁὲ
2245 5362 2413 5429 αὐτὴν
2445 5363 2539 5430 τὴν
2577 5364 2762 5414 οὐσίαν
2793 5366 2882 5416 τοῦ
2917 5365 3051 5417 Θεοῦ
3082 5368 3356 5420 καὶτοῦτο
3382 5371 3606 5424 κάκεῖνο

2044 5453 2316 5519 λέγεσθαι.
2353 5455 2571 5523 Πρῶτον
2605 5457 2704 5524 μὲν
2739 5453 2828 5509 οῦν
2857 5460 2916 5508 οὐ
2952 5457 3148 5527 ψευδὴς
3185 5461 3342 5527 μόνον
3379 5463 3405 5511 6
3427 5461 3608 5528 λόγο;,

2044 5552 2138 5598 καὶ
2169 5547 2366 5609 παντὸς
2400 5547 2710 5613 θεολογικοῦ
2741 5549 2943 5601 σκοποῦ
2974 5567 3027 5602 τε
3056 5549 3151 5602 καὶ
3179 5551 3340 5617 λόγου
3370 5557 3608 5620 μακρὰν,

2043 5639 2177 5690 ἀλλὰ
2207 5639 2298 5690 καὶ
2328 5639 2525 5703 ἄτοπός
2561 5656 2642 5701 τις
2675 5641 2768 5693 καὶ
2798 5641 3034 5710 ἀμαθὴς,
3075 5643 3166 5694 καὶ
3204 5643 3443 5710 γλώττης
3489 5645 3610 5695 Ἐλ-

2043 5731 2266 5799 ληνικῆς
2305 5733 2510 5801 πόρρω.
2548 5733 2627 5782 Τὸ.
2671 5736 2776 5800 γὰρ
2811 5735 2898 5786 τὸν
2929 5734 3091 5786 αὐτὸν
3137 5736 3495 5804 ἐπιδεχόμενα
3527 5735 3612 5787 λό-

2045 5839 2136 5889 γον
2174 5823 2270 5873 οὑκ
2310 5823 2374 5874 ἂν
2427 5825 2510 5892 εἴη
2562 5824 2688 5876 ποτὲ
2743 5825 2800 5877 ἓν
2850 5828 2940 5877 καὶ
2972 5827 3032 5879 τὸ
3089 5829 3234 5892 αὐτὸ,
3273 5829 3404 5881 ἀλλά
3430 5829 3612 5880 τούλά-
