4414 6456
763 393 862 454 951

1808 405 2232 466 PHILOTHEI
2281 407 2390 468 (ΣΡ.
2439 407 2946 472 PATRIARCII/E

3868 405 3975 468 95?.

764 517 871 561 κως
892 518 1030 552 ουτω
1066 502 1209 571 παρὰ
1240 503 1331 557 σοῦ
1368 523 1422 559 τε
1450 505 1667 562 καὶτῶν
1690 511 1786 565 σὺν
1821 512 1902 564 σοὶ
1926 514 2019 565 καὶ
2053 514 2194 577 τότε,
2229 517 2319 566 καὶ
2353 519 2392 572 Α
2424 519 2723 587 ἐνεργείας,
2757 520 2852 572 καὶ
2903 519 2997 572 τοῦ
3045 516 3252 586 ταύτης
3286 517 3728 586 ἀποτελέσματος
3779 517 3978 584 ἄριστα

762 591 853 642 νῦν
889 594 980 644 καὶ
1033 595 1290 663 νοούμενα
1336 599 1429 650 καὶ
1477 599 1759 667 λεγόμενα,
1779 603 1873 655 καὶ
1916 605 2026 658 ἀνω
2053 606 2142 657 καὶ
2167 607 2313 660 κάτω

765 704 791 732 ιι
811 685 854 734 τὶ
879 686 1151 752 πανταχοῦ
1181 687 1274 739 τοῦ
1306 688 1463 752 λόγου
1494 693 1588 756 τάς
1624 694 1913 763 διαιρέσεις
1940 696 2199 761 ὡσαύτως
2237 699 2318 751 τί·

764 773 950 842 θησν,
987 773 1178 845 ὥσπερ
1211 779 1318 830 τῶν
1348 780 1560 846 φύσεὼν
1592 801 1752 852 φημι,
1791 788 1882 838 καὶ
1922 787 2027 840 τῶν
2073 791 2316 856 φυσικῶν

767 866 1003 927 ἐκείνων,
1033 868 1172 920 οὑτω
1201 872 1292 922 καὶ
1317 873 1423 923 τῶν
1440 875 1681 940 φυσικῶν
1707 878 1885 929 αὑτῶν
1911 883 2112 933 τούτων
2140 877 2314 947 αὖθις,

763 961 852 1008 καὶ
875 959 976 1010 τῶν
1005 961 1148 1012 ίδίων
1176 964 1353 1015 αὐτῶν
1373 967 1842 1036 ἀποτελεσμάτων,
1861 969 1946 1022 ἵνα
1970 972 2040 1039 μή
2064 988 2147 1032 τις
2169 971 2316 1038 παρᾶ

763 1047 858 1107 τὰς
917 1047 1236 1116 ὁμωνυμίας
1282 1052 1569 1123 ἐγγένηταί
1617 1072 1727 1108 τισι
1784 1058 1972 1123 ἀγνοια
2004 1057 2097 1109 τοῦ
2151 1058 2317 1124 καθήα-

766 1154 949 1199 κοντος
984 1142 1073 1192 καὶ
1109 1141 1282 1212 πλάνη
1295 1181 1308 1196 .

839 1228 1036 1281 Ἄκουε
1066 1233 1126 1300 δὴ
1161 1234 1251 1285 καὶ
1280 1237 1386 1287 τῶν
1413 1234 1537 1304 ἑξῆς
1571 1237 1832 1302 ὡσαύτως
1855 1241 1947 1292 τοῦ
1978 1239 2146 1294 αὑτοῦ
2172 1241 2316 1296 διδα-

769 1321 962 1373 σκάλου
1011 1324 1171 1390 φημί.
1220 1326 1626 1396 Παραδείγματι
1670 1333 1763 1383 καὶ
1803 1332 1909 1401 γὰρ
1963 1335 2180 1404 συνήθει
2209 1339 2321 1398 τοϊς

768 1412 873 1477 πρὸ
905 1413 1068 1465 αὑτοῦ
1112 1415 1380 1484 θεολόγοις
1433 1421 1561 1488 περὶ
1596 1422 1702 1475 τῶν
1745 1425 2126 1493 προκειμένων
2174 1427 2322 1496 αὑτῷ

766 1502 857 1551 καὶ
914 1502 1070 1564 αὑτὸς
1130 1507 1424 1577 χρώμενος,
1482 1509 1622 1564 οὕτω
1678 1513 1982 1582 πώςδφησι
2015 1529 2028 1544 ·
2071 1518 2176 1570 Καὶ
2231 1519 2320 1570 ἐπὶ

765 1591 863 1656 τῆς
921 1596 1420 1666 πεπυρακτωμένης
1471 1598 1524 1651 δέ
1576 1604 1867 1671 μαχαίρας,
1909 1604 2090 1674 ῶσπερ
2129 1607 2184 1658 αί
2225 1608 2324 1676 φύ-

773 1694 885 1739 σεις
942 1683 1196 1743 σώζονται
1240 1686 1335 1740 τοῦ
1363 1691 1540 1756 πυρὸς
1596 1693 1690 1744 καὶ
1748 1692 1842 1744 τοῦ
1903 1694 2137 1762 σιδήρου,
2185 1695 2325 1748 οὑτω

772 1776 864 1826 καὶ
894 1776 946 1826 al
992 1774 1084 1826 δύο
1120 1778 1414 1845 ἐνέργειαι,
1445 1782 1537 1832 καὶ
1567 1781 1631 1832 τά
1658 1782 1859 1835 τούτων
1891 1785 2323 1853 ἀποτελέσματα.

2417 609 2607 662 διελὼν
2636 611 2906 678 φαίνεται,
2938 609 3080 664 καθά
3112 609 3176 678 δὴ
3225 611 3318 662 καὶ
3352 609 3500 674 ἅπαξ
3537 611 3629 662 καὶ
3657 609 3738 669 δὶς
3781 607 3978 675 πρότεο

2423 717 2535 768 ρον,
2562 701 2696 755 ἀλλά
2727 703 2817 755 καὶ
2842 703 2993 756 θείαν
3020 703 3116 755 καὶ
3150 701 3555 770 παντοδύναμον
3577 701 3674 769 τῆς
3705 699 3852 759 θείας
3883 696 3978 749 τοῦ

2419 791 2654 859 Χριστοῦ
2682 790 2898 860 φύσεως
2929 791 3026 860 τὴν
3066 790 3347 860 ἐνέργειαν
3381 786 3553 852 εἶπεν,
3588 789 3713 841 οὔτε
3745 789 3844 855 τὴν
3879 786 3979 854 φύ-

2421 898 2508 933 σιν
2528 881 2689 934 οὖσαν
2719 882 2887 951 αὑτὴν
2917 881 3134 943 ἐκείνην
3157 898 3218 948 γε
3244 881 3441 949 πάντη,
3464 880 3598 933 ἀλλᾶ
3617 879 3712 948 τὴν
3743 876 3976 944 οὑσιώδη

2421 975 2511 1025 καὶ
2548 973 2782 1041 ἔμφυτον
2812 973 2979 1041 αὑτῆς
3011 973 3224 1042 κίνησίν
3250 991 3308 1027 τε
3351 975 3443 1026 καὶ
3471 971 3723 1039 δύναμιν,
3755 970 3848 1022 καὶ
3893 985 3981 1020 το-

2422 1065 2598 1133 σούτῳ
2650 1065 2758 1118 τῶν
2811 1065 3275 1133 ἀποτελεσμάτων
3330 1065 3421 1116 καὶ
3451 1064 3764 1130 κτισμάτων
3821 1055 3976 1120 αὖθις

2421 1155 2802 1224 ἀνῳκισμένην
2853 1155 2946 1208 καὶ
2977 1154 3374 1225 ὑπερέχουσαν,
3422 1153 3532 1220 ὅσῳ
3561 1149 3696 1204 Θεοῦ
3732 1149 3849 1201 θεία
3885 1149 3978 1200 καὶ

2423 1247 2624 1315 φυσικὴ
2675 1247 2765 1300 καὶ
2827 1244 3237 1313 παντοδύναμοε
3287 1243 3538 1312 δύναμις,
3592 1241 3684 1294 καὶ
3734 1239 3982 1307 ἐνέργεια

2425 1341 2562 1392 κατὰ
2586 1339 2772 1392 τοῦτον
2801 1339 2892 1392 τὸν
2923 1339 3171 1406 θεολόγον
3196 1338 3359 1406 φημὶ,
3385 1337 3493 1389 τῶν
3514 1338 3577 1388 ἐκ
3598 1333 3690 1386 τοῦ
3725 1331 3800 1403 μὴ
3829 1331 3981 1390 δντος

2424 1432 2500 1494 είς
2525 1434 2584 1484 τὸ
2612 1425 2750 1484 εῖναι
2777 1430 3172 1501 προαγομένων
3201 1430 3291 1482 ὑπ’
3324 1428 3514 1496 αὑτῆς.

2497 1524 2605 1577 Καὶ
2637 1521 2796 1574 πάλιν
2825 1525 2852 1575 ό
2874 1522 3035 1584 αὑτὸς
3065 1521 3312 1589 θεολόγος
3355 1521 3414 1573 ἐν
3454 1521 3568 1580 τοῖς
3599 1515 3780 1576 αὑτοῖς
3808 1528 3822 1541 ·
3862 1513 3980 1580 EH)

2425 1616 2554 1684 περὶ
2587 1617 2654 1668 τά
2686 1614 2816 1668 ὂντα
2864 1613 3090 1682 πρόνοια
3134 1613 3196 1666 οὑ
3245 1613 3407 1680 μόνον
3453 1609 3664 1678 [ἰατρὸς
3696 1607 3791 1658 καὶ
3821 1606 3978 1670 ἀγίου

2429 1708 2743 1776 [Ινεύματός
2776 1707 2947 1769 ἐστιν,
2979 1705 3110 1758 άλλά
3149 1703 3245 1756 καὶ¹
3270 1701 3364 1755 τοῦ
3397 1702 3525 1754 Υίοῦ
3569 1701 3661 1753 καὶ
3693 1698 3829 1768 μετά
3851 1699 3982 1764 cip-

2429 1815 2617 1862 κωσιν,
2643 1797 2893 1866 ἐνεργείᾳ
2920 1796 2974 1848 δέ
2997 1795 3156 1847 τοῦτό
3180 1795 3350 1856 ἐστιν,
3399 1792 3505 1861 ἀρα
3552 1791 3646 1843 καὶ
3680 1789 3818 1858 μετὰ
3851 1789 3984 1855 σάρ-

776 1866 929 1958 Ἒχει
965 1867 1071 1958 γάρ
1109 1869 1136 1920 ό
1166 1868 1381 1939 σίδηρος
1404 1871 1464 1923 τὺ
1489 1873 1772 1940 τμητ·.κδν,
1803 1874 1862 1926 τὸ
1884 1875 1936 1926 δὲ
1973 1873 2080 1943 πῦρ
2101 1875 2159 1928 τὸ
2194 1893 2326 1928 καυ-
2358 1860 2397 1913 η
2427 1860 2918 1958 κωσιν-τῆς-αὖτῆς
2954 1888 3233 1956 ἐνεργείας
3273 1885 3387 1937 ἐστὶ
3440 1860 3519 1954 τῷ
3572 1881 3769 1949 Πατρί.
3810 1880 3874 1932 Εἰ
3905 1880 3983 1928 ,ἐκ

774 1957 981 2007 στικόν.
1019 1956 1127 2008 Καὶ
1159 1957 1190 2026 ή
1217 1958 1356 2027 τομὴ
1399 1959 1498 2027 μέν
1529 1960 1626 2028 τῆς
1655 1960 1749 2012 τοῦ
1794 1963 2010 2031 σιδήρου
2046 1960 2324 2028 ἐνεργείας

772 2049 918 2099 ἐστὶν
957 2047 1318 2118 ἀποτέλεσμαι
1345 2051 1377 2119 ἠ
1405 2050 1459 2103 δέ
1491 2050 1681 2114 καῦσις
1715 2051 1807 2105 τοῦ
1838 2053 2024 2123 πυρός.
2067 2055 2172 2106 Καὶ
2207 2053 2326 2121 μετ’

769 2139 982 2207 ὀλίγον’
1019 2140 1174 2196 Οὕτω
1196 2142 1288 2196 καὶ
1321 2144 1376 2196 ἐν
1404 2143 1479 2213 τῷ
1506 2144 1725 2216 Χριστῷ
1746 2163 1760 2176 ο
1805 2148 1900 2213 τῆς
1936 2146 2033 2215 μὲν
2072 2146 2324 2214 θεότητος

772 2231 937 2283 αὑτοῦ
991 2233 1022 2302 ἡ
1072 2233 1188 2286 θεία
1231 2236 1322 2287 καὶ
1366 2237 1775 2305 παντοδύναμος
1818 2236 2085 2305 ἐνέργεια,
2132 2235 2230 2303 τῆς
2268 2235 2323 2287 δὲ

773 2323 1189 2394 ἀνθρωπότητος
1221 2325 1387 2378 αὑτοῦ
1421 2327 1451 2395 ὴ
1485 2327 1607 2379 καθ’
1635 2327 1813 2396 ἡμᾶς·
1850 2327 2196 2393 ἀποτέλεσμα
2229 2327 2323 2392 τῆς

774 2415 874 2482 μὲν
896 2415 1238 2485 ἀνθρωπίνης
1271 2418 1331 2469 τὸ
1360 2417 1699 2487 κρατηθῆναι
1735 2417 1833 2486 τὴν
1871 2419 2027 2486 χεῐρα
2057 2415 2153 2468 τοῦ
2196 2433 2321 2468 παι·

773 2510 860 2569 δὸς
911 2511 1002 2562 καὶ
1055 2509 1402 2579 ἑλκυσθῆναι,
1435 2511 1532 2577 τῆς
1580 2511 1634 2563 δὲ
1690 2510 1838 2573 θείας
1891 2512 1923 2578 ἠ
1976 2509 2324 2577 ζωοποίησις.

779 2601 941 2651 ’Λλλο
975 2603 1078 2671 γὰρ
1117 2603 1289 2666 τοῦτο,
1330 2605 1551 2658 κάκεῖνο
1606 2605 1809 2673 ἕτερον,
1857 2604 1905 2656 εί
1940 2604 2032 2657 καὶ
2084 2603 2326 2674 ἀλλήλων

772 2692 1067 2762 ἀχώριστοι
1102 2693 1434 2763 ὑπάρχουσιν
1466 2696 1524 2749 ἐν
1552 2698 1618 2764 τῇ
1657 2695 1946 2765 θεανδρικῇ
1989 2695 2254 2765 ἐνεργείᾳ.

850 2786 1124 2844 Ἤκουσας
1189 2784 1280 2836 καὶ
1326 2777 1478 2846 αὖθις
1524 2782 1619 2836 τοῦ
1670 2783 1834 2850 σοφοῦ
1887 2781 2209 2835 διδασκάλου
2259 2778 2326 2834 τά

779 2875 918 2928 αὑτά
955 2879 1082 2944 περὶ
1112 2876 1216 2927 τῶν
1261 2875 1444 2928 αὑτῶν
1476 2875 1746 2942 λέγοντος,
1783 2877 1877 2929 καὶ
1921 2875 2326 2945 παραδείγμασι

777 2968 1080 3036 προσφυέσι
1114 2968 1206 3020 καὶ
1252 2966 1606 3036 καταλλήλοις
1639 2968 1733 3018 καὶ
1780 2967 2195 3036 ἐπεξεργασίαις
2236 2965 2328 3018 καὶ

773 3060 1106 3128 διαιρέσεσιν
1136 3061 1195 3111 οὑ
1236 3060 1332 3128 τὴν
1373 3059 1479 3110 τῶν
1509 3059 1724 3126 φύσεων
1765 3057 2128 3127 παριστάντος
2161 3057 2327 3126 μόνην

2424 1982 2533 2035 τῶν
2562 1980 2855 2048 θαυμάτων
2883 1980 2978 2046 τῆς
3005 1978 3176 2045 αὑτῆς
3201 1975 3387 2038 οὑσίας
3414 1975 3544 2026 ὄντα
3575 1971 3654 2039 τῷ
3683 1970 3861 2039 Πατρ)⁵
3889 1967 3983 2019 τὸν

2425 2072 2657 2141 Χριστὸν
2686 2070 3029 2137 ἐγνώκαμεν,
3065 2069 3314 2137 ἐνέργεια
3358 2065 3417 2118 δέ
3457 2061 3594 2117 Θεοῦ
3625 2060 3884 2131 τυγχάνει
3916 2059 3985 2110 τὰ

2426 2163 2701 2233 θαύματα,
2744 2163 2854 2233 ἀρα
2893 2165 2989 2216 καὶ
3024 2164 3164 2230 μετά
3206 2159 3482 2230 σάρκωσιν
3511 2156 3609 2226 τῆς
3643 2155 3811 2222 αὑτῆς
3835 2155 3986 2205 ἐστιν

2426 2255 2702 2325 ἐνεργείας
2729 2256 2805 2324 τῷ
2833 2253 3027 2324 Πατρί.

2498 2349 2639 2415 Ὅρα
2667 2349 2825 2400 πάλιν
2860 2346 3114 2410 ἐνταῦθα,
3165 2345 3279 2408 πῶς
3326 2343 3420 2396 καὶ
3453 2342 3552 2412 τὴν
3593 2341 3724 2409 περὶ
3754 2338 3822 2390 τά
3854 2335 3982 2388 ὄντα

2426 2438 2519 2490 τοῦ
2545 2436 2689 2489 Θεοῦ·
2711 2436 2965 2504 πρόνοιαν
2991 2436 3277 2502 ἐνέργειαν
3310 2430 3460 2483 θείαν
3487 2426 3652 2497 φησὶν
3681 2427 3708 2477 ό
3734 2423 3983 2475 διδάσκα-

2425 2529 2534 2593 λος,
2567 2529 2650 2582 ἵνα
2685 2529 2817 2596 μήτε
2867 2527 2964 2596 τὴν
2994 2526 3181 2578 οὐσίαν
3225 2522 3396 2592 αὑτὴν
3442 2521 3670 2586 ἐκείνην⁸
3704 2515 3982 2580 ὑπολάϐῃς

2427 2613 2585 2684 εἶναι,
2622 2619 2758 2686 μήτε
2797 2615 3003 2684 κτίσμα
3034 2615 3194 2678 Θεοῦ,
3232 2614 3346 2665 ἀλλ’
3380 2608 3613 2678 οὑσιώδη
3650 2605 3849 2674 μᾶλλον
3883 2603 3984 2667 τῆς

2427 2711 2640 2779 φύσεως
2672 2707 2900 2776 δύναμίν
2936 2723 2996 2756 τε
3039 2706 3132 2756 καὶ
3166 2703 3402 2772 κίνησιν.
3433 2701 3522 2752 Διὸ
3555 2699 3649 2749 καὶ
3695 2697 3793 2756 τὰς
3823 2709 3985 2762 φυσι-

2427 2801 2526 2861 κάς
2549 2798 2750 2859 ταύτας
2793 2796 3071 2866 ἐνεργείας
3114 2794 3174 2846 οὑ
3205 2795 3365 2863 μόνον
3391 2790 3651 2862 προόδους
3678 2805 3736 2839 τε
3773 2787 3868 2838 καὶ
3895 2786 3988 2834 ἐκ·

2429 2894 2673 2962 φάνσεις,
2704 2893 2796 2942 καὶ
2824 2889 3056 2957 μετοχὰς
3085 2889 3179 2940 καὶ
3212 2882 3583 2953 αὑτομετοχὰς
3618 2883 3645 2933 ό
3679 2880 3737 2942 ἐξ
3769 2879 3986 2946 Ἄρειοι·

2428 2984 2604 3050 πάγου
2637 2979 2911 3042 Διονύσιος
2942 2980 3184 3048 εἴρηκεν,
3226 2976 3362 3030 ἀλλά
3401 2975 3492 3028 καὶ
3531 2974 3790 3042 προνοίας
3812 2968 3983 3029 αὑτὰς

2428 3077 2524 3129 καὶ
2577 3073 2918 3140 ἀγαθὸτητας
2976 3067 3149 3133 εἶπεν,
3219 3069 3284 3120 ἐκ
3341 3053 3477 3119 Θεοῦ
3533 3065 3624 3117 τοῦ
3676 3061 3984 3130 ἀμεθὲκτου

774 3151 1058 3220 διαφοράνν
1088 3153 1219 3202 ἀλλά
1253 3151 1345 3202 καὶ
1369 3151 1466 3219 τὴν
1489 3150 1596 3202 τῶν
1625 3150 1914 3220 ἐνεργειῶν
1939 3151 2035 3203 καὶ
2064 3149 2175 3241 τῶλί
2191 3151 2326 3241 ἀπὺ·
2355 3183 2398 3241 ο
2431 3166 2727 3237 προῖούσας
2774 3163 2992 3232 ἀφθόνῳ
3034 3161 3188 3230 χύσει
3237 3161 3331 3212 καὶ
3368 3155 3838 3226 ὑπερὸλυζούσας.
3876 3150 3986 3201 Καὶ

778 3245 1146 3310 τελεσμάτων,
1191 3245 1285 3296 καλ⁴
1339 3245 1517 3295 πᾶσαν
1548 3243 1957 3311 περιαιροῦντος
2003 3239 2329 3310 ἀμφιϐολίαν

780 3339 874 3390 καὶ
900 3337 1158 3403 σύγχυσιν
1184 3353 1196 3399 ;
1223 3336 1431 3403 Ὠσπερ
1462 3337 1554 3387 καὶ
1585 3334 1691 3404 γὰρ
1715 3337 1807 3386 ἐπὶ
1833 3333 1930 3402 τῆς
1967 3348 2328 3402 πεπυρακτω-

787 3431 972 3500 μένης,
1019 3430 1171 3497 φησὶ,
1223 3431 1498 3497 μαχαίρας
1549 3424 1686 3495 μετά
1718 3425 1811 3492 τῆς
1842 3425 2062 3492 διπλόης
2092 3423 2198 3477 τῶν
2229 3422 2329 3492 φύ-

780 3539 939 3583 σεων,
982 3519 1199 3586 σιδήρου
1235 3515 1433 3584 δηλαδὴ
1470 3515 1564 3567 καὶ
1599 3514 1794 3583 πυρδς,
1829 3513 1925 3565 καὶ
1956 3513 2014 3565 τδ
2035 3512 2209 3565 διττὸν
2230 3510 2332 3579 τῆς

777 3613 1055 3682 ἐνεργείας
1081 3608 1421 3678 ξυνημμένον
1449 3607 1685 3676 ὁρῶμεν,
1716 3605 1778 3657 τό
1804 3621 1865 3672 γε
1890 3603 2152 3673 τμητικόν
2180 3619 2323 3672 φημι

781 3708 876 3758 καὶ
910 3706 967 3755 τὸ
997 3702 1308 3764 καυστικὸν,
1341 3699 1437 3769 τὴν
1478 3699 1803 3767 τέμνουσαν,
1844 3695 1918 3758 ὡς
1960 3696 2025 3747 ἀν
2054 3694 2198 3747 εῐποι
2227 3709 2331 3756 τις,

784 3800 876 3848 καὶ
905 3793 1164 3847 καίουσαν
1192 3790 1459 3857 ἑκατέρας
1487 3787 1616 3856 ὕλης
1650 3785 1882 3855 φυσικὴν
1913 3784 2162 3850 δύναμιν,
2198 3784 2332 3835 ἀπο-

780 3887 1018 3952 τέλεσμα
1050 3882 1103 3934 δέ
1138 3897 1267 3949 φησι
1300 3881 1397 3947 τῆς
1433 3877 1527 3946 μὲν
1558 3876 1841 3945 ἐνεργείας
1867 3872 1961 3926 τοῦ
1998 3873 2214 3942 σιδήρου
2237 3870 2336 3942 τὴν

786 3979 983 4046 τομὴν,
1017 3977 1110 4041 τῆς
1133 3976 1186 4025 δὲ
1217 3973 1308 4025 τοῦ
1337 3971 1507 4041 πυρὸς
1551 3969 1830 4037 ἐνεργείας
1861 3966 2208 4035 ἀποτέλεσμα
2237 3964 2335 4034 τὴν

785 4070 1013 4122 καῦσιν·
1048 4064 1187 4116 οὑτω
1214 4063 1305 4114 καὶ
1326 4062 1382 4113 ἐν
1403 4061 1479 4130 τῷ
1506 4058 1746 4130 Χριστῷ,
1772 4059 1927 4125 φησὶ,
1944 4056 2132 4109 διττῶν
2159 4056 2336 4108 οὐσῶν

782 4163 892 4215 τῶν
922 4158 1082 4214 αὑτοῦ
1116 4155 1352 4224 φύσεων.
1385 4153 1483 4220 τῆς
1521 4152 1671 4212 θείας
1704 4148 1945 4220 δηλονότι
1988 4146 2205 4215 καὶτῆς
2242 4146 2337 4198 ἀν-

785 4252 1081 4322 θρωπείας,
1107 4250 1205 4318 τῆς
1243 4247 1339 4316 μὲν
1369 4245 1623 4313 θεότητος
1652 4241 1817 4295 αὑτοῦ
1859 4243 1892 4310 ἡ
1927 4241 2045 4292 θεία
2076 4239 2172 4292 καὶ
2199 4254 2336 4291 παν-

785 4348 1080 4412 τοδύναμος
1113 4341 1345 4408 ὑπάρχει
1369 4337 1638 4407 ἐνέργεια,
1676 4337 1775 4402 τῆς
1823 4335 1877 4386 δέ
1921 4332 2336 4404 ἀνθρωπότητος

782 4437 944 4493 αὑτοῦ
974 4440 1004 4505 ἡ
1030 4434 1153 4487 καθ’
1181 4433 1325 4503 ἡμᾶς
1349 4433 1437 4482 καὶ
1463 4427 1779 4498 ἀνθρωπίνη
1812 4426 2044 4494 ὑπάρχει
2067 4424 2334 4492 ἐνέργεια.

798 4529 1168 4591 ’Δποτέλεσμα
1205 4524 1262 4577 δέ
1312 4538 1443 4591 φησι
1489 4518 1590 4588 τῆς
1645 4521 1745 4587 μέν
1799 4515 2142 4586 ἀνθρωπίνης
2191 4516 2338 4584 ἐνερ-
2368 4509 2411 4565 D

783 4622 938 4688 γείας
978 4615 1038 4670 τὸ
1068 4615 1406 4684 κρατηθῆναι
1436 4613 1533 4683 τὴν
1563 4613 1721 4680 χεῖρα
1760 4609 1857 4678 τῆς
1906 4607 2095 4667 παιδὸς
2124 4606 2218 4659 καὶ
2251 4605 2338 4657 ἐλ-

785 4712 1071 4778 κνσθῆναι,
1092 4707 1188 4775 τῆς
1214 4705 1271 4758 δέ
1306 4705 1455 4766 θείας
1488 4703 1761 4774 ἐνεργείας
1791 4702 1824 4768 ἡ
1854 4699 2180 4769 ζωοποίησις
2202 4698 2338 4750 ἀπο-

785 4803 1043 4868 τέλεσμα.
1070 4799 1148 4850 Τά
1176 4799 1271 4868 μὲν
1299 4797 1392 4850 οὑν
1417 4795 1574 4865 παρά
1601 4792 1693 4846 τοῦ
1717 4791 1966 4859 θεολόγου
1989 4791 2176 4843 τούτου
2209 4788 2337 4860 περί

785 4911 844 4942 τε
872 4891 1103 4960 φυσικῆς
1135 4889 1438 4954 ἐνεργείας,
1473 4889 1568 4938 καὶ
1610 4885 1702 4938 τοῦ
1735 4885 1937 4951 ταύτης
1969 4881 2340 4950 ἀποτελέσμαι

786 5002 874 5043 τος
908 4982 1142 5053 ρηθέντα
1174 4981 1266 5033 καὶ
1297 4979 1390 5031 νῦν
1434 4978 1529 5031 καὶ
1563 4977 1850 5047 πρότερον,
1884 4973 2107 5026 τοιαῦτα
2139 4974 2235 5042 τήν
2281 4988 2338 5022 τε

787 5074 1108 5140 ἐξαγγελίαν
1131 5072 1222 5122 καὶ
1247 5070 1344 5140 τὴν
1374 5069 1614 5122 διάνοιαν
1647 5067 1777 5119 ὅντα
1809 5065 2082 5134 τυγχάνει,
2118 5065 2190 5125 ὡς
2221 5063 2338 5132 μηδ’

791 5165 1083 5234 ἑρμηνείας
1162 5163 1282 5231 μηδ’
1338 5161 1738 5229 ἐπεξεργασιῶν
1811 5156 2141 5209 ὡντινωνοῦν
2206 5154 2339 5217 ὅλως

789 5256 1016 5320 δεῖσθαι,
1046 5255 1340 5320 σαφηνείας
1371 5251 1662 5320 ὑπερὸολῇ.
1710 5251 1860 5302 Ἐπεὶ
1891 5249 1946 5300 δέ
1982 5250 2073 5300 καὶ
2104 5247 2237 5316 πρὸς
2275 5245 2341 5299 τά

791 5347 933 5400 οὕτω
981 5345 1126 5411 σαφῆ
1179 5343 1272 5395 καὶ
1321 5343 1540 5412 τυφλῷ,
1605 5344 1773 5408 φασὶ,
1826 5340 1960 5409 δῆλα
2013 5340 2340 5407 φιλονεικίας

795 5434 1086 5503 περιουσίᾳ
1123 5436 1221 5485 οὑκ
1253 5430 1346 5486 οἶδ’
1398 5435 1543 5495 ὅπως
1591 5434 1965 5501 ἀναισχυντεῖν
1994 5433 2020 5482 ό
2055 5431 2340 5498 φιλόσοφος

795 5529 954 5590 ἔγνω,
994 5528 1086 5579 καὶ
1113 5525 1570 5593 ἐπεξεργάζεσθαι
1607 5528 1698 5576 καὶ
1727 5523 2093 5590 παλιλλογεῖν,
2127 5523 2219 5575 καὶ⁵
2247 5539 2343 5574 σα-

794 5617 1040 5684 φηνίζειν
1066 5615 1217 5674 αὒἾις
1251 5616 1309 5666 οὑ
1344 5615 1778 5683 παραιτούμεθα,
1814 5616 1920 5667 τῶν
1952 5615 2211 5682 ἁπλότητι
2249 5615 2342 5666 καὶ

794 5707 1018 5775 σπειρία
1055 5707 1547 5774 συναρπαζομένων
1575 5708 1677 5758 ὑπὸ
1714 5708 1814 5776 τῆς
1849 5707 2051 5774 πλάνης
2092 5707 2336 5774 φειδόμε-

802 5815 902 5850 νοι.
946 5801 1074 5851 Ἰδοὺ
1106 5800 1212 5867 γάρ
1243 5800 1298 5850 οὑ
1337 5800 1544 5868 φ·3·;;ω;
1579 5799 1774 5869 μεττξῦ
1808 5800 1962 5868 μόνον
1996 5801 2085 5851 καὶ
2114 5798 2344 5867 φυσικῆς

2442 3258 2758 3318 Ἀθανάσιος
2789 3257 2844 3308 δὲ
2875 3249 3029 3314 αὖθις
3057 3253 3084 3305 ό
3111 3252 3284 3320 μέγας
3315 3249 3411 3317 τὴν
3441 3247 3531 3298 τοῦ
3559 3243 3692 3298 Θεοῦ
3722 3244 3988 3308 δημιουρ-

2429 3350 2593 3419 γικὴν
2616 3347 2900 3416 ἐνέργειαν
2929 3344 3185 3412 πρόνοιαν
3218 3341 3474 3400 ὡσαύτως
3513 3337 3676 3406 φησίν
3705 3351 3718 3365 ο
3756 3334 3828 3385 Οὑ
3864 3332 3987 3384 κατ’

2430 3441 2617 3508 ἀλλην,
2650 3437 2846 3503 λέγων,
2896 3436 2990 3486 καὶ
3032 3434 3196 3503 ἀλλην
3246 3432 3501 3501 πρόνοιαν
3542 3429 3568 3479 ὁ
3600 3427 3787 3494 Πατὴρ
3834 3426 3924 3475 καὶ
3960 3424 3990 3474 ό

2432 3530 2564 3592 Υἱὸς
2585 3527 2903 3599 ἐργάζεται,
2936 3525 3070 3579 ἀλλά
3098 3523 3240 3578 κατά
3281 3525 3410 3593 μίαν
3448 3523 3541 3574 καὶ
3580 3518 3676 3588 τὴν
3705 3517 3873 3584 αὑτὴν
3897 3516 3988 3566 οὑ-

2433 3621 2595 3690 σιώδη
2625 3621 2723 3688 τῆς
2754 3618 3007 3686 θεότητος
3038 3617 3342 3685 ἐνέργειαν.
3393 3611 3566 3680 ’Υπὲρ
3599 3604 3666 3681 ἧς
3701 3614 3787 3660 καῖ
3818 3608 3852 3676 ἠ
3883 3606 3989 3656 τῶν

2430 3711 2820 3780 οίκουμενικῶν
2852 3709 3086 3762 συνόδων
3149 3708 3378 3775 πέμπτη
3419 3704 3554 3772 πρὸς
3587 3702 3713 3762 τοὺς
3741 3700 3809 3752 τὰ
3847 3698 3991 3767 Ὠρι-

2432 3807 2624 3876 γένους
2647 3801 3001 3874 φρονοῦντας,
3031 3800 3175 3853 καθὰ
3199 3799 3262 3869 δὴ
3299 3801 3391 3850 καὶ
3417 3796 3722 3865 φθάσαντες
3751 3791 3988 3858 ἔφημεν,

2434 3898 2640 3963 ἐλεγεν,
2666 3898 2749 3949 ὃτι
2773 3890 2884 3964 εἶχε
2921 3894 3018 3963 μὲν
3054 3896 3082 3945 ό
3113 3891 3246 3954 Θεὸς
3274 3891 3362 3944 ἀεὶ
3400 3887 3498 3957 τὴν
3525 3885 3618 3939 τοῦ
3653 3885 3856 3946 κτίζειν
3899 3884 3990 3934 καὶ

2434 3992 2789 4063 δημιουργεῖν
2821 3987 3071 4054 δύναμιν,
3097 3982 3372 4053 ἐνηργήθη
3401 3981 3456 4033 δέ
3504 3981 3535 4049 ὴ
3576 3976 3799 4044 τοιαύτη
3827 3975 3991 4027 δύνα-

2439 4098 2552 4151 μις,
2589 4080 2677 4132 ὅτε
2716 4078 2844 4139 Θεὸς
2880 4073 3176 4144 ἠϐουλήθη,
3230 4072 3318 4124 ἵνα
3361 4069 3537 4138 μάθῃς
3584 4070 3648 4119 ἐκ
3691 4067 3895 4118 τούτων
3931 4079 3990 4114 τε

2436 4166 2707 4219 κάκείνων
2738 4165 2846 4225 πᾶς
2889 4166 2915 4215 ό
2967 4163 3067 4231 τῆς
3111 4159 3373 4229 ἀληθινῆς
3418 4157 3692 4223 θεολογίας
3734 4153 3991 4223 ἐραστὴς,

2437 4258 2596 4322 φημὶ,
2633 4254 2713 4306 ὅτι
2745 4254 2841 4321 τὴν
2872 4250 3104 4320 οὑσιώδη
3141 4251 3236 4302 καὶ
3273 4247 3565 4316 δραστικὴν
3599 4245 3696 4311 τῆς
3731 4243 3824 4297 τοῦ
3856 4243 3991 4294 Θεοῦ

2438 4346 2650 4415 φύσεως
2672 4344 2900 4412 δύναμιν
2932 4342 3026 4395 καὶ
3049 4345 3262 4409 κίνησιν
3285 4340 3379 4393 καὶ
3404 4337 3682 4407 ἐνέργειαν
3712 4337 3990 4394 ἀκτιστον,

2439 4438 2534 4491 καὶ
2557 4437 2843 4498 ωναῖδιον,
2874 4435 2969 4486 καλ⁸
2992 4433 3297 4501 ἀδιαίρετον
3318 4429 3484 4482 οὖσαν
3515 4429 3610 4496 τῆς
3639 4424 3991 4494 πηγαζούσης

2443 4528 2675 4596 φύσεως,
2707 4525 2805 4579 οὑκ
2851 4525 2918 4579 ἀν
2954 4526 2986 4593 ὴ
3023 4524 3115 4576 ἐπὶ
3158 4521 3295 4592 τῷδέ
3325 4537 3433 4573 τινι
3464 4520 3725 4586 κτίσματι
3753 4517 3914 4585 τυχὸν
3957 4518 3990 4583 ἢ

2442 4617 2682 4686 θαύματι
2708 4617 2898 4687 χρῆσις
2924 4615 3066 4669 κατὰ
3090 4615 3181 4666 τὸν
3206 4614 3407 4666 οίκεῖον
3434 4611 3650 4678 ἐκάστῳ
3681 4610 3870 4677 καιρὸν
3901 4611 3994 4660 καὶ

2441 4709 2594 4774 λόγον
2630 4705 2851 4775 κτιστὴν
2877 4703 3169 4775 ἐργάσαιτό
3191 4718 3342 4755 ποτε.
3371 4701 3495 4762 Πῶς
3538 4700 3645 4768 γὰρ
3675 4699 3739 4751 ἂν
3763 4697 3992 4763 ἐκσταίη

2440 4800 2534 4868 τῆς
2565 4800 2770 4860 οἰκείας
2810 4794 3046 4864 φυσικῆς
3099 4795 3378 4862 ίδιότητος,
3429 4792 3523 4843 καὶ
3573 4791 3730 4842 τοῦτό
3778 4805 3838 4853 γε
3895 4790 3993 4855 οὑχ

2444 4890 2647 4952 ἁπλῶς,
2687 4889 2820 4941 ἀλλά
2858 4889 2991 4955 πρὸς
3031 4887 3339 4940 τούναντίον
3371 4885 3515 4936 ᾶπαν
3559 4882 3743 4945 ίοῦσα;
3774 4880 3994 4931 Ἀδύνε-

2441 4996 2530 5031 τον
2562 4979 2655 5031 καὶ
2687 4964 2794 5046 γάρ
2843 4993 3005 5044 φασιν
3048 4977 3096 5027 οἱ
3145 4975 3299 5027 αὑτοὶ
3351 4973 3592 5039 θεολόγοι
3633 4971 3867 5038 Πατέρες
3898 4971 3993 5034 τῆς

2441 5070 2699 5122 ἀκτίστου
2725 5067 2940 5134 φύσεως
2977 5067 3197 5134 κτιστὴν
3230 5061 3367 5117 εἶναι
3405 5063 3501 5131 τὴν
3549 5061 3848 5130 ἐνέργειαν,
3890 5058 3993 5108 ῶσ-

2445 5178 2551 5228 περ
2580 5161 2643 5230 δὴ
2674 5163 2767 5212 καὶ
2794 5160 3046 5213 ἀκτιστον
3087 5158 3183 5224 τῆς
3221 5155 3444 5221 κτιστῆς
3486 5152 3755 5219 οὐδαμῶς.
3795 5149 3930 5200 Ἀλλ’
3962 5153 3990 5213 ἦ

2447 5251 2545 5319 μὲν
2587 5251 2801 5319 χρῆσις,
2835 5248 2969 5316 ὅπερ
3004 5245 3158 5313 ἔφην,
3202 5244 3295 5310 τῆς
3341 5242 3490 5303 θείας
3537 5242 3815 5307 ἐνεργείας
3868 5239 3994 5305 περὶ

2442 5340 2560 5392 τόδε
2620 5340 2679 5391 τὸ
2716 5339 2946 5408 πρᾶγμα
2983 5338 3012 5401 ἦ
3052 5338 3246 5396 ἐκεῖνο,
3291 5335 3323 5404 ἢ
3377 5332 3688 5399 κτιζούσης,
3723 5333 3752 5397 ἦ
3783 5331 3993 5397 θαυμα-

2443 5431 2778 5500 τουργούσης
2809 5431 2970 5498 τυχὸν
3005 5430 3096 5478 καὶ
3150 5427 3375 5495 ἄρχεται
3421 5425 3517 5476 καὶ
3547 5422 3813 5474 παύεται’
3860 5421 3995 5472 καθδ

2443 5524 2506 5591 δὴ
2535 5525 2626 5574 καὶ
2652 5526 2677 5574 ὁ
2709 5522 2877 5590 μέγας
2908 5522 2963 5571 ἐν
2996 5518 3244 5587 θεολογία
3290 5517 3609 5586 Γρηγόριος,
3650 5513 3710 5565 EE
3743 5513 3995 5578 ἐνέργεια

2444 5616 2504 5667 τὸ
2532 5614 2750 5681 Πνεῦμα
2783 5613 2839 5664 τὸ
2881 5612 3034 5678 ἀγιον
3068 5611 3209 5663 κατά
3256 5626 3427 5672 τινας,
3457 5608 3660 5672 ἔλεγεν,
3701 5603 3995 5671 ἐνεργηθῇ-

2448 5723 2598 5758 σεται
2635 5706 2726 5756 καὶ
2757 5706 2855 5757 οὑκ
2888 5705 3196 5771 ἐνεργήσει,
3231 5712 3324 5754 καὶ
3356 5702 3469 5766 ἅμα
3508 5700 3584 5766 τῷ
3635 5698 3998 5766 ἐνεργηίλῆναε

2448 5796 2735 5860 παύσεται»
2768 5796 2866 5864 τὴν
2901 5797 3137 5864 φυσικὴν
3167 5795 3443 5863 ἐνέργειαν
3479 5789 3681 5859 ταύτην
3721 5789 3809 5841 τοῦ
3851 5786 3992 5839 θεοῦ
