4470 6450
482 395 586 458 953

1178 396 1475 456 CUNTRA
1515 395 1943 456 GREGORAM
2005 398 2752 460 ANTIRRHETJCURUM
2801 403 2961 462 ΗΠ.

3570 408 3668 466 95¹ι

479 510 620 564 κατὰ
650 510 748 578 τὴν
785 508 958 576 αὐτῆς
987 508 1355 576 αἰνιττόμενος
1386 487 1601 578 χρῆσιν,
1635 510 1942 580 ἀρχομένην
1974 526 2033 562 τε
2066 514 2110 566 Δ
2137 513 2315 581 δῆλον,
2353 513 2434 564 ὅτι
2464 513 2585 564 οὕτε
2618 511 2776 577 εἶναι,
2831 515 2952 568 οὔτε
2992 515 3350 582 γινώσκεσθαι
3392 519 3488 584 τὴν
3539 519 3644 584 φύσ
3670 537 3697 568 ν

480 603 573 655 καὶ
604 601 922 670 παυομένην
957 600 1081 654 κατ’
1111 602 1302 669 αὐτὴν,
1328 602 1400 665 ὡς
1435 604 1532 672 ἤδη
1565 603 1825 662 πολλάκις
1865 604 2029 672 ἔφην’

479 694 785 760 ἐνεργεῖται
819 693 926 760 γὰρ
963 693 994 760 ἠ
1043 693 1257 761 χρῆσις,
1280 694 1379 746 οὐκ
1417 696 1649 763 ἐνεργεῖ.
1694 695 1946 748 Ἐπείτοί
1971 712 2035 761 γε

479 783 598 834 κατ’
639 782 809 851 αὐτὴν
840 782 977 851 αὑτὴ
1014 783 1360 852 θεωρουμένη
1396 785 1523 850 περὶ
1553 785 1648 852 τὴν
1677 784 1826 836 θείαν
1874 783 2036 852 φύσιν

476 873 790 940 ήσυμφυὴς
832 873 1036 952 ταύτης
1099 875 1344 944 ἐνέργεια
1391 878 1486 928 καὶ
1516 876 1726 944 κίνησίς
1757 877 1870 928 ἐστι
1911 877 2038 945 δρα-

477 963 634 1031 στικὴ
668 967 760 1016 καὶ
792 965 1200 1030 παντοδύναμός
1240 984 1300 1018 τε
1355 967 1449 1019 καὶ
1499 967 1837 1036 παντουργδς
1894 967 2035 1020 κατά

475 1058 598 1117 τοὺς
631 1054 914 1117 θεολόγους
943 1056 1215 1121 Πατέρας.
1250 1057 1406 1108 Ἐστι
1441 1057 1536 1124 μὲν
1567 1053 1662 1109 οὖν
1690 1059 1810 1108 κατ’
1842 1057 2034 1117 αὐτοὺς

475 1147 697 1207 τούτοδς
726 1146 783 1197 τὸ
822 1147 1173 1215 ἐνεργητικῖιν
1201 1149 1230 1214 ἡ
1265 1146 1381 1198 θεία
1414 1148 1592 1213 φύσις,
1633 1149 1689 1211 ἐξ
1722 1141 1791 1218 ἦς
1831 1149 1861 1215 ή
1892 1149 2035 1199 οὐσι-

478 1239 620 1306 ὡδης
649 1236 888 1306 πηγάζει
925 1240 1197 1307 ἐνέργεια,
1256 1241 1381 1308 περὶ
1429 1242 1526 1308 τὴν
1574 1240 1737 1306 φύσιν
1768 1241 1937 1306 αὐτὴν
1962 1240 2035 1301 ὡς

480 1330 709 1394 φυσικὸν
741 1331 1087 1399 θεωρουμένη
1129 1330 1342 1398 ίδίωμα,
1371 1331 1466 1383 καὶ
1515 1329 1821 1400 ἀδιαίρετος
1867 1331 2038 1395 αὐτῆς

481 1417 635 1487 οὖσα,
667 1422 762 1472 καὶ
799 1421 857 1474 τὸ
886 1422 1144 1489 παράπαν
1180 1423 1499 1490 ἀχώριστος,
1539 1423 1599 1474 ΕΞ
1651 1422 1758 1487 γὰρ
1803 1424 1893 1472 καὶ
1923 1421 2038 1473 δια-

481 1514 656 1580 φορὰν
697 1514 864 1580 αὐτῆς
909 1530 1040 1580 φασι
1095 1514 1231 1582 πρὸς
1279 1513 1378 1582 τὴν
1433 1514 1622 1565 οὐσίαν
1672 1515 1721 1566 οι
1774 1513 2034 1579 θεολόγοι,

485 1604 626 1672 κατά
660 1620 722 1671 γε
755 1605 877 1664 τοὺς
909 1604 1379 1672 προαποδοθέντας
1424 1605 1518 1656 καὶ
1547 1607 1677 1671 ἡμῖν
1704 1603 1915 1669 λόγους.
1945 1604 2036 1655 καὶ

480 1696 609 1751 ἄλλο
641 1696 804 1763 φασὶν
839 1695 1049 1756 οὐσίαν,
1099 1697 1191 1747 καὶ
1229 1696 1357 1748 ἄλλο
1413 1696 1710 1764 ἐνέργειαν,
1768 1695 1882 1746 ἀλλ’
1920 1697 2038 1746 ἐπι-

2139 606 2359 657 δυνατδν
2389 606 2516 657 ἄνευ
2545 607 2639 673 τῆς
2667 609 2807 659 κατὰ
2838 609 2998 675 φύσιν
3028 609 3332 676 ἐνεργείας.
3381 609 3457 660 Δι’
3492 604 3564 661 ὧν
3591 611 3696 676 γάρ

2137 699 2353 765 ἐνεργεῖ
2381 697 2627 757 ἕκαστον,
2653 700 2750 766 τὴν
2779 699 2986 750 οἰκείαν
3023 701 3184 765 φύσιν
3219 700 3528 760 πιστοῦται,
3559 702 3696 768 ὅπερ

2139 788 2255 839 ἐστὶ
2309 789 2380 856 μὴ
2434 788 2794 856 τρεπόμενον.
2841 789 3212 841 ’Δκουέτωσαν
3247 791 3310 858 δὴ
3367 793 3459 841 καὶ
3494 791 3698 841 τούτων

2139 877 2188 927 οί
2222 878 2347 944 περὶ
2397 876 2705 944 Γρηγορᾶν,
2767 877 2861 928 καὶ
2922 878 3359 944 μανθανέτωσαν.
3415 879 3493 931 ὅτι
3549 882 3697 930 πᾶσα

2141 970 2388 1035 ἐνέργεια
2430 967 2642 1032 φύσεώς
2688 985 2833 1028 τινος
2872 969 3132 1036 οὑσιώδης
3171 969 3409 1035 ὁρῐζεται
3461 970 3692 1031 κίνησις,

2141 1063 2231 1113 καὶ
2278 1062 2357 1111 ὅτι
2387 1061 2556 1120 οὐδεὶς
2617 1057 2756 1112 οἶδεν
2798 1061 3076 1128 ἐνέργειαν
3131 1062 3202 1129 μὴ
3254 1063 3489 1130 φυσικῆς
3544 1064 3699 1112 δυνα-

2145 1169 2287 1220 μεως
2326 1153 2674 1219 ὑπάρχουσαν
2725 1153 2959 1218 κίνησιν,
2994 1154 3082 1201 καὶ
3125 1154 3203 1202 ὅτι
3262 1154 3423 1216 μέσον
3476 1153 3697 1218 κτιστῆς

2141 1245 2235 1296 καὶ
2265 1244 2522 1296 ἀκτίστου
2558 1245 2656 1295 ούκ
2702 1244 2848 1294 ἐστιν
2894 1246 3164 1312 ἐνέργεια,
3204 1244 3321 1295 ούδέ
3365 1245 3527 1311 φύσις
3554 1260 3567 1275 ·
3606 1246 3699 1295 καὶ

2138 1337 2222 1388 ὃτι
2253 1337 2283 1404 ὴ
2319 1333 2457 1386 κατὰ
2490 1333 2650 1399 φύσιν
2682 1335 2934 1403 ἐνέργεια
2983 1335 3044 1385 οὐ
3095 1334 3204 1387 τῶν
3238 1336 3394 1396 ἐκτδς
3439 1337 3695 1404 ὑπάρχει.

2147 1428 2257 1478 Καὶ
2283 1424 2489 1476 τούτων
2520 1425 2769 1484 συνέντες
2792 1425 2891 1485 τὰς
2931 1425 3065 1475 πολὺ
3091 1427 3160 1476 τδ
3188 1425 3339 1478 νόθον
3371 1426 3699 1495 ἐπισυρομέ-

2141 1517 2304 1584 μένας
2351 1515 2443 1568 καὶ
2497 1515 2917 1581 πεπλανημένας
2954 1516 3164 1576 ὲκείνας
3213 1516 3340 1584 περὶ
3397 1517 3686 1585 ἐνεργείας

2140 1607 2296 1670 δόξας
2326 1607 2418 1659 καὶ
2453 1605 2766 1675 διαιρέσεις,
2799 1606 2890 1657 καὶ
2922 1607 3016 1666 τὰς
3066 1606 3125 1656 οὐ
3173 1606 3342 1668 καλὰς
3384 1608 3702 1675 ὁμωνυμίας

2143 1695 2593 1763 ἀπομαθέτωσαν.
2654 1694 2839 1745 Πᾶσαν
2895 1695 3002 1760 γὰρ
3055 1696 3337 1762 ἐνέργειαν
3395 1697 3422 1745 6
3456 1697 3702 1762 θεολόγος

484 1787 600 1857 νοίᾳ
629 1789 759 1854 φασὶ
783 1789 883 1854 τὴν
905 1787 1164 1853 διαφοράν
1184 1786 1404 1854 ταύτην,
1425 1787 1487 1838 οὐ
1518 1787 1832 1854 πράγματι·
1865 1788 2042 1853 πράγ-
2077 1834 2113 1886 Β
2144 1787 2332 1846 είπὼν,
2375 1787 2471 1838 καὶ
2513 1785 2594 1837 ὅτι
2649 1785 2822 1845 οὐδεὶς
2865 1781 3005 1836 οἶδεν
3051 1785 3222 1853 ἄλλην
3255 1785 3535 1853 ἐνέργειαν
3574 1788 3702 1850 παρ’

485 1897 613 1948 ματι
641 1879 698 1930 δέ
718 1879 915 1947 μᾶλλον
945 1877 1041 1948 τὴν
1070 1878 1281 1931 ἕνωσιν.
1312 1879 1417 1929 Καὶ
1453 1879 1480 1928 6
1507 1877 1760 1943 ἀριθμὸς,
1790 1877 1909 1927 κατ’
1942 1875 2041 1928 αὑ-

485 1971 609 2027 τοὺς
642 1969 886 2032 τούτους,
920 1967 1020 2032 τὴν
1052 1967 1153 2035 μὲν
1200 1967 1319 2018 κατ’
1367 1966 1614 2017 ἐπίνοιαν
1649 1965 1915 2033 διαφορὰν
1952 1965 2044 2015 καὶ

483 2059 753 2124 διάκρισιν
781 2059 877 2127 τῆς
903 2059 1087 2118 οὐσίας
1120 2073 1176 2109 τε
1223 2057 1316 2108 καὶ
1343 2058 1438 2123 τῆς
1479 2057 1780 2123 ἐνεργείας,
1819 2055 1912 2106 καὶ
1945 2055 2042 2118 τὴν

484 2151 594 2200 τῶν
627 2149 906 2215 ίδιοτήτων
938 2149 1202 2216 φυλακὴν,
1243 2149 1343 2199 κάν
1391 2149 1454 2215 τῇ
1497 2147 1688 2199 ἐνώσει
1741 2145 1997 2213 γνωρίζει
2026 2161 2038 2175 ο

483 2237 749 2305 διαίρεσιν
773 2237 910 2290 δὲτὸ
940 2238 1202 2306 παράπαν
1225 2237 1471 2305 ἡντινοῦν
1498 2239 1598 2289 οὐκ
1623 2237 1851 2302 είσάγει.
1882 2236 2041 2286 Ἐστι

488 2331 586 2399 μὲν
618 2324 728 2393 οὖν,
752 2331 886 2395 ὅπερ
917 2325 1086 2392 εἷπον,
1126 2331 1266 2381 κατὰ
1295 2329 1418 2390 τοὺς
1458 2328 1762 2394 θεολόγους,
1795 2328 1854 2378 τὸ
1885 2329 2039 2394 ἐνερ-

487 2425 712 2491 γητικὸν
743 2424 774 2490 ἡ
800 2422 918 2474 θεία
949 2422 1129 2489 φύσις,
1160 2421 1215 2486 ἐξ
1264 2417 1331 2491 ἦς
1361 2423 1392 2489 ἠ
1423 2420 1685 2488 οὺσιώδης
1719 2421 1811 2472 καὶ
1841 2421 2040 2470 κατά).-

487 2516 646 2582 ληλος
680 2516 928 2583 ἐνέργεια
961 2515 1277 2584 θεοπρεπῶς
1309 2515 1558 2580 πρόεισι·
1593 2515 1652 2566 τὸ
1675 2514 1728 2564 δὲ
1763 2516 1858 2581 τῆς
1884 2531 2041 2578 φυσε-

488 2609 590 2674 κῆς
625 2607 904 2675 ἐνεργείας
946 2608 1293 2674 ἀποτέλεσμα
1332 2607 1560 2671 κτίσμα,
1602 2606 1708 2656 εἴτε
1757 2605 1895 2656 κατὰ
1949 2606 2043 2669 δτι-

491 2699 779 2766 μιουργίαν
830 2699 1004 2762 φημὶ,
1061 2699 1170 2748 εἴτε
1231 2699 1366 2748 κατὰ
1419 2697 1858 2764 θαυματουργίαν
1925 2696 2044 2747 τινὰ

489 2789 716 2852 λέγοιτο.
753 2789 811 2838 Ἡ
839 2789 896 2840 δέ
929 2788 1022 2855 τῆς
1056 2788 1206 2849 θείας
1236 2789 1447 2854 φύσεως
1477 2788 1746 2854 ἐνέργεια,
1781 2788 2042 2855 δραστικὴ

488 2883 581 2934 καὶ
631 2880 892 2946 ούσιώδης
941 2875 1074 2931 οὖσα
1122 2879 1334 2946 κίνησις
1381 2879 1594 2945 ἐκείνης
1650 2881 1736 2929 καὶ
1787 2880 2039 2945 δύναμις,

491 2971 586 3024 καὶ
621 2972 726 3040 πρὸ
788 2971 884 3036 τῆς
938 2971 1184 3038 χρήσεως
1246 2967 1487 3036 δηλονότι
1543 2967 1641 3034 τῆς
1677 2969 1770 3019 ἐπὶ
1800 2966 1932 3034 τῷδε
1971 2967 2047 3031 τῷ

493 3064 800 3131 πράγματι,
834 3061 865 3128 ἢ
894 3061 1105 3128 ἐκείνῳ.
1147 3063 1246 3112 κὰν
1284 3061 1349 3127 τῇ
1395 3061 1609 3126 χρήσει,
1640 3061 1730 3111 καὶ
1770 3059 1907 3124 μετὰ
1952 3058 2046 3124 τὴν

2145 1878 2379 1944 ἐκείνην,
2411 1877 2505 1929 καὶ
2539 1878 2622 1930 ὅτι
2656 1876 2819 1942 μέσον
2871 1876 3094 1942 κτιστῆς
3154 1878 3247 1928 καὶ
3297 1878 3553 1928 ἀκτίστου
3605 1877 3703 1926 οὐκ

2145 1969 2279 2028 ἔστι,
2315 1971 2408 2021 καὶ
2437 1969 2517 2018 ὅτι
2552 1967 2585 2034 ἡ
2612 1965 2750 2018 κατὰ
2786 1964 2945 2032 φύσιν
2978 1962 3110 2018 οὖσα
3144 1967 3204 2016 οὐ
3257 1964 3366 2016 τῶν
3389 1967 3542 2025 ἐκτός
3566 1967 3699 2024 ἐστι,

2146 2062 2237 2111 καὶ
2275 2059 2574 2126 διαιρέσεσι
2599 2060 2692 2111 xal
2728 2059 2990 2126 ὁρισμοῖς,
3023 2058 3116 2109 καὶ
3142 2059 3368 2117 πυκναῖς
3399 2055 3702 2121 άποφάσεσί

2146 2170 2199 2204 τε
2235 2155 2326 2204 καὶ
2369 2152 2708 2218 καταφάσεσι
2763 2152 2855 2200 τὸν
2913 2148 3107 2201 ἐαυτοῦ
3167 2148 3502 2214 πανταχόθεν
3537 2165 3703 2197 κατα-

2148 2244 2550 2310 σφαλισάμενος
2609 2243 2785 2306 λόγον,
2853 2242 3028 2291 ἐκεῖνο
3087 2243 3199 2300 τοῖς
3262 2241 3396 2290 πᾶσι
3460 2239 3702 2304 δέδειχεν

2145 2334 2408 2400 ἐναργῶς,
2438 2333 2518 2384 ὅτι
2550 2329 2674 2382 οὗτε
2701 2331 2861 2397 φύσις
2890 2330 3076 2389 ἁπλῶς
3114 2331 3144 2397 ὴ
3193 2327 3287 2380 τοῦ
3335 2329 3468 2379 Θεοῦ
3502 2328 3705 2396 φυσικὴ

2147 2429 2390 2489 πέφυκεν
2424 2424 2694 2491 ἐνέργεια,
2731 2421 2853 2472 οὕτε
2899 2421 3124 2488 κτίσμα,
3163 2421 3297 2471 ἀλλὰ
3327 2419 3551 2487 δύναμις
3583 2419 3705 2469 θεο-

2147 2517 2379 2583 πρεπὴς,
2413 2516 2508 2566 καὶ
2547 2514 2756 2578 κίνησις
2789 2513 3011 2579 φυσικὴ,
3040 2512 3312 2574 ἄκτιστος,
3341 2512 3532 2574 ἀΐδιος,
3560 2513 3708 2578 ἀόρι-

2149 2625 2291 2668 στος,
2320 2606 2694 2667 ἁναλλοίωτος,
2746 2606 2843 2672 τῆς
2898 2604 3251 2672 πηγαζούσης
3289 2604 3456 2669 αὐτὴν
3491 2603 3706 2670 φύσεως

2149 2699 2472 2766 ἀδιαίρετος,
2510 2697 2721 2765 ἐπινοίᾳ
2761 2696 2894 2764 μόνῃ
2925 2695 3021 2762 τὴν
3049 2694 3183 2761 πρὸς
3216 2694 3311 2761 τὴν
3347 2693 3507 2760 φύσιν
3537 2693 3705 2758 αὐτῆς

2151 2791 2464 2856 κεκτημένη
2499 2787 2780 2855 διαφοράν,
2823 2786 2959 2837 κατὰ
2983 2787 3049 2836 τὰ
3082 2784 3339 2844 πολλάκις
3369 2783 3468 2851 ἤδη
3502 2785 3611 2842 τοῖς
3647 2799 3706 2831 τε

2150 2883 2416 2948 θεολόγοις
2449 2881 2713 2945 Πατράσι,
2745 2879 2835 2930 καὶ
2862 2881 2994 2946 ἡμῖν
3018 2880 3126 2938 τοῖς
3158 2878 3378 2948 ἐκείνων
3410 2877 3706 2943 ἀκροαταῖς

2149 2946 2430 3039 εἰρημένα.
2469 2970 2557 3020 Διὸ
2593 2969 2714 3020 οὐδὲ
2777 2967 2945 3018 πολλὰ
2997 2968 3061 3017 τά
3098 2946 3348 3027 ἄκτιστα,
3381 2968 3472 3016 καὶ
3507 2965 3706 3024 πολλὰς

2149 3062 2245 3120 τὰς
2281 3061 2452 3128 ἀρχὰς
2497 3064 2588 3110 καὶ
2632 3058 2727 3119 τὰς
2759 3059 3157 3125 δημιουργικὰς
3207 3055 3300 3107 καὶ
3342 3059 3704 3125 προνοητικᾶς

493 3155 690 3222 χρῆσιν
738 3151 935 3220 ἡαύτὴ
989 3151 1234 3215 πέφυκεν
1280 3149 1558 3211 ὡσαύτως,
1592 3150 1845 3210 άκτιστος
1886 3147 2040 3212 οὖσα,
2068 3184 2112 3244 C
2152 3153 2311 3218 ῐσμεν
2359 3150 2636 3216 δυνάμεις,
2689 3151 2809 3199 κατ’
2846 3149 3081 3208 ἐκείνους
3124 3148 3264 3215 φημὶ
3309 3149 3430 3207 τοὺς
3472 3147 3707 3213 ψεύστας

493 3247 586 3297 καὶ
622 3244 946 3296 άναλλοίωτο
1004 3244 1096 3294 καὶ
1126 3243 1398 3308 ἀόριστος,
1438 3241 1528 3292 καὶ
1560 3241 1659 3306 τὴν
1701 3240 1898 3307 ἑαυτῆς
1929 3239 2041 3301 ἕξιν
2079 3238 2111 3244 “”
2145 3245 2236 3293 καὶ
2261 3242 2596 3306 συκοφάντας
2625 3241 2718 3305 τῆς
2751 3238 2978 3307 Χριστοῦ
3015 3239 3358 3305 Ἐκκλησίας,
3389 3239 3435 3287 εί
3458 3240 3548 3287 καὶ
3578 3255 3702 3286 παυ-

492 3336 673 3394 οξονεὶ,
704 3335 795 3385 καὶ
827 3335 1085 3400 ποιότητα
1121 3334 1259 3384 κατὰ
1290 3332 1414 3384 τοὺς
1454 3332 1735 3396 θεολόγους
1769 3331 2038 3398 Πατέρας,

492 3424 765 3477 ο“ιδοτιοῦν
821 3424 1076 3474 οὐδέποτε
1139 3423 1487 3490 μετατιθεῖσα
1539 3423 1655 3473 οὐδὲ
1715 3421 2036 3488 ἀμείϐουσα.

494 3519 580 3568 Διδ
611 3519 705 3569 καὶ
726 3518 752 3567 6
789 3518 1040 3583 θεοφόρος
1067 3517 1170 3582 πρὸ
1202 3514 1428 3583 βραχέος
1461 3517 1585 3582 περὶ
1619 3514 1821 3581 ταύτης
1861 3515 2039 3578 ἔλεγεν

506 3610 780 3673 Ἰωάννης,
809 3607 881 3668 ὡς
913 3609 943 3673 ἡ
966 3607 1070 3656 τῶν
1102 3606 1395 3673 θαυμάτων
1422 3606 1644 3673 δύναμις
1672 3607 1766 3672 τῆς
1793 3605 2042 3672 θεότητος

496 3699 658 3752 αὑτοῦ
691 3698 931 3765 ὑπῆρχεν
962 3696 1212 3764 ἐνέργεια
1234 3711 1247 3726 ·
1280 3695 1373 3748 καὶ
1393 3694 1480 3747 διὰ
1500 3694 1655 3746 τοῦτο
1682 3694 1774 3745 καὶ
1796 3694 1891 3762 τὴν
1919 3693 2044 3761 περὶ

497 3789 562 3841 τὰ
611 3789 727 3840 θεῖα
777 3785 1027 3852 θαύματα
1061 3783 1254 3852 χρῆσιν
1293 3783 1459 3850 αὐτῆς
1499 3782 1600 3834 οὐκ
1636 3780 2047 3848 ἀποτελέσματα

497 3881 590 3933 καὶ
624 3877 897 3944 κτίσματά
931 3893 1094 3942 φασιν
1127 3876 1174 3925 οί
1197 3874 1455 3940 θεολόγοι,
1486 3873 1600 3924 ἀλλ’
1631 3871 1800 3938 αὐτὴν
1833 3872 2049 3937 ἐκείνην

497 3973 592 4042 τὴν
622 3969 854 4038 οὑσιὼδη
913 3968 1000 4018 καὶ
1048 3967 1287 4034 ἔμφυτον
1318 3965 1410 4016 τοῦ
1440 3964 1576 4017 Θεοῦ
1627 3964 1877 4032 δύναμιν,
1929 3961 2053 4015 κατ’

499 4062 668 4131 αὐτὴν
708 4060 808 4128 τὴν
856 4061 1073 4126 χρῆσιν,
1131 4058 1205 4117 ὡς
1259 4055 1415 4124 ἔφην,
1449 4055 1562 4109 τκαὶ
1599 4054 1659 4106 τὸ
1715 4052 2053 4121 ἐνεργεῖσθαι

499 4148 648 4219 παρὰ
686 4148 782 4216 τῆς
834 4149 892 4200 ἐν
944 4141 976 4218 ᾖ
1009 4145 1292 4213 θεωρεῖται
1330 4143 1543 4212 φύσεως
1595 4144 1946 4211 φαινομένην,
1985 4137 2053 4211 ἦς

498 4240 697 4311 δηλαδὴ
731 4241 798 4294 τὰ
830 4238 1266 4301 ἀποτελέσματα.
1301 4236 1363 4290 Et
1395 4239 1458 4289 ἐκ
1489 4236 1596 4288 τῶν
1624 4235 1941 4304 θαυμάτων,
1959 4235 2054 4286 καὶ

499 4332 603 4399 γάρ
662 4345 829 4398 φησιν
861 4329 888 4381 6
918 4326 1076 4388 αὐτὸς
1102 4325 1348 4392 θεολόγος
1381 4325 1720 4388 διδάσκαλος,
1752 4325 1847 4392 τῆς
1885 4324 2052 4392 αὐτῆς

499 4423 682 4484 οὐσίας
714 4423 843 4473 ὅντα
898 4419 974 4486 τῷ
1035 4419 1209 4487 Πατρὶ
1273 4417 1363 4470 τὸν
1418 4417 1649 4486 Χριστὸν
1710 4418 2050 4485 ἐγνώκαμεν,

2147 3351 2236 3386 του
2247 3335 2370 3398 ργὸν
2392 3332 2482 3381 καὶ
2500 3329 2900 3395 παντοδύναμον
2917 3330 2961 3380 οξ
2985 3327 3216 3394 θεολόγοι
3244 3329 3334 3396 τὴν
3350 3328 3438 3380 τοῦ
3457 3328 3596 3379 Θετΰ
3613 3345 3709 3393 ςυ-

2153 3425 2309 3490 σικὴν
2333 3436 2495 3487 φασιν
2518 3420 2790 3486 ἐνέργειαν
2809 3420 2899 3469 καὶ
2921 3421 3018 3485 τὴν
3040 3419 3319 3486 πρόνοιανθ
3344 3418 3455 3469 ἀλλ’
3480 3415 3557 3479 εἷς
3581 3422 3708 3487 ἡμῖν

2151 3515 2178 3563 ὁ
2197 3513 2282 3564 διὰ
2305 3511 2504 3562 τούτων
2537 3510 2630 3561 καὶ
2660 3513 2716 3561 ἐν
2742 3510 2948 3569 τούτοις
2985 3509 3416 3576 πρεσϐευόμενος
3457 3510 3588 3572 Θεὸς
3618 3515 3706 3561 καὶ

2153 3602 2482 3670 δημιουργὸς
2523 3601 2613 3651 καλ⁸
2655 3599 2882 3666 ποιητὴς
2930 3600 3147 3650 πάντων
3174 3601 3263 3650 καὶ
3286 3601 3579 3665 Δεσπότης,
3609 3593 3705 3660 εἷς,

2153 3696 2602 3764 τρισυπὸστατος,
2637 3693 2876 3760 ἐνεργὸς,
2929 3692 3234 3760 θελητικὸς,
3283 3692 3701 3760 παντοδύναμος.

2151 3790 2258 3843 Καὶ
2299 3787 2484 3854 ὥσπερ
2515 3786 2604 3836 ἐπὶ
2650 3786 2756 3836 τῶν
2805 3784 3171 3852 λαλουμένων,
3222 3785 3315 3837 καὶ
3361 3784 3455 3836 τὸν
3488 3786 3710 3850 λέγοντα

2150 3880 2396 3946 λέγοντες
2427 3877 2629 3938 λαλεῖν,
2681 3877 2772 3927 καὶ
2800 3876 2896 3944 τὴν
2939 3874 3187 3942 γλῶτταν
3237 3875 3463 3936 ἐκείνου,
3511 3877 3605 3928 καὶ
3649 3876 3709 3939 δί,

2153 3973 2246 4024 καὶ
2274 3971 2363 4022 τὸν
2397 3970 2552 4035 λόγον
2585 3967 2868 4032 ὡσαύτως,
2902 3969 2962 4019 ού
2994 3966 3223 4028 πολλοὺς
3261 3967 3346 4018 διὰ
3385 3966 3558 4019 ταῦτά
3607 3983 3702 4032 φα-

2157 4082 2256 4133 μεν
2283 4064 2409 4124 τοὺς
2445 4062 2510 4113 τά
2542 4061 2846 4128 λαλούμενα
2878 4060 3157 4126 λέγοντας,
3207 4059 3322 4111 ἀλλ’
3363 4058 3455 4109 ἕνα
3494 4059 3584 4109 τὸν
3619 4057 3706 4108 λέ-

2154 4174 2338 4224 γοντα,
2378 4157 2559 4222 ἐπειδή
2591 4171 2652 4222 γε
2684 4156 2776 4206 καὶ
2803 4156 2834 4222 ὴ
2868 4152 3080 4219 γλῶττα
3109 4155 3199 4204 καὶ
3230 4153 3258 4204 6
3285 4151 3437 4218 λόγος
3469 4151 3711 4219 φυσικῶς

2158 4247 2319 4298 αὑτοῦ
2350 4247 2563 4305 τούτου,
2599 4246 2691 4297 καὶ
2731 4239 2811 4305 εἷς
2861 4245 3007 4294 ἐστιν
3040 4247 3066 4294 6
3100 4242 3167 4294 δι’
3211 4241 3389 4293 αὐτῶν
3432 4242 3499 4292 τὰ
3527 4242 3704 4292 λαλού

2161 4353 2294 4406 μενα
2326 4337 2525 4403 λέγων,
2577 4335 2678 4387 κᾶν
2727 4336 2775 4386 εί
2829 4335 2924 4385 καὶ
2981 4334 3163 4386 ἐκεῖνα
3217 4334 3456 4400 φαίημεν
3512 4333 3711 4399 λέγειν,

2164 4427 2413 4494 καθάπερ
2451 4427 2689 4494 εἴρηται,
2721 4425 2819 4493 τὴν
2869 4423 2988 4492 μὲν,
3029 4422 3104 4485 ὡς
3137 4423 3368 4491 δργανον
3409 4425 3545 4489 πρὸς
3591 4426 3713 4484 τοὶις

501 4513 750 4579 θέρμια
809 4509 865 4563 δδ
911 4510 1047 4562 θεοῖ)
1081 4510 1336 4576 τυγχάνει
1386 4507 1454 4562 τὰ
1501 4507 1774 4577 θαύματαο
1821 4508 1928 4578 ἄ9³
1962 4509 2056 4562 καὶ
2089 4521 2128 4574 D
2157 4519 2345 4584 λόγους
2375 4517 2452 4585 τῷ
2476 4516 2708 4580 λέγοντι,
2742 4515 2830 4566 τὸν
2861 4516 2916 4566 δὲ
2949 4515 3105 4580 λόγον
3135 4509 3224 4574 αὖ,
3260 4512 3332 4575 ὡς
3364 4512 3592 4581 δύναμιν
3620 4514 3714 4564 τοῦ

503 4606 643 4675 μετὰ
663 4605 938 4670 σάρκωσιν
966 4602 1066 4671 τῆς
1101 4601 1271 4669 αὐτῆς
1319 4600 1465 4652 ἐστιν
1504 4601 1788 4670 ἐνεργείας
1834 4601 1909 4671 τῷ
1949 4602 2058 4655 Πα..

503 4699 614 4770 τρί.
647 4698 753 4750 Kal
786 4696 944 4749 πάλιν
980 4694 1006 4745 δ
1044 4694 1205 4756 αὑτός
1227 4709 1265 4736 ·-
1292 4693 1352 4744 Εί
1388 4693 1537 4746 πάσα
1569 4693 1818 4762 ἐνέργεια
1848 4691 2057 4760 φύσεώς

502 4805 644 4848 τινος
684 4786 946 4855 ούσιώδης
974 4786 1213 4855 ὁρίζεται
1247 4784 1482 4853 κίνησις,
1516 4784 1590 4845 ὡς
1636 4785 1686 4834 οί
1723 4785 1852 4848 περὶ
1885 4786 2058 4837 ταῦτα

503 4877 664 4932 δεινοὶ
700 4876 1025 4944 διειλήφασι,
1060 4873 1160 4926 ποῦ
1212 4873 1368 4940 φύσιν
1417 4889 1501 4935 τις
1541 4869 1680 4925 οἶδεν
1717 4875 1991 4941 ἀκίνητον,
2023 4873 2055 4941 ἢ

505 4968 780 5029 παντελῶς
835 4967 1216 5034 ἀνενέργητον,
1270 4965 1301 5033 ἢ
1360 4965 1662 5033 ἐνέργειαν,
1715 4967 1787 5036 μὴ
1822 4967 2057 5035 φυσικῆς

506 5062 783 5129 δυνάμεως
822 5059 1171 5124 ὑπάρχουσαν
1226 5057 1476 5124 κίνησιν;
1533 5058 1675 5110 Μίαν
1722 5058 1777 5110 δέ
1826 5058 2058 5126 φυσικὴν

505 5153 604 5222 τὴν
658 5151 938 5218 ἐνέργειαν
995 5146 1130 5199 Θεοῦ
1176 5146 1268 5197 καὶ
1314 5147 1614 5216 ποιήματος
1641 5149 1738 5200 ούκ
1773 5151 1836 5201 ἄν
1871 5166 1950 5210 τις
2001 5146 2056 5201 εὖ

509 5243 723 5311 φρονῶν
763 5241 873 5309 δοίη
934 5240 1075 5291 κατὰ
1124 5240 1213 5291 τὸν
1273 5241 1542 5307 μακάριον
1607 5239 1893 5305 Κύριλλον.
1953 5241 2060 5293 Kal

512 5336 704 5388 πάλιν·
740 5334 800 5384 Εἰ
830 5333 923 5399 μία
963 5329 1054 5383 τοῦ
1086 5331 1357 5383 Δεσπότου
1385 5329 1616 5400 Χριστοῦ
1650 5333 1680 5398 ἡ
1721 5332 1993 5399 ἐνέργεια,
2026 5334 2058 5403 ἦ

512 5424 706 5492 κτιστὴ
737 5424 907 5487 ἔσται,
932 5423 1252 5491 ἢάκτιστος·
1280 5423 1344 5491 μέ
1355 5439 1443 5483 σον
1460 5424 1566 5490 γὰρ
1585 5424 1785 5476 τούτων
1798 5426 1896 5476 οὐκ
1915 5424 2060 5475 ἐστιν

513 5519 760 5584 ἐνέργεια
805 5517 991 5584 ὥσπερ
1019 5515 1136 5566 ούδέ
1165 5516 1345 5580 φύσις.
1375 5515 1432 5566 El
1474 5514 1564 5567 οῦν
1593 5518 1800 5579 κτιστὴ,
1840 5518 2061 5585 κτιστὴν

517 5611 681 5678 μόνην
719 5608 947 5674 δηῖώσει
977 5606 1135 5674 φύσιν
1156 5622 1168 5636 '
1202 5609 1249 5658 εί
1282 5607 1336 5658 δὲ
1367 5609 1641 5669 άκτιστος,
1673 5609 1923 5661 άκτιστον
1962 5612 2057 5677 μό-

512 5719 605 5764 νην
637 5701 1027 5767 χαρακτηρίσει
1061 5699 1267 5752 οὐσίαν.
1323 5701 1428 5751 Kal
1481 5703 1594 5767 μετ’
1639 5701 1849 5766 ὀλίγον·
1910 5700 1970 5754 Ἦ
2006 5702 2061 5754 δὲ

521 5792 660 5844 κατὰ
710 5792 870 5860 φύσιν
919 5791 1162 5860 ἐνέργεια
1213 5791 1274 5844 ού
1327 5791 1434 5843 τῶν
1466 5790 1619 5852 ἐκτὸς
1665 5791 1918 5858 ὑπάρχει.
1955 5792 2062 5846 Καὶ

2157 4612 2405 4676 λέγοντος
2457 4607 2711 4676 φυσικὴν,
2743 4605 3137 4673 ἐξαγγελτικὴν
3168 4604 3273 4654 τῶν
3301 4605 3610 4671 νοημάτων,
3641 4603 3715 4662 ὡς

2157 4703 2212 4755 δέ
2239 4703 2330 4754 καὶ
2363 4699 2639 4767 ὀφθαλμὸν
2666 4699 2759 4750 καὶ
2795 4699 3056 4759 διάνοιαν,
3091 4696 3182 4748 τὸν
3215 4697 3312 4764 μέν
3350 4698 3502 4765 ὁρᾷν,
3532 4696 3630 4763 τὴν
3660 4695 3714 4745 δὲ

2157 4797 2296 4846 νοεῖν
2353 4792 2400 4842 εἰ
2450 4791 2724 4858 λέγοιμεν,
2775 4787 2898 4840 οὗτε
2956 4788 3048 4838 τὸν
3084 4786 3208 4838 νοῦν
3255 4785 3633 4852 ἀφαιρούμεθα
3658 4785 3714 4834 τ).

2158 4887 2317 4942 νοεῖν,
2369 4881 2492 4934 οὔτε
2546 4881 2606 4932 τὸ
2642 4882 2774 4949 ὁρᾷν
2822 4880 2911 4930 τὸν
2949 4879 3182 4946 δρῶντα,
3216 4877 3331 4928 ἀλλ’
3373 4877 3479 4927 οὐδ’
3527 4875 3592 4926 αῦ
3626 4878 3653 4926 ὅ
3682 4893 3705 4924 2

2157 4975 2327 5027 ταῦτα
2361 4973 2452 5025 δύο
2493 4974 2616 5033 τοὺς
2644 4971 2882 5040 ὁρῶντάς
2913 4987 2970 5020 τε
3009 4973 3103 5022 καὶ
3149 4970 3273 5028 τοὺς
3322 4967 3574 5023 νοοῦντάς
3611 4983 3683 5030 φα

2163 5083 2282 5134 μεν,
2313 5065 2426 5116 ἀλλ’
2455 5060 2533 5125 εἷς
2561 5065 2708 5115 ἐστιν
2741 5062 2767 5112 ὃ
2797 5078 2854 5112 τε
2882 5060 3020 5126 ὁρῶν
3043 5060 3129 5111 διὰ
3160 5059 3267 5109 τῶν
3289 5056 3598 5123 ὀφθαλμῶν,
3625 5072 3690 5105 κα

2158 5162 2184 5211 ὁ
2213 5159 2297 5212 διὰ
2329 5158 2425 5224 τῆς
2454 5155 2659 5215 οίκείας
2691 5153 2928 5213 διανοίας
2962 5151 3096 5203 νοῶν
3120 5149 3261 5210 νοῦς,
3306 5148 3440 5200 κάπὶ
3478 5147 3584 5197 τῶν
3619 5145 3710 5197 άλ-

2160 5250 2263 5300 λων
2309 5244 2678 5314 αἰσθητηρίων
2709 5257 2766 5294 τε
2801 5241 3030 5294 καὶτῶν
3080 5240 3384 5305 αἰσθήσεων
3432 5233 3711 5294 ὡσαύτως,

2160 5338 2300 5389 οὕτω
2328 5338 2418 5386 καὶ
2451 5334 2539 5384 τὸν
2560 5336 2690 5384 Θεὺν
2712 5333 2961 5397 λέγοντες
2991 5331 3231 5397 ἐνεργεῖν
3256 5344 3312 5377 τε
3336 5327 3427 5376 καὶ
3457 5325 3712 5391 δημιουρ-

2161 5432 2275 5489 γεῖν
2307 5429 2396 5479 καὶ
2437 5424 2701 5477 κινεῖσθαι
2761 5422 3099 5490 θεοπρεπῶς,
3159 5421 3247 5470 καὶ
3302 5417 3550 5486 προνοεῖν
3607 5415 3713 5463 τῶν

2167 5522 2332 5582 ίδέων,
2369 5519 2614 5585 λέγοντες
2646 5517 2687 5567 δ’
2723 5514 2982 5574 ὡσαύτως
3026 5513 3119 5562 καὶ
3157 5511 3254 5576 τὴν
3286 5506 3519 5575 φυσικὴν
3546 5501 3711 5556 αὐτοῦ

2163 5609 2390 5677 δύναμιν
2449 5609 2543 5658 καὶ
2595 5607 2691 5674 τὴν
2755 5605 3031 5671 ἐνέργειαν
3085 5604 3225 5652 κατὰ
3259 5599 3382 5658 τοὺς
3430 5595 3711 5660 θεολόγους

2165 5699 2347 5749 ἐκεῖνα
2389 5698 2582 5758 ποιεῖν,
2629 5695 2690 5749 οὐ
2720 5693 2811 5745 δύο
2840 5693 2925 5745 διὰ
2959 5691 3114 5743 τοῦτό
3149 5705 3328 5757 φαμεν
3376 5687 3499 5744 τοὺς
3553 5686 3706 5749 ἐνερο

2165 5789 2412 5854 γοῦντας,
2463 5787 2554 5839 καὶ
2586 5785 2884 5848 κτίζοντας,
2920 5784 3009 5834 καὶ
3054 5781 3428 5849 προνοοῦντας.
3470 5776 3582 5831 ἀλλ’
3614 5777 3705 5828 ἕνα
