4488 6444
836 383 962 449 1011

1880 389 1979 449 ΡΗ
1992 391 2013 450 I
2028 386 2306 449 LOTHEI
2349 390 2456 452 (ΣΡ.
2498 388 2774 448 PATRIA
2788 384 3007 446 RCILE

3941 372 4078 437 1012

830 504 944 546 σθεο
983 492 1099 546 ἀλλ’
1133 493 1295 561 ἡμεῖς
1322 509 1384 560 γε
1410 493 1470 545 οὐ
1505 492 1705 559 λέξεων
1731 492 1922 547 ἕνεκεν
1964 495 2200 549 ἐνταῦθα
2244 510 2399 547 συντ·
2428 510 2469 565 Α
2500 494 2757 556 πολλάκις
2783 532 2798 555 ,
2819 493 3030 544 δίκαιον
3061 487 3125 541 ἂν
3159 488 3245 559 εῖη
3267 488 3356 540 τὸν
3406 488 3717 557 Γρηγορᾶν,
3742 485 3907 538 αὐτὸν
3938 486 4082 538 ἐκεῖ·

828 584 1029 650 ληλύθα
1042 602 1142 652 μεν
1167 602 1180 616 ο
1208 586 1328 637 οὐδὲ
1366 586 1470 653 γὰρ
1514 587 1644 654 1:591
1675 585 1786 638 τῶν
1810 586 2094 655 ὀνομάτων
2133 587 2277 639 κατὰ
2306 587 2400 639 τὸν

828 676 1094 744 Θεολόγον
1144 676 1627 745 ζυγομαχήσομεν,
1680 677 1922 729 κίνδυνον
1959 677 2152 730 οὐδένα
2199 677 2401 739 είδότες

833 770 963 838 1:591
996 770 1092 829 τὰς
1132 768 1327 833 λέξεις,
1360 769 1465 830 ἕως
1496 770 1562 822 ἂν
1584 773 1611 821 0
1634 769 1759 833 νοῦς
1794 770 2061 837 ὑγιαίνειν
2086 771 2241 839 δοκῇ.
2279 769 2403 822 Ἐπὶ

828 860 1041 923 τούτοις
1075 861 1102 913 0
1140 859 1566 930 Θεσσαλονίκης,
1594 860 1810 925 Λέξεων
1835 862 2015 928 ὀλίγος
2056 864 2179 930 ἐμοὶ
2220 862 2401 929 λόγος,

827 950 934 1019 ἔφη
962 967 976 982 ο
1014 950 1074 1002 οὐ
1107 952 1217 1021 γὰρ
1256 953 1313 1003 ἐν
1349 951 1593 1021 ῥήμασιν
1624 951 1783 1020 ἡμῖν,
1830 952 1949 1003 ἀλλ’
1981 954 2040 1004 ἐν
2076 952 2403 1022 πράγμασιν

827 1042 859 1105 ή
895 1037 1170 1118 εὐσέϐεια,
1205 1040 1345 1091 κατὰ
1395 1040 1486 1091 τὸν
1510 1039 1774 1108 Θεολόγον
1825 1041 2153 1111 Γρηγόριον.
2185 1042 2322 1113 Περὶ
2348 1041 2405 1093 δέ

826 1129 1115 1197 δογμάτων
1148 1130 1243 1183 καὶ
1267 1132 1611 1199 πραγμάτων
1640 1132 1729 1185 τὸν
1752 1133 1940 1200 ἀγῶνα
1965 1133 2228 1204 ποιοῦμαι
2258 1150 2270 1164 ·
2303 1136 2405 1189 κάν

828 1239 912 1283 τις
941 1223 1033 1275 ἐπὶ
1068 1224 1176 1276 τῶν
1219 1226 1562 1293 πραγμάτων
1593 1230 1874 1297 όμοφωνῇ,
1923 1231 2060 1297 πρὸς
2095 1230 2196 1291 τάς
2230 1227 2405 1293 λέξεις

831 1315 892 1365 οὐ
923 1314 1276 1385 διαφέρομαι.
1305 1317 1448 1387 Πρὸς
1473 1318 1529 1370 δέ
1565 1318 1664 1390 τὴν
1697 1322 1849 1390 παρὰ
1882 1320 1989 1372 τῶν
2012 1319 2406 1387 ἀντιλεγόντων

832 1409 1258 1475 προφερομένην
1315 1412 1652 1478 κατηγορίαν
1705 1413 1885 1465 ἐκεῖνο
1948 1412 2129 1478 λέγω·
2167 1411 2271 1462 Δύο
2307 1409 2408 1478 μὲν

831 1498 945 1563 ἐγὼ
970 1499 1253 1566 θεότητηας,
1282 1502 1313 1567 ἢ
1340 1502 1535 1563 πολλὰς
1566 1503 1662 1555 καὶ
1685 1503 1977 1573 διαφόρους
2001 1503 2093 1555 ἐπὶ
2119 1503 2216 1570 τῆς
2242 1502 2408 1569 ἁγίας

832 1588 1086 1659 Τριάδος,
1116 1592 1212 1641 καὶ
1242 1591 1412 1659 ἄλλην
1447 1593 1547 1661 μὲν
1583 1587 1725 1645 εἶναι
1756 1593 1849 1645 τοῦ
1894 1592 2132 1661 Πατρδς,
2162 1591 2330 1661 ἄλλην
2352 1591 2408 1643 δὲ

832 1683 925 1735 τοῦ
959 1682 1111 1745 Υίοῦ,
1145 1683 1314 1752 ἄλλην
1349 1684 1404 1736 δέ
1436 1684 1531 1737 τοῦ
1566 1685 1908 1752 Πνεύματος,
1943 1685 2068 1737 06:5
2102 1684 2406 1755 ἐφρόνησα,

832 1770 957 1823 06:5
988 1774 1193 1841 φρονῶ,
1224 1773 1349 1825 06:5
1383 1774 1493 1844 μὴν
1538 1776 1795 1845 φρονήσω
1826 1778 1893 1844 τῇ
1931 1774 2117 1845 χάριτι
2149 1773 2242 1827 τοῦ
2274 1775 2409 1843 X9:-

2506 603 2592 637 vov
2651 584 2922 653 παριόντα
2966 582 3041 650 τῷ
3110 581 3250 649 λόγῳ
3299 578 3592 640 δεικνύναι,
3651 577 3785 644 πρὸς
3827 576 3980 639 τίνας
4029 578 4079 630 οι

2507 679 2638 745 1:591
2670 676 2974 746 μοναρχίας
3000 689 3059 729 τι
3130 676 3224 727 καὶ
3270 672 3566 733 πολυθεῖας
3603 672 3753 736 αὐτῷ
3784 670 3954 737 λόγοι,
3987 670 4081 721 καὶ

2506 770 2540 837 ή
2578 767 2766 836 μακρὰ
2800 764 3130 835 σκιαμαχία,
3188 763 3282 817 καὶ
3304 766 3333 815 0
3368 762 3685 833 τερατώδης
3716 763 3811 813 καὶ
3856 777 4081 829 φασμα-

2506 858 2682 925 τώδης
2715 859 2924 919 ἐκεῖνος
2958 857 3216 925 πόλεμος.
3251 856 3387 908 Οὐδέ
3422 856 3531 924 γὰρ
3567 855 3703 922 πρὸς
3754 854 3881 913 τοῦς
3910 851 3977 903 τὰ
4006 852 4083 902 εί-

2508 950 2722 1020 ρημίνα
2754 949 3089 1019 φρονοῦντας
3120 965 3182 1001 τε
3232 949 3328 1000 καὶ
3362 952 3761 1016 κηρύττοντας,
3798 943 3914 1005 πῶς
3936 944 4079 1009 γάρ;

2506 1045 2555 1094 εί
2592 1042 2665 1113 μή
2698 1059 2799 1094 που
2854 1042 2949 1094 καὶ
2980 1041 3047 1093 τὰ
3078 1040 3158 1092 01:
3191 1040 3286 1093 δύο
3337 1040 3499 1092 πέντε
3534 1054 3619 1100 τις
3668 1038 3841 1104 λέγοι,
3894 1036 3989 1087 καὶ
4018 1036 4085 1085 τὰ

2507 1135 2583 1196 δὶς
2618 1134 2758 1187 ἐπτά
2783 1133 2937 1198 δέκα,
2968 1133 3060 1185 καὶ
3092 1132 3153 1185 :0
3176 1132 3315 1196 ζῶον
3344 1131 3587 1199 λογικὸν,
3618 1130 3835 1196 θνητὸν,
3861 1129 3955 1180 νοῦ
3993 1126 4087 1178 καὶ

2510 1228 2822 1295 ἐπιστήμης
2852 1224 3104 1278 δεκτικὸν
3135 1225 3284 1277 λίθον
3322 1225 3608 1294 ἄντικρυς.
3641 1220 3828 1275 Ταῦτα
3859 1221 3953 1272 καὶ
3981 1218 4088 1286 γάρ

2511 1319 2604 1372 καὶ
2633 1318 2701 1370 τὰ
2733 1318 3041 1388 προσόμοια
3075 1318 3286 1379 τούτοις
3329 1315 3662 1385 μεθυόντων,
3710 1314 3771 1366 οὐ
3808 1312 4089 1381 νηφόντων

2511 1411 2578 1463 ἂν
2616 1409 2724 1478 εἴη,
2759 1408 2963 1475 μᾶλλον
3008 1410 3063 1461 δὲ
3103 1409 3201 1462 καὶ
3246 1409 3624 1474 ἐξεστηκότων
3657 1404 3817 1457 τινῶν
3857 1403 3951 1455 καὶ
3981 1418 4089 1452 πα-

2512 1500 2952 1569 ραφρονούντων.
2999 1498 3144 1552 Ἀλλ’
3186 1500 3267 1551 ετι
3306 1497 3406 1566 μὲν
3437 1496 3497 1549 οὐ
3535 1495 3673 1563 πρὸς
3706 1494 3853 1562 ἡμᾶς
3885 1490 4088 1549 ἐκεῖνα,

2512 1593 2673 1661 δῆλον
2715 1590 2944 1645 αὐτόθεν
2971 1592 3136 1644 παντὶ
3165 1588 3243 1657 τῷ
3276 1587 3352 1656 μὴ
3384 1587 3475 1640 τὸν
3508 1586 3818 1655 ἐγκέφαλον
3852 1582 4091 1652 βεϐλαμ-

2515 1688 2682 1755 μένῳ.
2715 1687 2775 1739 Εί
2800 1684 2845 1737 δ’
2870 1686 2951 1738 ὅτι
2973 1684 3033 1736 :0
3059 1682 3157 1755 τῆς
3188 1682 3440 1749 θεότητος
3458 1681 3629 1747 ὄνομα,
3649 1679 3710 1730 οὐ
3736 1680 3797 1745 τῇ
3822 1671 4091 1744 φύσειτοῦ

2514 1777 2649 1831 Θεοῦ
2689 1777 2873 1845 μόνον,
2917 1776 3055 1829 ἀλλά
3107 1776 3206 1828 καὶ
3231 1777 3299 1842 τῇ
3334 1772 3538 1841 ταύτης
3586 1770 3842 1840 ἐνεργείᾳ
3893 1767 4095 1837 μᾶλλον

836 1865 964 1917 στοῦ
989 1883 1002 1895 ·
1030 1865 1167 1917 ἀλλά
1196 1868 1290 1918 καὶ
1318 1867 1445 1928 τοὺς
1469 1866 1611 1918 οὕτω
1641 1867 1977 1935 φρονοῦντας
2006 1864 2409 1919 καθυποδάλλω
2441 1876 2483 1930 Β
2512 1870 2815 1939 προσήκειν
2845 1870 3097 1936 εἴπομεν,
3131 1868 3246 1922 τοῖς
3281 1867 3447 1935 ίεροῖς
3484 1864 3744 1931 ἐπόμενοι
3796 1861 4093 1926 θεολόγοις,

832 1955 913 2024 τῷ
966 1955 1289 2026 άναθέματι.
1334 1956 1473 2007 Ἀλλ’
1524 1958 1643 2009 ούδέ
1700 1957 1829 2012 ἄλλο
1877 1959 1930 2008 τί
1981 1975 2124 2027 φημι
2181 1956 2410 2024 θεότητα

837 2048 994 2109 ἐκτὸς
1046 2048 1148 2116 τῆς
1197 2048 1636 2115 τρισυποστάτου
1703 2048 1981 2119 θεότητος,
2039 2047 2165 2100 οὔτε
2222 2046 2411 2099 οὐσίαν

838 2136 1016 2201 θείαν,
1047 2136 1423 2207 ῆάγγελικὴν,
1453 2136 1578 2191 06:5
1612 2139 1913 2192 ὑπόστασιν
1946 2139 2087 2191 κατά
2115 2141 2205 2191 τὸν
2238 2138 2412 2207 μέγαν

837 2226 1112 2279 Διονύσιον
1138 2241 1152 2257 ⁸
1191 2226 1305 2279 ἀλλ’
1332 2227 1614 2296 ἐνεργείας
1649 2228 1821 2293 θείας,
1854 2228 1947 2279 καὶ
1970 2226 2236 2297 προόδους
2258 2225 2413 2285 τινὰς

838 2322 999 2387 φύσει
1035 2321 1347 2399 προσούσας
1384 2320 1442 2387 ἐξ
1479 2322 1655 2374 άῖδίου
1687 2322 1765 2390 τῷ
1795 2320 1941 2390 Θεῷ,
1970 2321 2046 2389 τῷ
2091 2320 2189 2388 τῆς
2222 2320 2413 2387 θεότη-

836 2430 927 2476 τος
955 2413 1180 2481 ὀνόματι
1210 2416 1636 2483 προσηγόρευσα
1659 2416 1771 2478 τοῖς
1800 2414 1977 2482 ἁγίοις
2003 2414 2252 2483 οἰόμενος
2281 2411 2417 2482 σύμ-

838 2523 993 2575 φωνα
1022 2506 1223 2573 λέγειν.
1262 2507 1404 2559 Ἀλλ’
1437 2508 1559 2559 οὐδὲ
1588 2507 1768 2561 ταῦτα
1802 2502 1955 2559 εἷπον
1986 2505 2071 2573 ἂν,
2095 2506 2143 2558 εί
2169 2505 2243 2574 μὴ
2276 2504 2416 2573 πρὸς

839 2600 1088 2667 ἀνάγκην
1121 2595 1286 2670 ἦλθον
1338 2599 1489 2669 παρὰ
1535 2600 1629 2651 τοῦ
1678 2598 2076 2666 ἀντιλέγοντος,
2131 2598 2226 2650 καὶ
2274 2594 2419 2648 κατὰ

839 2693 1339 2760 ἀντιπαράστασιν,
1383 2693 1477 2743 καὶ
1531 2692 1667 2761 πρὸς
1721 2694 1932 2745 ἐκεῖνον
1992 2691 2415 2760 ἀγωνιζόμενος,

842 2784 1014 2853 μόνην
1065 2784 1323 2839 άκτιστον
1384 2783 1617 2853 λέγοντα
1670 2784 1903 2853 θεότητα
1961 2784 2060 2854 τὴν
2102 2784 2291 2835 οὐσίαν
2322 2783 2417 2834 τοῦ

838 2877 997 2941 Θεοῦ,
1041 2880 1220 2930 πᾶσαν
1265 2877 1321 2929 δὲ
1361 2878 1592 2946 δύναμιν
1654 2879 1749 2931 καὶ
1800 2877 2088 2946 ἐνέργειαν
2137 2876 2288 2928 θείαν
2317 2874 2419 2942 τῆς

841 2969 1027 3031 οὐσίας
1051 2968 1419 3037 διαφέρουσαν
1438 2968 1517 3030 είς
1548 2967 1759 3037 κτίσμα
1785 2965 2177 3020 κατασπῶντα.
2206 2963 2418 3023 Ἀλλως

841 3076 901 3113 τε
941 3063 1035 3112 καὶ
1057 3056 1203 3112 τοῦτ’
1236 3054 1411 3125 εἶπον,
1439 3059 1499 3110 οὐ
1524 3058 1723 3119 πολλάς
1753 3057 2000 3110 ἐντεῦθεν
2041 3055 2286 3121 συνάγων
2306 3052 2422 3105 θεό-

840 3169 1035 3223 τητας,
1069 3152 1145 3215 ὡς
1178 3152 1331 3204 αὐτοὶ
1385 3150 1839 3220 καταψεύδονται.
1875 3149 1977 3202 Καὶ
2009 3148 2169 3217 δῇλον
2205 3148 2269 3199 ἐκ
2310 3144 2419 3196 τῶν

838 3244 995 3313 ἐμῶν
1025 3243 1478 3313 συγγραμμάτων
1508 3242 1616 3295 τῶν
1644 3259 1704 3295 τε
1735 3242 1930 3307 ἄλλων,
1968 3242 2061 3292 καὶ
2086 3240 2183 3309 τῆς
2216 3238 2415 3307 δμολο-
2444 3226 2489 3283 C

843 3338 991 3405 γίας.
1046 3336 1134 3388 Ἐν
1182 3337 1316 3388 πᾶσι
1370 3336 1481 3405 γάρ
1514 3334 1659 3387 οὕτω
1712 3334 1872 3387 τοῦτο
1924 3333 2228 3402 προάγεται
2288 3332 2418 3399 παρ’

841 3429 1003 3499 ἐμοῦ,
1031 3430 1107 3491 ὠς
1146 3429 1250 3480 ὑπὸ
1280 3428 1388 3480 τῶν
1418 3427 1815 3495 ἀντιλεγόντων
1845 3429 1943 3495 μὲν
1973 3425 2291 3493 λεγόμενον,
2324 3423 2419 3475 ὑπ’

843 3523 979 3591 ἐμοῦ
1009 3522 1066 3575 δὲ
1101 3523 1177 3591 μὴ
1226 3522 1617 3591 στεργόμενον.
1658 3520 1808 3574 Μίαν
1862 3519 1971 3587 γὰρ
2025 3517 2145 3570 οἶδα
2188 3516 2420 3584 θεότητα

844 3616 944 3684 τὴν
997 3616 1168 3683 αὐτὴν
1216 3615 1673 3684 τρισυπόστατον,
1710 3612 1804 3665 καὶ
1859 3610 2270 3679 παντοδύναμον
2326 3607 2422 3661 καὶ

845 3710 1064 3778 ἐνεργῆ.
1102 3707 1250 3777 Πλὴν
1294 3705 1418 3759 οὐτε
1452 3706 1583 3776 1:591
1612 3706 1723 3757 τῶν
1764 3703 1965 3769 λέξεων
1994 3702 2117 3755 τότε
2146 3703 2173 3754 0
2219 3699 2422 3761 σκοπὸς

844 3804 992 3870 ἐμοὶ,
1020 3800 1137 3853 ἀλλ’
1172 3803 1317 3863 ἇπας
1345 3803 1372 3853 0
1402 3798 1551 3867 ἀγὼν
1598 3799 1728 3866 1:591
1755 3798 1863 3851 τῶν
1895 3795 2263 3866 πραγμάτων,
2298 3792 2423 3846 οὔτε

845 3895 940 3948 νῦν
971 3898 1098 3963 περὶ
1129 3896 1413 3963 ὀνομάτων
1454 3892 1548 3945 κα)⁸
1578 3890 1860 3943 συλλαϐῶν
1900 3889 2255 3957 διαφέρομαι,
2285 3884 2424 3938 ἀλλὰ

844 3986 954 4041 τῶν
986 3986 1331 4055 πραγμάτων
1381 3982 1620 4045 εὐσεϐῶς
1658 3979 2152 4051 ἀνακηρυχθέντων
2181 3975 2422 4045 Χριστοῦ

845 4083 1053 4150 χάριτι,
1085 4080 1299 4147 ἕτοιμός
1347 4078 1463 4145 εἰμι
1495 4077 1622 4140 πᾶν,
1655 4076 1796 4143 ὅπερ
1845 4073 1910 4125 ἂν
1954 4074 1984 4141 ή
2049 4071 2165 4123 θεία
2205 4070 2425 4131 σύνοδος

849 4175 979 4241 περὶ
1012 4173 1117 4223 τῶν
1152 4170 1351 4235 λέξεων
1382 4169 1610 4237 διαγνῷ,
1648 4167 1869 4237 στέρξαι
1900 4166 1997 4218 καὶ
2028 4160 2419 4227 ἀποδέξασθαι.

858 4266 975 4334 Ἐφ’
1006 4262 1084 4327 οἷς
1114 4268 1140 4318 ὃ
1175 4283 1234 4317 τε
1278 4263 1669 4324 εὐσεδέστατος
1722 4261 1817 4314 καὶ
1847 4258 2219 4327 γαληνότατος
2265 4253 2424 4322 βασι-

847 4362 993 4423 λεὺς,
1027 4360 1119 4411 καὶ
1158 4360 1191 4428 ή
1225 4357 1347 4409 θεία
1387 4354 1605 4417 σύνοδος
1642 4353 1734 4405 τὸν
1789 4351 2194 4417 Θεσσαλονίκης
2228 4345 2427 4399 ἀποδε-

851 4454 1078 4522 ξάμενοι
1108 4451 1197 4504 διὰ
1232 4449 1453 4502 πάντων
1492 4448 1591 4513 τῆς
1641 4443 1899 4508 εὐσεϐοῦς
1941 4443 2206 4504 διανοίας,
2235 4433 2268 4512 ᾖ
2298 4436 2427 4505 1:591

2516 1960 2638 2010 ἐπεὶ
2676 1958 2773 2009 καὶ¹
2803 1956 2911 2009 τῶν
2944 1954 3237 2023 ἐνεργειῶν
3266 1955 3314 2006 οί
3348 1952 3502 2005 αὐτοί
3533 1968 3700 2021 φασιν
3729 1952 3790 2002 οὐ
3822 1950 3920 2016 τῆς
3946 1947 4095 2008 θείας

2516 2047 2657 2103 εἶναι
2689 2050 2908 2118 φύσεως
2939 2053 3009 2101 τά
3033 2048 3156 2100 θεῖα
3185 2047 3429 2113 ὀνόματα
3459 2044 3663 2108 πάντα,
3700 2046 3796 2096 καὶ
3837 2042 3936 2112 τὴν
3966 2042 4097 2100 Θεὸς

2518 2140 2703 2215 φωνὴν
2731 2141 3097 2210 ἐνεργητικήν
3137 2156 3196 2190 τε
3228 2139 3325 2191 καὶ
3364 2140 3624 2207 σχετικὴν
3660 2152 3817 2203 φασι,
3865 2134 4005 2187 καθᾶ
4031 2133 4097 2200 δὴ

2518 2234 2609 2285 καὶ
2643 2232 2944 2301 φθάσαντες
2989 2228 3165 2294 εἶπον,
3198 2233 3258 2284 :0
3289 2231 3395 2299 γὰρ
3420 2229 3769 2297 ὑπερούσιον,
3804 2229 3897 2278 καὶ
3924 2226 4092 2293 61:29-

2515 2325 2753 2392 ώνυμον,
2783 2327 2879 2378 καὶ
2934 2326 3218 2393 ἀνώνυμον
3254 2325 3377 2400 καθ’
3424 2323 3575 2385 αὐτὸ,
3608 2312 3777 2374 εί’διὰ
3806 2319 3965 2373 τοῦτο
3989 2302 4107 2370 τοίέ

2519 2437 2614 2471 νυν
2646 2418 2852 2471 διθεῖαν
2883 2417 2933 2469 οἱ
2986 2417 3113 2486 περὶ
3145 2416 3436 2485 Γρηγορᾶν
3465 2410 3513 2483 ’ή
3528 2416 3619 2482 μῖν
3659 2411 3954 2477 ἐγκαλοῦσι
4001 2413 4099 2461 καὶ

2522 2512 2833 2577 πολυθεῖαν,
2872 2512 2934 2564 οὐ
2989 2511 3111 2562 καθ’
3148 2508 3307 2577 ὴμῶν
3359 2506 3624 2576 μάλλονῆ
3676 2504 3822 2558 κατὰ
3875 2503 3983 2554 τῶν
4015 2505 4097 2554 δι-

2520 2604 2802 2658 δασκάλων
2850 2603 3001 2673 δῆλοι
3051 2601 3384 2671 τυγχάνουσι
3432 2599 3799 2667 τάγκλήματα
3853 2598 3948 2649 καὶ
3998 2596 4099 2661 τὴν

2523 2694 2877 2764 βλασφημίαν
2932 2692 3351 2761 προφέροντες,
3415 2686 3491 2741 ὦν
3545 2688 3878 2758 ἐκμαθόντες
3936 2687 4099 2754 ήμεῖς

2521 2788 2720 2858 ἔχομεν
2758 2787 2959 2839 ἐκεῖνα.

2596 2882 2704 2933 Καὶ
2756 2880 2912 2933 τοῦτο
2968 2881 3065 2948 μὲν
3109 2874 3204 2933 οῦν
3256 2878 3466 2931 ἄνωθεν
3517 2876 3680 2946 ἔργον
3711 2874 3788 2942 τῷ
3812 2872 4093 2941 Γρηγορᾷ,

2523 2973 2664 3027 καθά
2694 2974 2866 3041 δήπου
2924 2975 3018 3024 καὶ
3072 2975 3098 3025 0
3149 2971 3306 3035 λόγος
3362 2972 3493 3039 ήμίν
3538 2967 3797 3029 πολλάκις
3842 2965 4097 3033 δεδειχὼς

2522 3062 2729 3130 ὦπται,
2785 3064 2863 3134 τῷ
2919 3064 3252 3134 προσωπείῳ
3301 3061 3608 3130 καθαπερεί
3646 3077 3754 3112 τινι
3817 3058 3961 3111 κατὰ
3998 3056 4098 3125 τῆς

2524 3158 2697 3227 ὅψεως
2745 3158 2852 3210 τῶν
2911 3158 3084 3225 ἁγίων
3119 3157 3254 3225 ήμίν
3302 3155 3597 3224 χρωμένῳ,
3658 3151 3847 3203 ἔπειτα
3880 3149 4098 3219 βάλλειν

2521 3253 2618 3324 ὅλῃ
2647 3252 2740 3303 καὶ
2786 3251 2931 3321 χειρὶ
2961 3250 3057 3303 καὶ
3084 3248 3322 3320 γλώττῃ,
3372 3248 3433 3299 οὐ
3470 3246 3591 3299 καθ’
3624 3246 3783 3314 ήμῶν
3832 3243 4031 3312 μᾶλλον
4062 3241 4097 3311 ἦ
4136 3255 4141 3260 '

2520 3345 2641 3399 κατ’
2668 3343 2916 3407 ἐκείνων,
2970 3342 3171 3410 μᾶλλον
3195 3340 3252 3391 δὲ
3305 3338 3384 3407 τῷ
3418 3338 3518 3407 μὲν
3563 3337 3743 3389 δοκεῖν
3788 3336 3912 3388 καθ’
3938 3333 4100 3403 ἡμῶν

2519 3455 2579 3490 τε
2614 3436 2884 3490 κάκείνων
2925 3433 3085 3504 ὁμοῦ,
3119 3435 3187 3504 τῇ
3226 3432 3283 3484 δὲ
3332 3428 3565 3500 ἀληθείᾳ
3604 3428 3745 3480 κατά
3790 3428 3890 3495 τῆς
3936 3425 4099 3488 αὐτὸς

2520 3528 2688 3582 αὐτοῦ
2716 3527 2989 3596 κεφαλῆς.

2605 3620 2745 3673 Ἀλλ’
2777 3619 2967 3690 ἐπειδὴ
2996 3620 3092 3672 καὶ
3118 3617 3278 3671 τοῦτό
3303 3635 3367 3684 γε
3396 3618 3530 3686 πρὸς
3572 3618 3686 3677 τοῖς
3726 3614 3930 3675 ἄλλοις,
3968 3611 4105 3679 μᾶλ-

2521 3711 2613 3764 λον
2652 3711 2708 3763 δέ
2745 3712 2844 3762 καὶ
2873 3709 2978 3779 πρὸ
3007 3710 3118 3761 τῶν
3153 3708 3331 3763 ἄλλων
3360 3710 3579 3761 πάντων
3622 3706 3831 3776 σχεδὸν,
3863 3705 3975 3758 ἄνω
4004 3703 4099 3755 καὶ

2524 3803 2675 3856 κάτω
2705 3802 2994 3871 Γρηγορᾶς
3038 3802 3195 3870 ἡμῶν
3247 3800 3674 3869 καταψεύδεται,
3726 3798 3788 3849 :0
3841 3795 4096 3865 μηδένας,

2523 3900 2601 3962 ὡς
2633 3899 2795 3960 αὐτός
2827 3914 2983 3968 φησι,
3027 3898 3134 3950 τῶν
3173 3897 3348 3964 ἁγίων
3381 3898 3666 3966 μάρτυρας
3702 3893 3850 3973 ἡμᾶς
3898 3888 4102 3958 προφέ-

2528 4007 2643 4060 ρειν
2678 3989 2788 4041 τῶν
2825 3990 3176 4057 δογματικῶν
3213 3989 3305 4057 ὑφ’
3339 3987 3497 4056 ήμῶν
3533 3987 3665 4055 1:591
3712 3982 3849 4036 Θεοῦ
3877 3981 4103 4049 λεγομὲο

2524 4100 2653 4145 νων,
2686 4081 2852 4152 Ὁρᾷς
2893 4082 2985 4134 καὶ
3020 4068 3149 4150 γάρ,
3175 4082 3329 4149 ἔλεγε
3355 4081 3489 4150 πρὸς
3518 4080 3609 4132 τὸν
3642 4077 3809 4130 αὐτοῦ
3839 4072 4102 4144 φοιτητὴν

2529 4181 2641 4251 πρὸ
2678 4180 2934 4248 βραχέος,
2962 4179 3036 4241 ώς
3069 4178 3191 4232 οὐδέ
3216 4179 3345 4247 μίαν
3368 4179 3575 4238 ἐκεῖνος
3610 4173 3944 4244 προκομίζει
3974 4172 4103 4224 ποτέ

2529 4273 2934 4343 συναιρομένην
2985 4272 3156 4338 ἁγίων
3201 4269 3351 4338 αὑτῷ
3391 4269 3725 4338 μαρτυρίαν,
3776 4266 3891 4320 ἀλλ’
3918 4266 4105 4333 ῶσπερ

2526 4366 2815 4437 χρησμοὺς
2837 4362 3159 4433 δογματίζει
3204 4363 3270 4414 τὰ
3303 4361 3604 4429 δεδογμένα
3634 4362 3704 4418 οί,
3730 4361 3822 4412 καὶ
3851 4360 3931 4411 ὅτι
3972 4359 4107 4409 πάν-

2528 4476 2636 4510 των
2700 4456 2861 4526 ὁμοῦ,
2896 4457 3050 4524 φησὶ,
3097 4454 3503 4521 καταψεύδεται
3556 4453 3667 4503 τῶν
3708 4452 3903 4516 ἁγίων,
3962 4467 4100 4516 συμ-

848 4548 917 4599 τά
948 4549 1071 4598 θεῖα
1097 4543 1441 4611 κεχρημένος
1488 4540 1742 4600 διατελεῖν
1776 4539 1867 4589 καὶ
1907 4535 2146 4603 μάλιστα
2193 4532 2293 4600 τῆς
2339 4528 2429 4581 εὖ·
2459 4566 2507 4623 D
2534 4550 2733 4617 φωνεῖν
2777 4547 2874 4615 μὲν
2909 4548 3108 4608 αὐτοὺς
3141 4548 3261 4608 ταῖς
3309 4544 3476 4596 αὐτοῦ
3531 4544 3906 4612 βλασφημίαις
3943 4540 4109 4594 αὐθα-

847 4637 1208 4708 γνωμοσύνης
1237 4634 1402 4689 αὐτὸν
1435 4633 1845 4691 ἐπαινέσαντες,
1877 4630 2133 4697 θεότητας
2183 4626 2281 4693 μὲν
2308 4624 2419 4686 δύο,

850 4732 881 4800 ἢ
918 4728 1142 4791 πολλὰς,
1174 4727 1369 4796 ἣδλως
1399 4723 1633 4791 ἀριθμὸν
1663 4722 1934 4791 θεοτήτων
1970 4723 2105 4787 μήτε
2137 4715 2419 4783 λέγεσθαι,

856 4825 991 4891 μήτε
1028 4819 1131 4890 μὴν
1167 4818 1405 4871 νοεῖσθαι
1433 4814 1696 4881 ἀσφαλῶς
1748 4812 2103 4880 διωρίσαντο,
2138 4809 2273 4879 μηδὲ
2309 4807 2419 4874 γάρ

849 4913 1098 4983 εἰρῆσθαι
1132 4909 1291 4962 τοῦτο
1320 4908 1470 4976 παρὰ
1499 4907 1605 4957 τῶν
1642 4904 1931 4969 θεολόγων,
1982 4900 2248 4970 διαφορὰν
2286 4898 2418 4967 μὲν-

850 5027 933 5061 τοι
961 5008 1146 5065 οὐσίας
1176 5003 1349 5065 θείας,
1390 5002 1483 5053 καὶ
1509 5001 1659 5061 θείας
1712 4996 2017 5065 ἐνεργείας,
2053 4995 2084 5063 ἦ
2136 4994 2229 5045 καὶ
2263 4991 2421 5043 θείων

851 5096 1165 5165 ἐνεργειῶν,
1221 5095 1313 5145 καὶ
1349 5093 1491 5161 μάλα
1541 5090 1779 5142 νοεῖσθαι
1830 5089 1922 5141 καὶ
1975 5085 2235 5151 λέγεσθαι
2292 5099 2425 5153 προ-

852 5190 1171 5257 ετρέψαντο,
1203 5186 1505 5255 διαρρήδην
1534 5183 1628 5235 τοῦ
1670 5181 1912 5234 τοιούτου
1962 5179 2232 5247 δόγματος
2271 5177 2425 5246 παρά

854 5281 950 5348 τῆς
1004 5276 1335 5344 Ἑκκλησίας
1385 5272 1821 5342 κεκηρυγμένον,
1875 5271 1948 5331 ὼς
1985 5272 2078 5320 καὶ
2128 5268 2426 5337 κατωτέρω

856 5370 1219 5438 δειχθήσεται.
1238 5367 1292 5420 'U
1319 5368 1375 5418 δὲ
1406 5365 1809 5430 Θεσσαλονίκης
1844 5363 2143 5432 προθύμως
2183 5363 2275 5413 καὶ
2302 5361 2424 5412 λίαν

854 5465 883 5514 ά
896 5464 1107 5529 σμένως
1134 5460 1225 5512 τοῦ
1240 5478 1291 5511 :0
1322 5458 1668 5523 κατεδέξατο.

925 5554 1141 5605 Τούτων
1188 5554 1388 5604 οὑτωσὶ
1442 5550 1756 5620 παρ’ήμῶν
1807 5551 1899 5601 καὶ
1946 5550 2280 5618 νοουμένων,
2328 5550 2426 5601 καὶ

858 5644 1186 5713 λεγομένων,
1237 5646 1331 5697 καί
1393 5647 1777 5713 γραφομένων,
1842 5645 1946 5712 ἰδίᾳ.
2006 5660 2064 5694 τε
2121 5646 2213 5695 καὶ
2268 5660 2423 5693 συνο-

855 5738 1021 5789 ὀικῶὲ
1069 5739 1562 5806 άνακῃρυχθέντων
1615 5737 1752 5805 ὁμοῦ
1807 5738 1900 5788 καὶ
1956 5738 2301 5804 γραφένιων,
2334 5736 2425 5787 καὶ

862 5827 1241 5887 τυπωθέντων,
1298 5830 1389 5889 οἵ]
1450 5827 1593 5889 ἅπαξ,
1649 5830 1830 5890 μόνον,
1867 5826 2000 5879 άλλα
2034 5844 2123 5877 καί.
2188 5830 2266 5886 0:;
2332 5824 2423 5876 καὶ

2533 4637 2836 4706 διςόμενος,
2904 4636 3050 4697 τίνες
3102 4634 3148 4686 δ’
3194 4635 3435 4695 ἐκεῖνοι,
3506 4632 3599 4683 καὶ
3662 4631 3801 4692 πῶς,
3861 4629 3957 4680 καὶ
4005 4626 4106 4679 ποῦ

2539 4728 2929 4795 συμφωνοῦσιν
2978 4728 3036 4779 οὐ
3072 4726 3267 4792 λέγων’
3303 4726 3425 4777 ἐπεὶ
3464 4724 3646 4775 τοίνυν
3686 4720 3832 4773 οὕτω
3864 4720 3964 4772 κάν
3997 4722 4110 4780 τοῖς

2540 4819 2835 4887 προδήλοις
2889 4815 3099 4877 τούτοις
3148 4814 3405 4883 ἀκρατῶς
3461 4812 3556 4865 καὶ
3634 4812 3755 4864 καθ’
3808 4810 4110 4878 ὑπερϐολὴν

2539 4912 2888 4979 ἀναισχυντεῖ
2934 4908 3241 4977 Γρηγορίς,
3299 4905 3600 4971 αναγκαῖον
3650 4904 3714 4955 ἂν
3770 4905 3877 4971 εἴη,
3933 4903 3997 4952 τά
4051 4918 4109 4952 τε

2540 5002 3001 5069 συνεπτυγμὲνως
3055 4998 3238 5070 μικρῷ
3270 4998 3508 5068 πρόσθεν
3545 4998 3649 5049 ὑπὸ
3680 4995 3772 5047 τοῦ
3802 4996 3971 5063 τόμου
4013 4996 4113 5064 ρη-

2541 5096 2703 5148 θέντα
2741 5097 2851 5146 τῶν
2888 5093 3013 5159 περὶ.
3066 5091 3319 5157 θεότητος
3370 5089 3693 5155 θεολογικῶν
3756 5088 3935 5155 ῥητῶν
3983 5085 4115 5137 πλα-

2539 5189 2763 5257 τύτερον
2790 5189 2881 5255 ὑφ’
2916 5187 3073 5255 ἡμῶν
3115 5184 3445 5254 προτεθῆναι
3482 5185 3575 5235 καὶ
3597 5182 3772 5244 αὖθις,
3809 5181 3902 5233 καὶ
3929 5180 3991 5248 δὴ
4022 5182 4113 5230 καὶ

2540 5282 2609 5332 τὰ
2648 5280 2903 5331 λείποντα
2935 5280 3028 5330 καὶ
3066 5276 3305 5343 ξυγγενῆ
3347 5278 3456 5336 τοῖς
3493 5277 3811 5342 εἰρημένοις
3844 5272 3903 5335 ἐξ
3936 5271 4115 5324 αὐτῶν

2544 5388 2687 5439 φημι
2721 5368 2927 5419 τούτων
2972 5365 3338 5433 προστεθῆναι
3368 5363 3440 5431 τῷ
3470 5364 3633 5431 λόγῳ.

2612 5463 2720 5514 Καὶ
2749 5460 2963 5526 πρῶτος
2995 5460 3123 5527 ἡμῖν
3146 5461 3173 5508 0
3210 5457 3431 5522 Νύσσης
3473 5456 3612 5516 θεῖος
3649 5454 3949 5523 Γρηγόριος
3982 5453 4095 5505 είσο

2542 5553 2761 5622 αγέσθω
2817 5551 2895 5617 τῷ
2956 5552 3117 5617 λόγῳ,
3162 5550 3340 5601 τοιάδε
3389 5549 3524 5614 πρὸς
3576 5545 3838 5613 Εὐνόμιον
3882 5546 3942 5595 ἐν
4004 5546 4115 5604 τοῖς

2542 5644 2949 5713 ἁντιρρητικοῖς
2993 5641 3165 5706 λέγων
3193 5656 3206 5671 ο
3248 5640 3357 5692 Καὶ
3404 5638 3537 5690 αὐτὸ
3589 5637 3650 5689 :0
3700 5639 3799 5704 τῆς
3860 5636 4117 5704 θεότητος

2540 5736 2733 5800 ὄνομα,
2770 5730 2880 5785 εἴτε
2926 5732 3025 5797 τὴν
3069 5730 3397 5796 ἐποπτικὴν,
3438 5730 3544 5780 εἴτε
3600 5730 3698 5796 τὴν
3753 5729 4116 5795 προνοητιγὴν

2543 5826 2793 5882 ἐξουσίαν
2832 5822 3114 5877 σημαίνει.
3156 5821 3373 5875 οἰκείως
3419 5817 3528 5877 εἴτε
3566 5819 3702 5881 1:90;
3733 5818 3792 5869 :0
3838 5816 4020 5869 ἀνθρώ
4038 5838 4118 5869 πι-
