4488 6444
396 418 527 485 1021

1115 426 1425 487 CONTRA
1482 428 1912 488 CBEGOBAM
1952 425 2711 489 ANTIBRHETHZORUM
2748 426 2849 485 IX.

3524 422 3661 489 102%

378 543 441 593 οὐ
487 540 690 608 λέγεις,
724 539 905 592 καίτοι
953 554 1013 605 γε
1045 538 1154 591 τῶν
1213 540 1376 593 θείων
1421 539 1706 609 ὀνομάτων
1752 540 1960 594 τούτων
1994 546 2035 600 Α
2066 544 2166 611 τὴν
2203 541 2298 594 τοῦ
2339 541 2476 595 Θεοῦ
2532 541 2722 593 οὐσίαν
2790 540 3163 610 παρίστησιν
3232 541 3497 594 ἀδύνατον
3547 544 3660 612 γὰρ

381 636 491 688 ἀπὸ
520 632 629 686 τῶν
668 631 919 699 φυσικῶν
958 631 1268 700 ἰδιωμάτων
1302 632 1394 684 τοῦ
1429 632 1591 693 Θεοῦ,
1631 634 1725 687 καὶ
1752 634 1842 684 ἐπί
1866 634 1965 701 τὴν

385 721 749 794 ὐιιεριῖηυμον
782 722 974 775 οὐσίαν
1023 717 1467 797 ἀναγομένων,ᾖ
1506 741 1673 791 φησιν
1715 726 1746 795 η
1783 724 1965 776 θεολο-

383 817 520 881 γία’
556 814 678 866 οὐδὲ
734 813 845 881 γὰρ
880 813 975 865 καὶ
1025 815 1162 883 περὶ
1211 814 1322 867 τῶν
1379 815 1736 869 ὑποστάσεων
1776 817 1907 885 ἡμῖν
1939 818 1966 869 6

383 892 542 976 λόβς
572 906 852 960 κάνταῦθα
879 921 894 936 ’
936 907 1054 970 πῶς
1083 906 1178 960 οῦν
1224 908 1315 960 ἐπὶ
1352 909 1455 977 μὲν
1485 912 1707 963 πάντων
1737 910 1967 963 ἐκείνων

382 1000 444 1051 τὸ
470 998 671 1051 ἐνιαῖον
712 1001 922 1067 τηρεῖς,
958 1000 1088 1068 μίαν
1116 999 1291 1066 λέγων
1340 1000 1566 1068 σοφίαν,
1620 998 1749 1067 μίαν
1796 1000 1965 1071 ζωὴν,

384 1090 518 1158 μίαν
554 1090 808 1159 εἰρήνην,
845 1089 903 1141 ἐν
936 1090 1054 1157 φῶς
1086 1091 1182 1143 τὸν
1219 1090 1377 1154 Θεὸν,
1402 1092 1495 1143 ἐπὶ
1535 1090 1592 1145 δέ
1633 1092 1729 1157 τῆς
1776 1090 1967 1159 θεότη-

382 1200 472 1243 τος
512 1183 701 1252 μόνης,
730 1184 1036 1253 ἐπειδήπερ
1063 1184 1126 1235 ἐκ
1155 1184 1253 1252 τῆς
1281 1183 1577 1243 ούσιώδους
1608 1184 1782 1251 αὐτῆς
1815 1186 1969 1253 ἐνερ-

381 1274 535 1341 γείας
569 1276 663 1328 καὶ
701 1275 728 1345 ἡ
766 1276 1049 1343 ἀνώνυμος
1068 1274 1222 1327 οὐσία
1258 1273 1668 1344 μεταλαμϐάνει
1702 1272 1963 1343 τοῦνομα,

385 1364 529 1417 καθὰ
566 1365 743 1432 δήπου
778 1368 872 1418 καὶ
904 1368 993 1418 ἐπ’
1045 1368 1294 1431 ἐκείνων,
1321 1367 1416 1420 δύο
1466 1368 1560 1420 κα)⁸
1596 1367 1795 1429 πολλὰς
1831 1383 1967 1435 φαν-

382 1459 524 1530 τάζῃ
554 1459 837 1529 θεότητας,
864 1460 960 1512 καὶ
990 1460 1359 1520 ἀναπλάττεις
1391 1462 1581 1523 κακῶς
1611 1461 1678 1513 τὰ
1709 1459 1784 1529 μὴ
1814 1461 1963 1525 ὄντα,

384 1552 452 1604 τὰ
491 1552 591 1619 μὲν
621 1551 1075 1620 ἀπατορευόμενα
1106 1554 1200 1604 καὶ
1233 1552 1412 1621 ῥητῶς
1435 1554 1500 1621 τῇ
1548 1551 1798 1622 θεολογίᾳ
1834 1568 1970 1605 συν-

389 1646 547 1711 άγειν
609 1643 953 1712 φιλονεικῶν,
992 1644 1059 1695 τὰ
1091 1643 1148 1696 δέ
1196 1642 1614 1714 πρεσϐευόμενά
1642 1660 1699 1696 τε
1731 1646 1827 1697 καὶ
1867 1662 1970 1714 κη-

389 1736 698 1805 ρυττόμενα
727 1738 819 1788 καὶ
848 1736 1172 1806 γραφόμενα
1208 1737 1358 1805 πάσῃ
1392 1738 1599 1805 σπουδῇ
1632 1736 1693 1789 τὸ
1737 1740 1879 1791 κατὰ
1912 1736 1973 1790 αὶ

386 1829 706 1896 διαγράφων
732 1844 746 1892 ;
775 1827 965 1897 ῶσπερ
996 1827 1061 1881 ἂν
1096 1830 1145 1879 εί
1181 1832 1275 1879 καὶ
1314 1830 1414 1896 τὴν
1444 1829 1644 1880 ἀκτῖνα
1697 1827 1971 1894 λεγόντων

386 1921 604 1974 ἀκούων
626 1921 805 1990 ἥλιον,
834 1920 866 1989 ἢ
899 1921 996 1973 καὶ
1028 1921 1120 1971 τὸν
1159 1920 1286 1973 Υίὸν
1322 1920 1462 1989 μετὰ
1496 1918 1587 1970 τοῦ
1635 1918 1851 1985 Πατρὸς
1876 1919 1973 1970 ἐνα

386 2014 539 2075 Θεὸν,
570 2013 745 2065 ταῦτα
800 2011 900 2081 μὲν
953 2011 1237 2065 οἰδοτιοῦν
1279 2011 1607 2079 παρεδέχου,
1652 2008 1863 2061 διθεῖαν
1912 2024 1974 2060 τε

386 2107 497 2158 τῶν
546 2105 835 2167 εἰπόντων,
871 2106 967 2155 καὶ
1021 2104 1216 2156 διττῶν
1251 2104 1559 2172 φαντασίαν
1592 2101 1763 2172 ἡλίων
1801 2118 1974 2154 κατα-

388 2196 699 2265 γινώσκων,
734 2197 898 2259 αὐτὸς
921 2197 977 2250 δὲ
1003 2198 1104 2264 τὴν
1134 2197 1231 2265 τῆς
1262 2196 1456 2258 νυκτὸς
1487 2196 1784 2249 συνάπτων
1816 2195 1975 2247 σκιάν

388 2290 466 2359 τῲ
492 2290 733 2359 λαμπρῷ
768 2288 946 2359 τούτῳ
980 2292 1079 2359 τῆς
1112 2289 1329 2359 ἡμέρας
1361 2289 1649 2357 ὀφθαλμῷ,
1676 2289 1830 2358 ἥλιον
1862 2288 1977 2340 ἕλεα

390 2401 486 2450 γες
537 2383 826 2453 ἀμφότερα
881 2383 1085 2450 μᾶλλον
1116 2383 1234 2447 ἕνα,
1267 2384 1359 2436 καὶ
1393 2382 1469 2452 τῷ
1508 2383 1630 2451 Θεῷ
1674 2384 1766 2433 καὶ
1800 2383 1976 2447 Πατρὶ

389 2476 482 2527 τὸν
529 2473 882 2543 πρωτότοκον
934 2474 1060 2526 Υίὸν
1096 2475 1315 2544 Ἰσραὴλ
1352 2474 1646 2537 συντιθεὶς,
1693 2474 1787 2526 ἕνα
1844 2474 1977 2526 Θεὸν

394 2564 579 2630 ἐλεγες
635 2558 775 2615 εἶναι
831 2562 1022 2615 τοῦτον
1076 2566 1353 2618 κάκεῖνον.
1387 2565 1483 2617 Ἐν
1514 2581 1566 2617 τι
1602 2568 1694 2616 καὶ
1727 2567 1837 2633 γὰρ
1869 2563 1979 2631 ἐγὼ

395 2659 488 2708 καὶ
524 2658 718 2709 ταυτὸν
772 2650 914 2708 εἶναι
961 2656 1167 2723 νομίζω
1205 2657 1263 2708 τὸ
1297 2655 1476 2709 ταῦτά
1523 2673 1581 2708 τε
1632 2658 1846 2709 οίεσθαι
1879 2656 1980 2708 καὶ

395 2749 599 2816 λέγειν,
626 2752 713 2802 καί
750 2751 810 2801 τὸ
838 2751 1070 2818 θεότητα
1109 2750 1335 2814 κτιστην
1370 2748 1511 2803 κατά
1569 2766 1628 2801 τε
1686 2748 1978 2816 Γρηγορᾶν

398 2844 493 2893 x11
536 2842 844 2894 Ἀκίνδυνον
876 2844 1216 2911 προσάγοντα
1247 2844 1312 2913 τῇ
1366 2843 1620 2913 ὑπερθέῳ
1652 2840 1836 2911 οὐσία,
1880 2840 1978 2891 ἕνα

396 2934 529 2986 Θεὸν
590 2933 786 2989 ἔπειτα
824 2937 919 2988 καὶ
975 2935 1107 3005 μίαν
1141 2934 1376 3005 θεότητα
1434 2935 1690 3004 νομίζειν
1725 2933 1817 2986 τὸν
1843 2933 1979 2985 Θεὸν

402 3026 495 3076 καὶ
528 3024 589 3076 τὸ
626 3026 854 3093 κτίσμα.
889 3028 1004 3077 Οὔκ
1034 3025 1145 3091 ἐγὼ
1177 3026 1231 3077 δὲ
1276 3025 1461 3095 μόνον,
1496 3024 1616 3078 ἀλλ’
1649 3021 1748 3076 οἷδ’
1776 3025 1860 3077 ὅτι
1884 3022 1980 3074 καὶ

400 3116 509 3169 τῶν
538 3112 596 3170 εὖ
628 3117 975 3186 φρονούντων
1009 3118 1266 3181 ⁴έκαστος.

2069 633 2278 702 ταύτην
2308 634 2509 700 γνῶναι
2537 649 2550 663 ⁸
2580 632 2720 687 ἀλλὰ
2761 636 2929 703 μόνην
2959 634 3059 701 τὴν
3118 632 3460 704 θεωρητικὴν
3492 633 3657 687 αὑτοῦ

2069 722 2352 792 ἐνέργειαν
2408 723 2540 792 ἡμῖν
2607 722 2909 793 παρίστησι
2979 723 3076 777 καὶ
3147 722 3299 792 δηλοῖ
3365 724 3427 775 τὸ
3490 723 3659 788 Θεός.

2084 814 2277 868 Ἰστέον
2305 854 2320 879 ,
2352 818 2536 883 φησὶν,
2568 818 2649 869 ὅτι
2680 817 2737 869 αί
2761 816 2856 870 δύο
2880 821 3247 889 προσηγορίαι
3272 817 3366 871 τοῦ
3399 818 3660 888 Χριστοῦ,

2069 906 2213 976 λέγω
2250 909 2313 973 δὴ
2340 910 2403 962 τὸ
2442 910 2587 975 Θεὸς
2623 911 2719 963 καὶ
2777 910 3116 979 ἄνθρωπος,
3152 912 3521 983 ἐνεργητικῶς
3580 912 3664 963 λέ-

2071 1016 2284 1067 γονται,
2343 1001 2408 1052 ἐκ
2472 999 2579 1053 τῶν
2634 1003 2857 1055 οἰκείων
2905 1002 3083 1056 αὐτῶν
3134 1003 3425 1071 ἐνεργειῶν
3488 1002 3663 1065 οὕτως

2071 1091 2483 1160 ὸνομασθεῐσαι.
2528 1094 2639 1146 Καὶ
2679 1093 2788 1163 γὰρ
2819 1094 2880 1147 τὸ
2916 1094 3061 1159 Θεὸς
3090 1094 3151 1147 οὐ
3202 1094 3303 1164 τὴν
3348 1096 3532 1147 οὐσίαν
3562 1095 3663 1161 τῆς

2073 1183 2330 1254 θεότητος
2391 1186 2676 1254 σημαίνει·
2747 1187 3143 1256 ἀκατάληπτος
3197 1187 3306 1256 γὰρ
3366 1187 3506 1255 αὕτη
3569 1190 3663 1239 καὶ

2071 1274 2357 1342 ἀνώνυμός
2390 1276 2560 1328 ἐστιν·
2590 1276 2709 1329 ἀλλ’
2738 1278 2803 1329 ἐκ
2830 1280 2927 1345 τῆς
2948 1277 3293 1346 θεωρητικῆς
3318 1275 3483 1329 αὑτοῦ
3512 1278 3663 1345 ἐνερ-

2074 1365 2227 1431 γείας
2296 1365 2427 1429 Θεὸς
2487 1367 2725 1437 εῖρηται,
2776 1366 2854 1429 ὥς
2903 1385 3069 1437 φησιν
3117 1369 3145 1420 6
3179 1370 3335 1436 ἅγιος
3361 1370 3662 1429 Διονύσιος*

2073 1460 2107 1529 ἢ
2140 1460 2203 1511 ἐκ
2236 1458 2329 1511 τοῦ
2382 1458 2551 1524 θέειν,
2605 1460 2778 1528 ἢγουν
2830 1459 3166 1529 διατρέχειν,
3221 1463 3253 1528 ἦ
3315 1462 3376 1511 ἐκ
3430 1461 3524 1512 τοῦ
3582 1461 3665 1511 αἴ-

2076 1554 2211 1616 θειν,
2256 1555 2282 1605 6
2346 1555 2459 1606 ἐστι
2520 1553 2817 1622 φλογίζειν.
2881 1557 3116 1626 Ὁμοίως
3184 1559 3274 1609 καὶ
3329 1557 3389 1609 τὸ
3446 1558 3666 1623 ἀνθρω-

2076 1656 2191 1707 πος
2242 1644 2341 1696 οὐκ
2394 1644 2566 1711 αὐτὴν
2619 1646 2719 1714 τὴν
2785 1646 2949 1713 φύσιν
3005 1648 3177 1715 δηλοῖ,
3246 1648 3381 1701 ἀλλὰ
3443 1652 3504 1701 τὸ
3552 1650 3667 1703 ἄνω

2076 1733 2267 1802 ἀθρεῖν
2322 1734 2422 1801 τὴν
2485 1726 2635 1796 ὦπα,
2692 1736 2975 1788 τουτέστιν
3039 1736 3151 1789 ἄνω
3214 1738 3349 1805 όρᾷν
3401 1740 3499 1806 τὴν
3555 1737 3667 1789 τῶν

2075 1825 2371 1893 ὀφθαλμῶν
2419 1827 2573 1896 ημῶν
2609 1828 2912 1897 ἐνέργειαν.
2935 1832 2996 1882 ΕΞ
3027 1825 3120 1882 οῦν
3152 1832 3245 1882 καὶ
3267 1833 3321 1883 αἱ
3360 1831 3456 1882 δύο
3495 1848 3666 1899 προσ⁴

2076 1918 2296 1985 ηγορίαι
2325 1917 2437 1969 τῶν
2468 1919 2707 1987 Χριστοῦ
2762 1920 2982 1987 φύσεων
3010 1925 3071 1973 ἐκ
3102 1922 3209 1974 τῶν
3256 1923 3478 1974 οίκείων
3511 1926 3664 1988 ἐνερ·

2079 2008 2244 2073 γειῶν
2264 2011 2334 2061 τὰ
2359 2010 2602 2080 ὀνόματα
2643 2013 2827 2081 ἔχουσι
2858 1999 3067 2083 θάμϐος
3099 2014 3195 2082 τῆς
3230 2014 3337 2066 τῶν
3372 2014 3669 2083 αίρετικῶν

2079 2102 2413 2167 πωρώσεως,
2479 2105 2597 2168 πῶς
2654 2105 2753 2169 τὰς
2815 2106 3101 2167 οὖσιὼδεις
3163 2107 3329 2159 αὑτοῦ
3384 2108 3667 2177 ἐνεργείας

2078 2195 2487 2263 ἀπαρνούμενοι
2536 2196 2637 2249 οὐκ
2692 2197 3044 2266 αἰσχύνονται
3077 2217 3089 2263 ;
3128 2200 3203 2252 Ού
3244 2199 3349 2267 μὴν
3401 2199 3538 2251 ἀλλὰ
3573 2200 3669 2252 καὶ

2078 2287 2408 2345 Διονύσιοςὸ
2450 2289 2624 2358 μέγας
2672 2290 2884 2353 ἐκεῖνος
2935 2292 2992 2342 ἐν
3035 2291 3326 2359 θεολόγοις,
3373 2291 3432 2344 ὃν
3457 2292 3520 2361 δὴ
3574 2292 3669 2344 καὶ

2078 2383 2104 2433 6
2145 2380 2407 2449 θεοφόρος
2464 2374 2621 2444 οὗτος
2673 2382 2758 2444 είς
2819 2383 3131 2453 μαρτυρίαν
3188 2385 3518 2453 προΐσταται
3560 2384 3669 2435 τῶν

2079 2475 2211 2543 περὶ
2234 2474 2489 2542 θεότητος
2521 2474 2717 2526 ἐαυτοῦ
2753 2473 2948 2540 λόγων,
2998 2474 3133 2527 ἄλλα
3167 2492 3226 2527 τε
3282 2476 3509 2527 πλεῖστα
3540 2476 3671 2542 περὶ

2080 2567 2189 2619 τῶν
2213 2564 2474 2617 τοιούτων
2506 2567 2665 2634 φησὶ,
2700 2564 2844 2618 καθὰ
2877 2565 2941 2635 δὴ
2976 2566 3068 2618 καὶ
3115 2568 3248 2636 ἡμῖν
3282 2568 3339 2618 ἐν
3378 2569 3490 2628 τοῖς
3529 2569 3673 2633 φἰάη

2082 2675 2237 2710 σασιν
2262 2657 2502 2726 εἴρηται,
2539 2658 2633 2709 καὶ
2660 2658 2722 2726 δὴ
2754 2658 2847 2709 καὶ
2875 2657 2936 2709 τὸ
2969 2657 3215 2726 ἀοίδιμον
3252 2657 3421 2717 ὅντως
3452 2659 3659 2708 ἑκεῖνο⁸

2082 2753 2146 2805 Et
2175 2746 2642 2819 τὴνύπερούσιον,
2686 2751 2906 2819 καὶγὰρ
2932 2751 3092 2820 φησὶ,
3120 2750 3460 2820 κρυφιότητα
3512 2750 3669 2811 Θεὸν,

2083 2843 2115 2912 ἢ
2138 2842 2361 2913 ζωὴν,ῆ
2394 2843 2607 2906 οὐσίαν,
2636 2842 2667 2909 ἢ
2695 2841 2831 2910 φῶς,
2855 2841 3061 2911 ἢλόγον
3095 2841 3493 2910 ὀνομάσαιμεν,
3517 2838 3671 2892 ούδέν

2084 2934 2272 3004 ἕτερον
2304 2932 2536 3004 νοοῦμεν
2567 2933 2599 3003 ἢ
2651 2934 2751 2994 τὰς
2813 2936 2895 2995 είς
2925 2934 3073 3002 ἡμᾶς
3125 2932 3184 2999 ἐξ
3220 2933 3391 3000 αὐτῆς
3430 2947 3671 3001 προαγο-

2090 3026 2259 3095 μένας
2294 3025 2577 3095 δυνάμεις,
2608 3024 2967 3087 ἐκθεωτικὰς,
3006 3026 3038 3095 ἢ
3072 3025 3434 3085 ούσιοποιοὺς,
3469 3024 3501 3092 ἢ
3534 3020 3672 3086 ζωο-

2084 3120 2302 3185 γόνους,
2352 3119 2385 3191 ἢ
2442 3118 2805 3187 σοφοδώρους,
2871 3120 2963 3170 καὶ
3015 3118 3116 3170 ὅσα
3171 3117 3301 3184 ἐξῆς
3364 3114 3673 3175 ἀκολούθως

484 3208 645 3260 Ἀλλὰ
677 3208 784 3260 τῶν
816 3208 914 3277 μὲν
949 3209 1069 3270 ἆλις
1095 3226 1107 3239 ’
1134 3208 1207 3270 ὡς
1231 3209 1297 3261 ἂν
1330 3209 1385 3262 δὲ
1410 3210 1595 3279 γνοίης
1618 3211 1700 3263 ὅτι
1741 3210 1815 3280 μὴ
1848 3212 1978 3279 περὶ
2009 3250 2052 3305 c
2088 3211 2353 3273 ὡσαύτως
2397 3209 2612 3279 εἴρηται
2642 3209 2719 3276 τῷ
2774 3210 2995 3279 μεγάλῳ
3036 3209 3232 3281 τούτῳ.
3298 3207 3565 3262 Ἐνταῦθα
3618 3206 3672 3259 τί

399 3299 497 3366 τῆς
534 3298 786 3365 θεότητος
826 3299 987 3367 μόνον
1024 3300 1093 3353 τὰ
1124 3302 1504 3372 προειρημένα
1550 3301 1713 3369 φασὶν
1745 3303 1792 3352 οί
1829 3300 1984 3367 σοφοὶ

402 3393 605 3463 ταύτης
633 3392 872 3460 θεολόγοι
896 3394 988 3446 καὶ
1016 3394 1272 3463 ῥήτορες,
1290 3393 1409 3445 ούδέ
1424 3392 1627 3463 ταύτην
1652 3387 1988 3461 εἶναιμόνην

401 3484 784 3554 ἐνεργητικὴν,
821 3487 895 3547 ὡς
928 3484 1081 3538 αὐτοί
1115 3503 1271 3555 φασι,
1306 3484 1491 3555 φωνὴν
1538 3484 1812 3551 λέγουσιν,
1851 3486 1988 3538 ἀλλὰ

403 3579 495 3629 καὶ
550 3577 721 3643 αὐτὴν
755 3575 851 3646 τὴν
882 3578 1048 3642 Θεὸς,
1080 3576 1343 3641 ὡσαύτως
1378 3579 1475 3630 καὶ
1520 3579 1662 3629 κατὰ
1692 3580 1863 3630 ταυτὰ
1888 3577 1986 3641 δή·

403 3668 621 3731 πουθεν,
647 3668 814 3721 ἄκουε
840 3667 904 3738 δὴ
932 3672 1029 3723 καὶ
1076 3669 1182 3722 τῶν
1211 3670 1338 3738 ἑξῆς
1365 3669 1498 3738 παρ’
1522 3668 1702 3722 αὐτῶν
1762 3668 1986 3721 ἐκείνων

403 3761 567 3830 φημί.
604 3761 742 3829 Φησὶ
770 3760 951 3814 τοίνυν
1003 3763 1029 3813 6
1058 3761 1162 3831 μὲν
1213 3761 1439 3831 Νύσσης
1497 3761 1638 3821 θεῖος
1686 3762 1986 3831 Γρηγόριος

402 3854 536 3920 πρὸς
574 3852 843 3921 Εὺνόμιον
878 3854 1129 3923 γράφων,
1165 3853 1278 3923 δδδὴ
1310 3855 1404 3909 καὶ
1436 3854 1680 3918 εἰπόντες
1716 3854 1982 3923 ἔφθημεν,

413 3947 472 3998 ’0
502 3947 632 4008 Θεὸς
657 3949 773 3999 ἐστι
810 3948 932 3998 καθ’
988 3947 1200 4012 ἐαυτὸν,
1235 3948 1262 4000 6
1292 3966 1343 4001 τι
1374 3949 1505 4000 ποτέ
1538 3949 1631 4000 καὶ
1658 3944 1796 4001 εἶναι
1828 3947 1988 4000 πεπί-

404 4057 643 4093 στευται.
682 4039 1037 4107 Ὀνομάςεται
1084 4040 1141 4092 δέ
1182 4041 1334 4110 παρὰ
1387 4041 1497 4093 τῶν
1537 4041 1988 4108 ἐπικαλουμένων

404 4135 503 4187 οὐκ
551 4133 682 4186 αὐτὸ
740 4132 767 4184 6
825 4132 998 4197 ἐστιν,
1042 4134 1158 4185 ἀλλ’
1218 4133 1276 4198 ἐξ
1305 4127 1380 4186 ὧν
1411 4136 1655 4203 ἐνεργεῖν
1714 4135 1838 4202 περὶ
1890 4138 1988 4203 τὴν

402 4222 548 4295 ζωὴν
576 4225 733 4294 ἡμῶν
762 4223 1147 4278 πεπίστευται.
1186 4224 1290 4278 Καὶ
1318 4224 1452 4277 Θεὸν
1484 4224 1593 4295 γάρ
1621 4225 1784 4278 αὑτὸν
1806 4224 1991 4291 λέγον-

403 4334 521 4380 τες,
554 4318 644 4369 τὸν
667 4316 863 4386 ἔφορον
890 4318 985 4369 καὶ
1013 4319 1259 4385 ἐπόπτην
1288 4320 1385 4369 καὶ
1416 4318 1727 4389 διορατικὸν
1758 4318 1865 4369 τῶν
1898 4334 1987 4369 κε-

404 4409 739 4479 κρυμμένων
767 4408 1109 4477 ἐπινοοῦμεν.
1150 4410 1260 4463 Καὶ
1295 4410 1462 4462 πάλιν
1501 4410 1640 4479 πρὸς
1686 4410 1778 4461 τὸν
1826 4410 1990 4462 αὐτὸν

401 4506 429 4555 6
464 4501 646 4562 αὐτός’
698 4502 858 4555 Ἀλλὰ
882 4505 976 4555 καὶ
1003 4502 1102 4571 τὴν
1134 4504 1281 4567 Θεὸς
1310 4502 1496 4571 φωνὴν
1540 4503 1605 4553 ἐκ
1635 4504 1734 4570 τῆς
1761 4504 1989 4554 ἐποπτι-

2092 3303 2377 3372 Γρηγορᾶς
2442 3304 2578 3371 ἐρεῖ,
2633 3300 2783 3353 καὶὸ
2816 3300 2951 3369 πρὸς
3008 3301 3197 3353 ἀθεῖαν
3248 3301 3342 3352 καὶ
3391 3298 3672 3352 ἀπώλειαν

2088 3394 2280 3462 ὁδηγὸς
2322 3392 2489 3445 αὑτοῦ
2521 3392 2617 3445 καὶ
2662 3393 2857 3453 πλάνος
2893 3392 3196 3454 ’Δκίνδδνος
3226 3408 3242 3456 ;
3293 3392 3503 3449 Ὄντως
3538 3391 3676 3459 ἐμα-

2088 3484 2297 3553 ταιώθη
2337 3485 2432 3537 καὶ
2481 3484 2689 3537 τούτων
2726 3485 2756 3554 ἡ
2794 3487 3053 3547 ἀσύνετος
3099 3484 3321 3553 καρδία,
3355 3483 3498 3536 καθά
3540 3499 3673 3551 φησι

2090 3577 2261 3629 παλαι
2292 3580 2432 3647 πρὸς
2483 3578 2614 3639 τοὺς
2649 3577 2759 3629 τῶν
2801 3575 3075 3646 Ἐλλήνων
3107 3576 3308 3645 σοφοὺς
3346 3577 3375 3628 6
3418 3576 3677 3628 Ἀπόστο-

2088 3670 2208 3733 λος,
2265 3671 2359 3722 καὶ
2424 3668 2737 3736 φάσκοντες
2811 3662 2955 3723 εῖναι
3006 3671 3159 3738 σοφοὶ
3226 3667 3625 3739 ἐμωράνθησαν
3658 3684 3674 3699 ο

2090 3760 2279 3831 ἐπειδὴ
2306 3762 2403 3814 καὶ
2429 3755 2575 3815 οὗτοι
2608 3759 2709 3829 τὴν
2733 3760 2829 3815 τοῦ
2862 3763 2982 3824 ἐνὸς
3012 3764 3109 3815 καὶ
3153 3762 3317 3829 μόνου
3347 3760 3484 3813 Θεοῦ
3514 3758 3674 3822 δόξαν

2090 3849 2406 3919 κτισμάτων
2440 3850 2697 3919 λατρείας
2732 3852 2829 3903 καὶ
2864 3850 3158 3913 πολυθεϊας
3184 3850 3281 3904 καὶ
3329 3850 3523 3911 ἀθεῖας
3554 3848 3677 3901 κατ’

2090 3947 2333 4009 ἐκείνους
2367 3945 2555 4017 σχεδὸν
2604 3944 2931 4014 ἠλλάξαντο.
2976 3946 3106 4000 Ἰδοὺ
3136 3945 3244 4015 γὰρ
3279 3946 3379 4015 τὴν
3406 3943 3509 4013 τῆς
3560 3942 3677 4016 θεό-

2088 4056 2249 4107 τητος
2275 4037 2507 4090 ἐνταῦθα
2562 4039 2750 4108 φωνὴν
2786 4039 3018 4106 ᾁφέντες
3049 4038 3098 4089 οί
3142 4036 3412 4103 θεολόγοι,
3442 4038 3535 4088 καὶ
3566 4036 3675 4087 πᾶν

2090 4131 2195 4183 τῶν
2213 4130 2598 4183 ἀντιλεγόντων
2623 4130 2912 4197 ἀφελόντες
2942 4128 3357 4199 παραπέτασμα
3378 4127 3471 4181 καὶ
3496 4130 3675 4189 σκιὰν,

2088 4215 2168 4281 οἷς
2206 4220 2431 4282 ἑαυτοὺς
2459 4220 2602 4272 κατά
2630 4235 2693 4287 γε
2731 4221 2795 4271 τὰ
2823 4221 2935 4273 τῶν
2982 4198 3443 4289 ἑρπετῶνοίοδόλα
3490 4233 3671 4284 παρα-

2090 4312 2313 4365 6ύουσιν
2350 4313 2549 4365 ἐκεῖνοι
2597 4311 2949 4381 κακούργως,
2989 4309 3253 4379 θεότητας
3303 4308 3677 4361 ἀναπλάττον·

2089 4424 2180 4469 τες
2209 4412 2308 4467 τὰς
2346 4404 2421 4474 μὴ
2473 4403 2658 4469 οὔσας,
2698 4405 2790 4455 καὶ
2838 4402 3218 4463 θεοποιοῦντες
3265 4402 3510 4469 αἰσχρῶς
3551 4402 3680 4452 ἐαυ-

2089 4500 2203 4561 τοῖς
2234 4499 2301 4550 τὰ
2332 4498 2627 4566 κτίσματα,
2660 4496 2789 4565 περὶ
2818 4493 2986 4548 αὑτοῦ
3038 4495 3132 4547 τοῦ
3178 4494 3313 4546 Θεοῦ
3363 4490 3677 4560 θεολογοῦσι

401 4598 509 4661 κῆς
567 4595 846 4664 ἐνεργείας
902 4596 1303 4664 κεκρατηκέναι
1346 4593 1785 4659 κατελαϐόμεθαο
1850 4593 1991 4646 ὥστε
2026 4592 2070 4645 D
2097 4590 2299 4659 ῥητῶς,
2333 4590 2441 4643 ἀπὸ
2478 4590 2578 4654 τῆς
2612 4589 2797 4655 φωνῆς
2844 4587 2946 4655 τῆς
2978 4586 3231 4653 θεότητος
3267 4586 3359 4637 ἐπὶ
3400 4584 3503 4652 τὴν
3534 4582 3681 4647 Θεὸς

402 4690 500 4742 καὶ
529 4687 619 4739 διὰ
646 4688 837 4738 τούτου
872 4688 1105 4757 μερικήν
1130 4702 1252 4739 τινα
1280 4686 1377 4753 τῆς
1406 4687 1556 4747 θείας
1592 4686 1811 4754 φύσεως
1837 4687 1992 4751 ἐνέρ-

402 4798 556 4847 γειαν
582 4778 943 4847 διδαχθέντες,
981 4778 1079 4847 τῆς
1110 4778 1296 4839 ούσίας
1325 4778 1497 4847 αὐτῆς
1530 4781 1585 4829 ἐν
1614 4780 1871 4847 περινοίᾳ
1900 4780 1987 4831 διὰ

401 4877 502 4941 τῆς
534 4873 715 4939 φωνῆς
771 4869 976 4939 ταύτης
1009 4869 1109 4921 οὐκ
1150 4868 1478 4937 ἐγενόμεθα.
1521 4868 1632 4920 Καὶ
1662 4864 1817 4929 αὖθις
1853 4866 1990 4935 πρὸς

400 4966 495 5017 τὸν
520 4964 679 5015 αὐτόν
703 4980 715 4992 ·
763 4960 821 5013 '0
852 4961 961 5029 γὰρ
994 4960 1094 5030 τὴν
1120 4959 1357 5028 δύναμιν
1391 4958 1697 5028 παρασχὼν
1726 4962 1841 5020 τοῖς
1870 4956 1988 5010 οὖσι

402 5056 498 5109 τοῦ
530 5050 666 5106 εῖναι
716 5051 849 5113 Θεὸς
880 5051 977 5103 καὶ
1028 5051 1275 5119 ἐπόπτης
1316 5049 1425 5101 τῶν
1467 5050 1559 5101 ὑπ’
1588 5049 1799 5101 ἐκείνου
1834 5066 1990 5116 γεγο-

403 5149 573 5199 νότων
607 5145 744 5198 ἐστί.
797 5142 887 5211 Τῷ
920 5142 1057 5212 πρὸς
1112 5141 1401 5194 Ἀὁλάϐιον
1432 5144 1459 5193 6
1498 5141 1658 5203 αὐτὸς
1706 5142 1887 5202 πάλιν,
1916 5142 1989 5195 Τὸ

406 5238 570 5302 Θεὸς,
610 5237 796 5305 φησὶν.
825 5234 997 5301 ὄνομα
1021 5233 1302 5300 ἐνεργείας
1331 5234 1447 5284 ἐστὶ
1473 5232 1794 5300 δηλωτικόν.
1832 5234 1987 5300 Παρὰ

403 5332 514 5399 γαρ
537 5329 597 5381 τὸ
628 5327 770 5380 θέειν
809 5324 1086 5393 πανταχοῦ
1118 5324 1151 5389 ἦ
1184 5324 1409 5377 θεᾶσθαι
1441 5325 1471 5395 ἢ
1524 5325 1698 5377 αἴθειν
1754 5326 1852 5393 τὴν
1900 5343 1991 5393 gm-

407 5420 646 5491 χθηρίαν
694 5416 1493 5488 ὴτυμολόγηται.Ἀναστάσιος
1534 5416 1578 5467 δ’
1637 5410 1792 5477 αὖθις
1843 5419 1870 5468 6
1927 5420 1989 5467 ἐκ

405 5514 647 5577 Σιναίου,
690 5511 954 5580 Ὀσαχῶς,
986 5509 1174 5579 φησὶν,
1212 5511 1243 5579 ἡ
1277 5508 1420 5573 Θεὸς
1453 5510 1797 5579 προσηγορία
1829 5511 1886 5560 ἐν
1920 5512 1986 5577 τῇ

408 5608 600 5677 Γραφῇ
634 5604 895 5674 εἴρηται;
938 5601 1153 5665 διττῶς,
1197 5603 1356 5672 φύσει
1394 5602 1491 5654 καὶ
1550 5602 1774 5671 σχέσει·
1825 5601 1987 5667 φύσει

410 5699 510 5768 μὲν
537 5700 564 5750 6
601 5694 852 5763 ποιητὴς,
888 5695 1074 5762 σχέσει
1108 5694 1162 5745 δὲ
1197 5695 1290 5746 καὶ
1318 5693 1505 5761 χάριτι
1538 5693 1635 5744 καὶ
1693 5693 1741 5744 οί
1785 5692 1988 5745 δίκαιοι

409 5793 658 5857 λέγονται
684 5786 816 5839 θεοί.
852 5785 1126 5855 Πρόδηλον
1157 5786 1233 5848 δὲ,
1264 5787 1344 5837 ὅτι
1380 5785 1707 5854 ἐνεργητικὴ
1730 5783 1987 5852 τυγχάνει

408 5884 442 5952 ἡ
469 5879 612 5946 Θεὸς
639 5877 1003 5947 προσηγορία,
1028 5875 1147 5946 οὐχὶ
1179 5876 1236 5928 δὲ
1267 5876 1551 5946 ούσιώδης.
1581 5876 1654 5929 Ού
1683 5876 1789 5946 γὰρ
1817 5876 1985 5943 αὐτὴν

2096 4680 2284 4747 φωνὴν
2342 4679 2595 4743 ἐπίτηδες
2634 4677 2827 4745 ῶσπερ
2884 4675 3215 4746 μεταθέντες
3263 4675 3354 4727 τὸν
3389 4674 3567 4742 λόγον.
3614 4674 3679 4724 Τί

2093 4772 2206 4835 οῦν,
2233 4765 2277 4824 ὧ
2307 4771 2481 4838 σοφοὶ,
2509 4770 2604 4822 καὶ
2634 4772 2949 4837 καθηγηταί
2988 4768 3087 4836 τῆς
3134 4769 3297 4832 κενῆς
3326 4767 3561 4836 ταυτησὶ
3592 4766 3683 4817 πίε

2096 4882 2267 4927 στεως
2304 4865 2335 4934 ἢ
2373 4863 2680 4927 ἀπωλείας;
2717 4858 2827 4931 ἆρα
2869 4861 3087 4923 κτιστὸς
3133 4862 3231 4915 καὶ
3279 4860 3435 4921 οὗτος
3462 4861 3489 4910 6
3525 4859 3677 4921 Θεὸς,

2092 4956 2151 5008 δν
2176 4959 2223 5009 οἱ
2272 4957 2368 5024 τῆς
2418 4954 2701 5016 εὐσεϐείας
2753 4954 2901 5006 οῦτοι
2959 4955 3274 5023 καθηγηταί
3336 4952 3678 5018 θεολογοῦσιν

2093 5049 2353 5113 ἐνταῦθα,
2389 5048 2575 5117 ἐπειδὴ
2604 5050 2679 5117 μὴ
2710 5048 3101 5117 καταδέχονται
3135 5047 3334 5108 πάντες
3362 5045 3523 5114 ὁμοῦ,
3547 5044 3681 5097 καθ-

2092 5142 2237 5209 άπερ
2272 5139 2563 5208 ἠκούσατε,
2627 5140 2727 5206 τὴν
2756 5139 2908 5191 θείαν
2951 5138 3137 5190 οὐσίαν
3171 5136 3515 5205 παραδηλοῦν
3553 5134 3676 5186 τού-

2093 5250 2255 5300 νομα,
2290 5232 2389 5299 τῆς
2450 5231 2504 5282 δὲ
2552 5232 2793 5297 φυσικῆς
2851 5230 3139 5298 ἐνεργείας
3203 5224 3345 5281 εἶναι
3396 5227 3488 5279 τοῦ
3544 5224 3681 5278 Θεοῦ

2096 5324 2297 5393 μᾶλλον
2351 5324 2444 5375 καὶ
2498 5323 2773 5389 λέγεσθαι,
2807 5321 2834 5372 6
2874 5322 2938 5390 δὴ
2994 5323 3087 5374 καὶ
3143 5322 3236 5374 ἐπὶ
3282 5322 3381 5387 τῆς
3430 5319 3679 5388 θεότητος

2094 5417 2396 5484 φθασιντες
2426 5413 2528 5483 ήδη
2587 5413 2847 5473 πολλάκις
2872 5408 3059 5477 εἷπον;
3092 5413 3217 5466 Ἐπὶ
3238 5412 3337 5480 μὲν
3356 5410 3449 5463 οῦν
3466 5412 3561 5462 τοῦ
3581 5412 3678 5475 τῆς

2094 5510 2348 5579 θεότητος
2370 5508 2653 5575 ὀνόματος,
2676 5506 2865 5575 ἐπειδὴ
2900 5507 3084 5577 μὴτὴν
3117 5507 3308 5559 οὐσίαν
3342 5504 3516 5574 αὐτὴν
3546 5504 3682 5554 ἀλλὰ

2091 5602 2190 5670 τὴν
2208 5599 2440 5666 ούσιώδη
2458 5598 2659 5667 ταύτης
2680 5600 2968 5667 ἐνέργειαν
2990 5598 3191 5666 μᾶλλον
3208 5593 3350 5649 εἶναι
3366 5595 3509 5648 τοῦτ’
3529 5589 3620 5647 είπ
3637 5614 3679 5643 ιν

2090 5696 2138 5747 οί
2168 5692 2405 5759 θεολόγοι
2432 5691 2522 5743 διὰ
2552 5690 2792 5754 πολλῶν,
2814 5688 3170 5757 ἐκφεύγοντες
3197 5690 3354 5742 αὐτοὶ
3371 5689 3462 5741 τόν
3483 5704 3539 5739 τε
3578 5686 3677 5751 τῆς

2093 5785 2332 5853 φυσικῆς
2356 5784 2639 5853 ἐνεργείας
2660 5784 2753 5835 τοῦ
2774 5784 2909 5836 Θεοῦ
2927 5784 3084 5847 λόγον
3105 5784 3314 5853 ἐξίσης,
3336 5783 3432 5837 καὶ
3485 5784 3544 5835 τὸ
3562 5799 3679 5834 κτιν

2095 5876 2223 5947 στὴν
2242 5875 2404 5945 δῆθεν
2429 5876 2823 5945 βλασφημῆσαι
2859 5874 2954 5928 τοῦ
2988 5872 3125 5929 Θεοῦ
3162 5877 3259 5941 τὴν
3293 5876 3547 5941 θεότητα,
3569 5872 3677 5927 ἀπὸ
