4488 6444
388 415 523 482 ἶο29

1195 404 1499 467 CONTRA
1530 401 1954 465 GREGORAM
1998 401 2753 465 ANTIRRHETICORUM
2801 408 2871 467 Χ.

3490 408 3637 471 1030

384 546 608 599 ταυτην,
650 528 777 582 ὅσον
810 523 905 580 ἐπί
932 540 995 591 γε
1030 526 1099 595 τῇ
1143 523 1397 593 προφορᾷ
1426 523 1516 574 καὶ
1542 524 1608 592 τῇ
1642 520 1785 585 λέξει
1816 518 1956 579 τέως
1986 522 2027 576 Α
2059 518 2288 585 δυνάμει
2345 515 2658 584 Πνεύματος
2705 517 2855 571 θείου
2908 517 3189 571 παθόντων
3228 516 3362 587 ἐμοῦ
3397 522 3490 572 καὶ
3534 539 3640 589 μα-

384 623 663 691 φημὶνσεῑς
686 621 893 686 κτίσμα
918 634 981 685 γε
1006 616 1111 685 μὴν
1148 616 1241 669 καὶ
1269 612 1424 677 αὖθις
1457 615 1757 684 ἐπιχειρεῖν
1786 629 1957 664 κατα-

386 716 530 783 σπᾷν
561 712 764 773 ἀθέως.
801 709 1041 773 Ἐπειδὴ,
1080 712 1215 777 φησὶ
1257 707 1531 769 Διονύσιος
1576 709 1604 759 ὀ
1647 704 1758 756 τῶν
1783 702 1957 755 τοιού-

379 823 489 858 των
516 804 660 872 ίερὸς
710 803 1031 872 καθηγητὴς
1064 818 1121 852 τε
1158 802 1249 853 καί
1287 799 1567 865 θεολόγος,
1605 799 1830 865 μίμημα
1864 798 1958 847 καὶ

384 897 570 965 σχέσιν
622 896 826 961 ταύτην
880 894 1177 961 προσεῖπεν
1228 887 1372 942 εἶναι
1423 890 1525 955 τὴν
1577 888 1793 940 θέωσιν,
1850 888 1958 939 Καὶ

379 992 583 1042 τοιόνδε
644 990 743 1058 μὲν
790 988 850 1039 τὸ
894 967 1154 1056 προτεθὲν
1187 988 1250 1055 τῇ
1291 985 1493 1052 συνόδῳ
1544 983 1858 1051 κεφάλαιον,
1900 981 1958 1032 ἐν

380 1083 492 1134 τῶν
549 1083 687 1134 ἐπτὲι
733 1080 978 1149 πεφηνὸς
1033 1080 1284 1139 ἐκείνων,
1334 1078 1479 1145 ἀπερ
1530 1076 1593 1128 ἐκ
1637 1075 1732 1127 τοῦ
1788 1074 1956 1141 τόμου

379 1178 595 1245 φθάσας
627 1176 816 1243 εἰληφε
861 1173 1169 1244 Γρηγορᾶς,
1217 1171 1292 1231 ὡς
1345 1170 1507 1232 αὐτὸς
1558 1168 1765 1227 ἐκεῖνός
1799 1183 1953 1236 φησι,

380 1267 475 1319 καὶ
507 1266 730 1332 τοιαύτη
768 1263 922 1330 παρά
947 1264 1045 1329 τῆς
1084 1261 1251 1315 αὐτοῦ
1282 1262 1596 1331 συμμορίας
1631 1259 1662 1327 ἡ
1694 1260 1832 1311 κατὰ
1862 1259 1955 1309 τοῦ

379 1359 682 1424 κεφαλαίου
706 1358 915 1424 γραφη,
934 1357 999 1424 ἣν
1026 1356 1121 1409 καὶ
1152 1356 1285 1424 πρὸς
1311 1356 1562 1422 ἀνάγκης
1591 1349 1657 1423 ἦν
1687 1352 1956 1423 δήπουθεν

378 1455 446 1520 τῇ
481 1449 683 1517 συνόδῳ
713 1465 772 1500 τε
811 1451 906 1500 καὶ
949 1448 1026 1515 τῷ
1050 1448 1202 1516 τόμῳ
1242 1446 1415 1499 λύειν.
1467 1445 1578 1498 Καὶ
1610 1446 1673 1515 δὴ
1733 1447 1957 1497 σκοπεῖν

380 1543 520 1605 ἀξιῶ
542 1542 642 1603 τάς
682 1557 737 1592 τε
772 1541 1068 1609 προτάσεις
1094 1541 1194 1592 καὶ
1222 1540 1282 1591 τὸ
1324 1541 1698 1608 συμπέρασμα
1730 1537 1837 1589 τῶν
1868 1538 1957 1588 λο-

381 1633 623 1701 γοποιῶν
664 1649 719 1684 τε
768 1634 863 1683 καὶ
914 1632 1457 1697 σοφιστῶντούτων,
1505 1631 1598 1682 καὶ
1630 1629 1695 1698 δὴ
1733 1631 1828 1682 καὶ
1856 1630 1955 1696 τὴν

380 1725 602 1775 εὐθεῖαν
641 1722 736 1773 καί
769 1720 985 1787 ἀπλανῆ
1016 1724 1113 1791 τῆς
1143 1722 1368 1775 συνόδου
1409 1720 1587 1773 λύσιν.
1623 1721 1685 1774 Οἱ
1718 1721 1817 1787 μὲν
1842 1723 1954 1787 γὲιρ

2065 610 2287 670 θόντων.
2318 610 2411 661 καὶ
2449 609 2515 677 δὴ
2549 611 2645 661 καὶ
2668 610 2961 673 δειξάντων
2998 613 3181 665 ἐκεῖνα
3216 613 3415 675 καλῶς.
3465 613 3569 678 Οὓς
3607 616 3636 666 6

2065 701 2164 770 μὲν
2199 701 2486 770 φιλόσοφος
2522 702 2559 752 Γ
2566 704 2806 772 ρηγορᾶς
2835 704 3071 773 ἀφανείᾳ
3098 705 3192 756 καὶ
3221 708 3349 776 σιγῇ
3388 707 3642 759 παντελεῖ

2070 791 2340 855 δεδωκὼς,
2380 797 2517 859 μετά
2552 793 2651 861 τῆς
2688 793 2838 856 Θείας
2866 797 2955 847 καὶ
2980 795 3193 865 ὑψηλῆς
3223 799 3435 867 ἐκείνης
3462 799 3643 852 θεολο-

2062 886 2207 949 γίας.
2236 886 2330 937 ἆτε
2368 885 2432 954 δὴ
2457 885 2549 939 καὶ
2585 886 2719 955 μηδέ
2749 887 3067 958 ἀντιϐλέψαι
3099 889 3351 957 δυνηθεὶς
3380 894 3515 961 πρὸς
3539 896 3638 956 τὰς

2062 977 2210 1039 θείας
2249 979 2460 1039 ἐκείνας
2498 978 2744 1043 ἀκτῖνας,
2793 978 2981 1047 ὥσπερ
3028 982 3137 1034 οὐδ’
3183 984 3238 1035 αί
3271 982 3509 1051 γλαῦκες
3547 981 3641 1036 αῦ-

2060 1087 2146 1122 ται
2183 1070 2278 1121 καὶ
2316 1070 2364 1119 οί
2404 1071 2720 1135 ἀσπάλακες
2761 1072 2901 1143 πρὸς
2928 1074 3024 1135 τὰς
3070 1075 3335 1142 αἰσθητὰς
3365 1076 3459 1128 τοῦ
3483 1076 3636 1146 ἡλίου

2063 1162 2461 1229 μαρμαρυγὰς,
2510 1162 2702 1215 ἔπειτα
2751 1165 2843 1217 καὶ
2879 1168 3261 1236 ἀναισχυντεῖν
3311 1170 3405 1220 καὶ
3452 1170 3638 1222 ἐπανί-

2062 1252 2291 1304 στασθαι
2316 1255 2381 1323 τῇ
2410 1271 2467 1306 τε
2493 1254 2613 1307 καθ’
2636 1256 2783 1325 ἡμᾶς
2809 1258 2929 1326 ἱερᾷ
2956 1258 3178 1327 συνόδῳ,
3203 1260 3294 1311 καὶ
3323 1260 3400 1326 τῷ
3434 1262 3637 1330 ταύτης

2061 1342 2288 1396 θεοειδεῖ
2313 1345 2463 1411 τόμῳ
2494 1346 2553 1397 ού
2589 1348 2734 1414 μάλα
2756 1348 2783 1399 6
2814 1348 3036 1417 ἀναιδὴς
3067 1350 3318 1412 αἰδεῖται,
3355 1353 3476 1405 ούδέ
3510 1355 3638 1424 ἐρυ-

2062 1433 2226 1503 θριᾷ⁹
2268 1437 2427 1503 ἡμεῖς
2478 1438 2532 1489 δὲ
2578 1440 2671 1491 καὶ
2711 1440 2859 1506 μάλα
2901 1443 3115 1509 τρανῶς
3175 1445 3264 1495 καλ.
3293 1444 3379 1497 διά
3426 1445 3637 1497 π’λλῶν

2058 1527 2338 1594 ἐδείξαμεν
2360 1529 2460 1597 ἤδη
2487 1530 2873 1597 θεολογοῦντας
2901 1534 3145 1597 ἐκείνους
3198 1536 3260 1587 οὐ
3292 1536 3452 1604 μόνον
3480 1537 3639 1607 ἄσχε-

2057 1636 2147 1671 τον
2179 1621 2268 1670 καὶ
2298 1620 2577 1687 ἀμίμητον
2607 1622 2773 1674 οὖσαν
2802 1623 2901 1693 τὴν
2940 1625 3198 1695 μίμησιν,
3250 1628 3343 1679 καὶ
3372 1627 3470 1698 τὴν
3514 1629 3639 1697 σχέ-

2060 1725 2144 1761 σιν
2186 1710 2422 1778 ὲκείνην,
2472 1712 2547 1773 ὡς
2582 1713 2654 1782 μὴ
2696 1714 2899 1781 μᾶλλον
2946 1717 3175 1785 μίμημα
3221 1720 3313 1770 καὶ
3355 1718 3543 1789 σχέσιν
3603 1720 3637 1790 ἢ

378 1814 481 1882 τὴν
516 1814 615 1880 μὲν
649 1812 909 1864 ἐλάττονα,
933 1813 1040 1864 τῶν
1065 1812 1405 1877 προτάσεων,
1438 1812 1513 1875 ὥς
1536 1830 1719 1879 φασιν,
1751 1812 1815 1863 ἐκ
1860 1810 1951 1861 τοῦ
1984 1849 2029 1907 Β
2062 1802 2342 1869 ἀμίμητόν
2372 1819 2429 1854 τε
2465 1805 2561 1856 καὶ
2590 1806 2819 1874 ἄσχετον
2847 1807 3174 1875 πεφυκυῖαν,
3208 1811 3284 1872 ὡς
3316 1811 3455 1881 ὑπὲρ
3482 1812 3639 1866 τοῦτό

381 1901 526 1952 θείου
565 1902 840 1953 Διονυσίου
879 1902 1153 1965 λαϐόντες,
1187 1903 1413 1970 μίμημα
1445 1906 1541 1955 καὶ
1574 1903 1758 1970 σχέσιν
1785 1918 1954 1969 προσ-

378 1993 667 2061 ειρηκότος
703 1991 802 2060 τὴν
848 1991 1094 2044 θεοποιδν
1128 1993 1335 2062 δωρεὰν
1364 1993 1461 2045 τοῦ
1493 1991 1809 2060 Πνεύματο
1858 1993 1953 2043 καὶ

378 2084 684 2150 ἐνέργειαν,
726 2084 876 2151 παρὰ
920 2084 977 2136 δὲ
1028 2085 1179 2150 σφῶν
1216 2083 1398 2135 αὐτῶν
1448 2083 1587 2152 μετά
1624 2083 1819 2151 πολλῆς
1854 2084 1951 2149 τῆς

377 2174 561 2235 ἀδείας
606 2175 1012 2240 εξσενεγκόντες
1061 2175 1164 2244 τὴν
1211 2175 1457 2242 μείζονα,
1495 2175 1615 2229 οὐδέ
1655 2175 1763 2244 γάρ
1803 2174 1958 2241 ἔχου-

379 2282 465 2316 σιν
518 2267 584 2316 ἐκ
635 2265 743 2315 τῶν
799 2264 1071 2330 θεολόγων
1125 2266 1294 2332 δεῖξαι
1326 2267 1384 2317 τὸ
1430 2267 1678 2335 μίμημα,
1730 2266 1825 2318 καὶ
1853 2264 1952 2334 τὴν

379 2362 566 2425 σχέσιν
590 2358 685 2408 ἐπὶ
716 2356 851 2408 Θεοῦ
886 2358 1156 2425 κτίσματα
1193 2358 1431 2427 ῥηθέντα
1474 2357 1626 2419 ποτὲ,
1662 2358 1710 2410 εἰ
1744 2358 1817 2427 μή
1846 2372 1950 2409 που

373 2449 501 2510 τοὺς
530 2448 641 2500 τῶν
696 2449 965 2513 Ἑλλήνων
1012 2448 1233 2514 σοφοὺς,
1269 2448 1344 2510 ῶς
1394 2465 1561 2516 φησιν
1599 2452 1627 2502 6
1660 2448 1951 2516 φιλόσοφος

372 2535 552 2603 οὗτος,
586 2540 923 2607 τυραννικῶς
955 2541 1331 2608 ἐπεισενέγκοι
1369 2542 1435 2610 τῇ
1470 2541 1591 2611 θείᾳ.
1626 2541 1942 2609 φιλοσοφία.

374 2634 486 2686 Καὶ
515 2634 696 2695 πάλιν,
747 2632 776 2685 ὃ
814 2632 877 2701 δὴ
908 2632 1005 2684 κοιλ⁵
1045 2630 1389 2700 πεποιηκὼς,
1415 2632 1474 2684 ού
1518 2633 1727 2702 κτίσμα
1762 2635 1945 2702 μόνον,

375 2723 513 2774 ἀλλὰ
546 2725 637 2773 καὶ
672 2723 1024 2791 ἀνύπαρκτον
1064 2725 1158 2775 καὶ
1206 2726 1279 2793 μὴ
1318 2725 1378 2775 δν
1418 2725 1798 2779 ἀποδεικνύειν
1828 2728 1948 2778 ἐπι-

375 2816 549 2881 χειρεῖ
573 2815 767 2875 ταῦτα,
801 2815 900 2866 τὴν
940 2816 1067 2880 γοῦν
1103 2817 1327 2884 μείζονα
1360 2816 1467 2871 τῶν
1496 2819 1839 2885 προτάσεων,
1868 2822 1944 2883 ὡς

374 2902 549 2966 ἔφην,
614 2903 849 2955 κάκιστα
910 2904 1158 2967 λαϐόντες
1220 2907 1347 2973 παρ’
1387 2906 1599 2958 ἑαυτῶν
1652 2906 1823 2977 ψευδῆ
1882 2929 1941 2963 τε

376 2990 666 3057 προφανῶς
691 2994 784 3041 καὶ
820 2994 1085 3060 μηδαμῶς
1116 2996 1254 3059 πρὸς
1280 2997 1406 3057 τοὺς
1429 2997 1609 3065 ἱεροὺς
1634 2999 1939 3068 βλέπουσαν

375 3079 585 3146 λόγους,
631 3083 690 3133 οὐ
742 3081 933 3149 ψευδὲς
981 3085 1165 3152 μόνον,
1224 3087 1359 3140 ἀλλά
1406 3090 1499 3141 καὶ
1581 3073 1841 3155 δυσσεϐὲς
1882 3111 1941 3146 τε

2060 1911 2117 1945 τε
2156 1896 2380 1946 κάκεῖνο
2411 1898 2553 1948 κατὰ
2585 1901 2748 1966 φύσιν
2781 1896 2969 1963 οὖσαν,
3011 1904 3103 1954 καὶ
3147 1905 3228 1955 ὄτι
3279 1906 3340 1957 τὸ
3382 1905 3634 1975 μίμημα,

2062 1988 2156 2036 καὶ
2185 1986 2247 2051 δὴ
2276 1987 2371 2036 καὶ
2402 1986 2461 2038 τὸ
2493 1988 2741 2056 ἐνεργεῖν
2768 1991 2882 2060 ἅμα
2917 1994 3009 2044 καὶ
3042 1994 3408 2063 ἐνεργεῖσθαι,
3438 1997 3636 2050 τοσαύ-

2061 2093 2160 2142 την
2187 2077 2323 2129 κάπὶ
2348 2078 2454 2129 τῶν
2488 2079 2646 2132 θείων
2667 2099 2725 2133 τε
2758 2086 2847 2134 καὶ
2876 2086 3149 2140 ἀκτίστων
3182 2089 3387 2159 ἴσχουσι
3421 2092 3629 2162 χώραν,

2060 2166 2136 2230 ὡς
2168 2170 2226 2221 τὸ
2262 2172 2361 2238 μὲν
2408 2176 2500 2227 καὶ
2538 2176 2627 2227 ἐπ’
2653 2177 2818 2229 αὑτοῦ
2849 2179 2943 2231 τοῦ
2989 2182 3327 2249 Μονογενοῦς
3373 2187 3635 2256 ἀσφαλῶς

2060 2260 2291 2324 ἐκείνοις
2318 2265 2599 2332 εἰρῆσθαι,
2646 2269 2705 2320 El
2736 2270 2874 2338 αῦτη
2911 2274 3002 2325 καὶ
3036 2275 3165 2345 γάρ,
3206 2280 3394 2346 φησὶν,
3422 2283 3631 2346 είκόνος

2061 2354 2245 2441 φύσις,
2289 2358 2516 2425 μίμημα
2562 2355 2701 2412 εἶναι
2754 2361 2851 2413 τοῦ
2903 2366 3254 2434 ἀρχετύπου,
3302 2372 3362 2424 τὸ
3417 2374 3475 2427 δὲ
3525 2376 3629 2441 τῆς

2058 2431 2342 2513 ἐνεργείας
2383 2449 2552 2513 ὄνομα
2582 2453 2676 2504 καὶ
2724 2452 2861 2521 πρὸς
2891 2455 2991 2525 τὴν
3023 2460 3297 2531 πατρικὴν
3326 2462 3626 2529 ὑπόστασιν

2058 2536 2198 2588 κατά
2248 2538 2354 2589 τῶν
2388 2580 2392 2584 .
2422 2540 2708 2608 ’Λρειανῶν
2757 2545 3085 2610 ἐνστατικῶς
3129 2550 3430 2620 ἀναχθῆναι
3474 2556 3619 2608 τότε.

2063 2631 2242 2683 Ἔστω
2274 2634 2365 2684 καὶ
2393 2634 2519 2701 γὰρ,
2560 2636 2712 2703 φησὶ,
2740 2637 2799 2689 τὸ
2830 2641 3033 2707 Πατὴρ
3067 2645 3159 2696 καὶ
3190 2647 3474 2715 ἐνεργείας
3501 2651 3619 2705 ὄνου

2058 2739 2132 2791 μα
2167 2725 2310 2774 κατὰ
2336 2724 2427 2776 τὸν
2463 2726 2726 2795 ὑμέτερον
2782 2730 2938 2799 λόγον
2963 2751 2977 2765 ’
3017 2737 3125 2789 οὐδ’
3158 2722 3330 2803 οὕτως
3362 2743 3510 2813 ἡμᾶς
3533 2747 3620 2797 αί-

2057 2814 2276 2881 ρήσετε.
2307 2814 2448 2866 Αὐτὸ
2477 2816 2532 2868 δὲ
2576 2818 2733 2870 τοῦτο
2774 2821 3080 2892 ἐνηργηκὸς
3113 2828 3177 2879 ἂν
3219 2831 3303 2898 είη
3333 2834 3390 2885 τὸ
3420 2836 3619 2904 ὁμοού·

2054 2921 2191 2956 σιον.
2229 2906 2333 2956 Καὶ
2372 2907 2539 2959 τᾶλλα
2571 2909 2668 2960 σὺν
2699 2910 2908 2975 τούτοις
2940 2919 3103 2985 φημὶ,
3137 2920 3235 2972 ὅσα
3264 2922 3329 2992 δὴ
3362 2927 3488 2995 περὶ
3512 2929 3618 2979 τιῖν

2052 2997 2230 3048 αὐτῶν
2280 2999 2537 3062 ὡσαύτως
2582 3004 2632 3053 οί
2684 3005 2942 3073 ῥηθέντες
3005 3009 3150 3063 οῦτοι
3203 3013 3442 3083 θεολόγοι
3477 3021 3615 3086 φθά-

2054 3103 2243 3150 σαντες
2297 3091 2722 3149 ἐκδιδάσκουσιν.
2766 3097 2844 3148 Οὐ
2886 3099 3048 3166 μόνον
3094 3108 3386 3172 τοιγαροῦν
3441 3113 3615 3165 ταῦτα

374 3168 471 3217 καὶ
508 3169 667 3220 ἄθεον
697 3173 980 3239 ἐπήγαγον
1010 3174 1070 3223 τὸ
1108 3177 1501 3245 συμπέρασμα,
1549 3182 1774 3250 κτιστὴν
1806 3184 1940 3235 ἀπο-
1968 3199 2011 3256 c
2045 3181 2136 3232 καὶ
2170 3184 2238 3233 τὰ
2267 3184 2495 3238 τοιαῦτα
2530 3188 2656 3250 τοὺς
2692 3192 2907 3255 κοινῦὺς
2938 3194 3032 3262 τῆς
3069 3168 3396 3269 Ἐκκλησίας
3435 3206 3613 3259 Πατέ-

374 3261 671 3327 φηνάμενοι
701 3261 798 3329 τὴν
830 3263 1057 3329 θεότητα
1089 3266 1182 3317 τοῦ
1210 3266 1372 3320 Θεοῦ.
1416 3270 1481 3321 Ἠ
1512 3271 1566 3322 δὲ
1618 3272 1740 3324 καθ’
1788 3276 1934 3342 ἡμᾶς

373 3350 493 3416 ἱερὰ
524 3350 615 3400 τοῦ
662 3352 895 3419 Χριστοῦ
930 3357 1142 3416 σύνοδος
1165 3355 1261 3425 τὴν
1303 3358 1402 3424 μὲν
1445 3360 1640 3427 ἑτέραν
1671 3364 1774 3413 τῶν
1806 3381 1936 3430 προ-

370 3441 605 3506 τάσειυν,
658 3444 715 3493 ού
772 3447 906 3495 κατὰ
960 3446 1083 3507 τοὺς
1136 3450 1471 3514 συκοφάντας
1519 3454 1659 3521 φημὶ
1691 3453 1933 3518 τούτους,

310 3544 317 3551 ·
370 3531 508 3582 ἀλλά
538 3536 671 3584 κατᾶ
702 3533 797 3601 τὴν
830 3537 868 3584 is
884 3536 981 3599 ράν
1015 3537 1277 3608 δεξαμένη
1322 3541 1618 3609 θεολογίαν,
1657 3547 1936 3614 ἀμίμητον

370 3625 480 3691 γὰρ
514 3624 754 3691 μίμημα,
790 3628 877 3676 καὶ
912 3628 1096 3694 σχέσιν
1126 3630 1352 3699 ἄσχετον
1381 3633 1427 3684 οἱ
1457 3635 1698 3703 θεολόγοι
1732 3641 1935 3709 ταύτην

370 3715 524 3778 φασὶ,
552 3717 649 3781 τὴν
671 3715 716 3766 δ’
752 3717 943 3785 έτέραν
977 3719 1051 3779 ὡς
1091 3720 1243 3772 νόθον
1273 3739 1331 3773 τε
1369 3726 1463 3776 καὶ
1493 3726 1685 3794 ψευδῆ,
1720 3733 1936 3798 καὶτῆς

372 3806 524 3872 ἱερᾶς
558 3805 832 3870 θεολογίας
866 3808 1138 3875 ἐξεῦριστον
1173 3816 1545 3883 ἀπορρίψασα,
1583 3820 1817 3890 οὐδαμοῦ
1843 3828 1936 3878 καὶ

367 3895 476 3960 γὰρ
518 3896 702 3961 ἐκείνη
745 3897 841 3964 τήν
886 3898 1139 3969 τοιαύτην
1186 3901 1465 3975 θεοπρεπῆ
1508 3911 1689 3977 σχέσιν
1732 3930 1792 3964 τε
1842 3917 1932 3967 καὶ

371 3986 607 4052 μίμησιν
637 3983 745 4038 οἶδε
793 3990 1041 4061 κτιστην,
1074 3993 1270 4047 πολλοῦ
1304 4013 1365 4063 γε
1400 3998 1499 4064 δεῖ,
1546 4004 1638 4055 καὶ
1682 4004 1931 4075 ἀνύπαρ-

365 4092 492 4126 κτον
525 4078 617 4128 καὶ
650 4078 723 4148 μὴ
757 4075 943 4143 οὖσαν,
979 4082 1116 4135 κατὰ
1157 4085 1446 4156 Γρηγορᾶν
1498 4109 1642 4160 φημι
1695 4099 1927 4160 τουτονὶ,

363 4170 458 4221 καὶ
493 4170 686 4236 ψευδὲς
716 4173 831 4239 ἅμα
863 4174 955 4226 καὶ
991 4175 1246 4239 δυσσεϐὲς
1277 4196 1335 4231 τε
1378 4187 1465 4233 καὶ
1497 4183 1657 4239 ἄθεον
1700 4190 1760 4240 τὸ
1801 4189 1926 4241 τού-

361 4273 471 4307 των
502 4259 892 4328 συμπέρασμα,
937 4265 1079 4316 καθὰ
1111 4265 1173 4333 δὴ
1207 4270 1298 4321 καὶ
1340 4271 1613 4342 προύφην,
1659 4276 1927 4349 λαμπρῶς

361 4348 649 4414 ἀπέδειξαν
735 4350 877 4418 λέγω
926 4355 987 4423 δη
1032 4358 1089 4408 τὸ
1125 4359 1335 4427 κτίσμα
1364 4365 1481 4415 κατ’
1518 4367 1758 4432 ἐκείνους
1804 4390 1929 4424 συν-

362 4439 495 4504 άγον
524 4440 622 4508 τὴν
666 4439 915 4496 θεοποιὸν
961 4446 1053 4498 τοῦ
1103 4450 1418 4519 Πνεύματος
1460 4456 1673 4525 δωρεάν
1724 4479 1781 4514 τε
1835 4464 1927 4517 καὶ

359 4530 521 4595 χάριν
546 4532 644 4600 τὴν
678 4534 826 4602 ἱερὰν
856 4534 1072 4601 θέωσιν,
1100 4541 1269 4610 αὐτήν
1295 4561 1433 4613 φημι
1468 4550 1566 4615 τὴν
1596 4553 1716 4604 καθθ
1748 4553 1924 4623 ῦπαρ·
1959 4533 2001 4587 D

363 4617 442 4680 ξιν
478 4618 703 4688 θεότητα
740 4622 830 4674 τοῦ
866 4624 1025 4683 Θεοῦ,
1056 4629 1177 4681 καθ’
1218 4632 1284 4701 ἦν
1328 4636 1354 4685 6
1396 4637 1556 4703 μόνος
1582 4642 1722 4695 κατὰ
1762 4644 1925 4709 φύσιν

361 4709 491 4770 Θεὸς
519 4711 645 4772 τοὺς
673 4712 896 4776 πολλοὺς
938 4719 1079 4769 κατά
1127 4721 1286 4789 χάριν
1333 4725 1553 4788 τούτους
1592 4730 1747 4793 θεοὺς
1782 4736 1923 4803 ὑπὲρ

360 4800 518 4866 φύσιν
550 4802 858 4868 ἐργάζεται,
893 4808 985 4858 καὶ
1020 4809 1075 4861 αί
1113 4813 1318 4865 τούτων
1352 4818 1656 4884 ἀποδείξεις
1700 4824 1758 4875 οὺ
1805 4826 1921 4877 λίαν

360 4890 662 4955 ἀξιόπιστοι
713 4898 801 4946 καὶ
855 4898 1200 4968 θεοπρεπεῖς.
1249 4904 1385 4958 Οὔτε
1435 4911 1557 4978 γὰρί
1582 4914 1920 4981 ἀποφάνσεις

358 4982 521 5033 υίονεὶ
557 4987 646 5035 καὶ
672 4991 965 5056 τυραννικὰ
991 4994 1080 5044 καὶ
1112 4995 1369 5051 Σικελικά
1406 5000 1761 5073 θεσπίσματα,
1783 5013 1922 5065 κατὰ

362 5074 446 5125 τὸν
478 5074 753 5144 ἄπληστον
790 5084 1131 5155 συκοφάντην
1159 5091 1303 5157 φημὶ
1332 5092 1439 5143 τῶν
1490 5096 1662 5163 ἁγίων
1698 5102 1918 5167 τοῦτον,

353 5164 467 5217 οὔτ’
499 5167 561 5216 ἐκ
594 5168 689 5236 τῆς
739 5178 1189 5247 καταργουμένης
1237 5182 1417 5234 ἐκεῖνα
1463 5188 1559 5238 καὶ
1610 5206 1922 5263 μεμωραμ-

356 5257 523 5325 μένης
552 5258 733 5321 ἁπλῶς
764 5261 872 5314 τῶν
900 5263 1005 5326 ἔξω
1038 5269 1245 5333 σοφίας,
1277 5272 1390 5325 ἀλλ’
1416 5276 1474 5340 ἐξ
1506 5280 1683 5334 αὐτῶν
1719 5283 1919 5357 δηλαιῖὴ

350 5349 459 5399 τῶν
493 5349 804 5419 θεολήπτων
834 5355 1090 5427 Πατέρων
1118 5361 1210 5412 καὶ
1235 5363 1521 5433 θεολόγων,
1547 5349 1827 5429 Διονυσίου
1861 5349 1919 5433 τέ

352 5457 495 5508 φημι
528 5443 619 5493 καὶ
649 5443 958 5517 Γρηγορίων
983 5452 1118 5517 ὁμοῦ
1154 5454 1263 5507 τῶν
1287 5460 1489 5534 σρφῶν,
1523 5465 1618 5517 καὶ
1649 5469 1746 5521 σὺν
1780 5473 1920 5525 ὲκεί-

351 5548 459 5592 νοις
502 5536 594 5584 καὶ
629 5534 747 5602 μετ’
776 5539 1018 5604 ἐκείνους
1060 5544 1313 5615 Μαξίμου
1362 5554 1457 5605 τοῦ
1506 5556 1603 5624 τῆς
1642 5557 1919 5630 θεολογίας

349 5624 550 5724 τεικαὶ
596 5625 885 5724 ὁμολογίας
920 5636 1156 5702 στερῤοῦ
1226 5641 1438 5709 στύλου,
1483 5648 1542 5699 οὐ
1588 5651 1711 5702 καθ’
1743 5624 1912 5724 ὑπερ-ί

349 5714 479 5782 οχὴν
510 5716 670 5783 λόγου
710 5716 768 5771 τέ
795 5723 887 5772 καὶ
919 5726 1107 5792 σοφίας
1131 5729 1481 5805 ἀνθρωπίνης
1521 5742 1657 5792 κατὰ
1684 5744 1775 5797 τὸν
1804 5714 1916 5801 κόι-

346 5806 438 5859 νόν
473 5824 613 5878 φημι
648 5810 962 5870 διδάσκαλον
1004 5819 1235 5889 Παῦλον,
1267 5824 1383 5878 ἀλλ’
1411 5830 1468 5883 ἐν
1508 5832 1779 5898 ἀποδείξει
1817 5844 1908 5893 καὶ

2012 5845 2108 5913 οὐχ
2134 5849 2311 5914 ἡμεῖς,
2350 5850 2397 5901 εἰ

2042 3287 2137 3339 ρας
2169 3273 2264 3324 καὶ
2312 3274 2665 3340 διδασκάλους
2713 3284 2979 3353 λαμπρῶς
3026 3287 3481 3359 τεθεολογηκότας
3516 3298 3614 3350 καὶ

2041 3364 2172 3431 ἡμῖν
2202 3365 2229 3415 6
2262 3365 2441 3431 λόγος,
2476 3369 2614 3437 ὅπερ
2656 3372 2812 3441 ἔφην,
2850 3374 3154 3443 ὑπέδειξεν,
3197 3383 3331 3437 ἀλλὰ
3371 3389 3467 3439 καὶ
3512 3392 3609 3460 ρη-

2040 3459 2145 3519 τῶς
2176 3460 2376 3512 οὑτωσὶ
2403 3460 2502 3531 τὴν
2538 3463 2784 3517 θεοποιδν
2814 3469 2906 3520 τοῦ
2952 3471 3274 3542 Πνεύματος
3305 3481 3483 3548 χάριν,
3512 3484 3612 3554 τὴν

2040 3549 2297 3618 ὑπερφυᾶ
2347 3553 2459 3604 τῶν
2512 3554 2819 3625 θεουμένων
2877 3563 3140 3618 ἐκθέωσιν
3204 3569 3464 3627 ἄκτιστον
3515 3580 3610 3630 καὶ

2038 3641 2273 3710 ἄναρχον
2304 3643 2445 3695 κατά
2478 3646 2668 3716 χρόνον
2700 3650 2974 3715 εἰπόντας,
3016 3657 3089 3717 ὡς
3119 3660 3385 3730 ἀγένητόν
3421 3683 3480 3718 τε
3516 3671 3613 3721 καὶ

2039 3729 2263 3800 ἄπειρον
2301 3730 2489 3795 οὖσαν,
2515 3739 2611 3788 καὶ
2642 3746 2871 3805 φυσικὴν
2908 3744 3107 3814 ἰδίωμα
3130 3748 3223 3801 τοῦ
3250 3752 3409 3807 Θεοῦ.
3438 3757 3608 3811 Μένει

2038 3826 2132 3916 καὶ
2160 3824 2303 3916 γὰρ,
2320 3826 2485 3916 φησὶν
2513 3829 2539 3878 ὁ
2575 3829 2831 3897 θεοφόρος
2862 3835 3139 3904 Μάξιμος,
3161 3842 3261 3893 κάν
3288 3847 3353 3915 τῇ
3392 3848 3607 3916 μεθέξει

2034 3910 2142 3963 τῶν
2182 3913 2567 3968 ἀπολαυόντων
2631 3920 2801 3989 αὐτῆς
2848 3924 3271 3995 ἀκατάληπτον
3331 3937 3413 3987 ὅτι
3466 3942 3605 3994 κατά

2037 4003 2201 4070 φύσιν
2230 4004 2302 4066 ὡς
2348 4008 2610 4076 ἀγένητος
2650 4010 2766 4080 ἔχει
2813 4014 2911 4082 τὴν
2949 4019 3223 4087 ἀπειρίαν.
3282 4024 3389 4078 καὶ
3446 4031 3605 4084 τοῦτό

2035 4114 2199 4165 φησιν
2225 4100 2253 4149 6
2284 4100 2439 4160 αὐτὸς
2475 4099 2615 4152 εἶναι
2653 4104 2712 4153 τὸ
2740 4107 2833 4158 τοῦ
2869 4108 3005 4162 Θεοῦ
3040 4112 3393 4184 Εὐαγγέλιον,
3428 4121 3490 4175 τὸ
3515 4124 3603 4179 δτά

2032 4187 2126 4240 τοῦ
2173 4189 2541 4253 σαρκωθέντος
2569 4193 2697 4245 Υὶοῦ
2732 4198 2924 4263 μισθὸν
2950 4200 3293 4273 δεδωρῆσθαι
3335 4214 3449 4275 τοῖς
3483 4232 3604 4269 πει-

2035 4280 2277 4347 θομένοις
2334 4284 2483 4350 αὐτῷ
2535 4290 2634 4353 τὴν
2692 4288 2989 4359 ἀγέννητον
3047 4295 3260 4353 θέωσιν.
3309 4296 3379 4373 ⁷ῼ
3415 4307 3478 4377 δὴ
3504 4320 3600 4364 καὶ

2034 4376 2403 4453 προσγράφων
2425 4378 2624 4440 ἔξωθεν
2647 4382 2720 4443 ὡς
2754 4383 2874 4445 ἔθος
2900 4388 3068 4457 αὐτῷ,
3111 4391 3402 4463 Ἀγένητον
3431 4376 3599 4469 λέγω,

2032 4466 2184 4533 φησὶ,
2230 4466 2421 4519 θέωσιν
2443 4470 2543 4538 τὴν
2576 4471 2856 4533 κατέἷδο;
2900 4478 3273 4536 ἐνυπόστατον
3304 4466 3598 4563 ελλαμφιν,

2028 4557 2145 4624 ἥτις
2201 4558 2301 4609 οὐκ
2344 4560 2454 4628 ἔχει
2504 4562 2738 4626 γένεσιν,
2793 4566 2908 4618 ἀλλ’
2958 4570 3315 4644 ἀνεπινόητον
3365 4557 3446 4634 ἐν⁷
3482 4557 3595 4649 τοῖς

2028 4647 2197 4710 ἀξίοις
2222 4652 2556 4719 φανέρωσιν.

2097 4740 2321 4802 Τούτοις
2359 4742 2455 4794 δ’ὁ
2506 4746 2787 4817 Γρηγορᾶς
2838 4754 2932 4805 καὶ
2981 4756 3107 4810 καθ’
3163 4761 3596 4837 ὑπερϐολὴν,ὠς

2026 4830 2192 4896 ἔοικε,
2210 4832 2573 4903 δυσχεραίνων
2598 4842 2690 4891 καὶ
2716 4842 3134 4916 παθαινόμενος,
3158 4853 3255 4907 ἅτε
3274 4830 3340 4927 δὴ
3372 4830 3447 4929 μῆ
3467 4830 3593 4929 ταῖς

2026 4926 2377 4994 κατηγορίαις
2408 4930 2503 4981 καὶ
2527 4933 2591 5000 τῇ
2631 4938 2836 5005 ματαίᾳ
2864 4940 3055 4993 τούτου
3100 4949 3263 5018 σοφία
3313 4926 3588 5021 πεφυκόσῖ

2026 5015 2367 5081 συμῦαίνειν,
2402 5021 2585 5074 πίστει
2616 5028 2708 5077 καὶ
2740 5028 2907 5099 πείρᾳ
2933 5015 3365 5106 γινωσκομένοις
3400 5015 3586 5116 μόνον,

2021 5108 2049 5160 ὃ
2073 5106 2136 5176 δὴ
2167 5112 2259 5160 καὶ
2286 5112 2545 5175 πολλάκις
2577 5118 2818 5181 εἰπόντες
2849 5123 3117 5193 ἔφθημεν.
3142 5131 3289 5185 οῦτοι
3312 5152 3373 5201 γε
3405 5106 3589 5207 λόγοις

2020 5198 2379 5267 ἀνθρωπίνοις
2420 5206 2513 5256 καὶ
2536 5208 2896 5277 ἀποδείξεσιν,
2937 5218 2997 5269 ού
3024 5220 3185 5283 μόνον
3216 5224 3453 5293 ἀφανεία
3485 5233 3585 5285 καὶ.

2023 5293 2145 5358 σιγῇ
2186 5292 2435 5359 κρύπτει,
2466 5297 2608 5348 καθά
2640 5300 2704 5369 δὴ
2738 5306 2828 5354 καὶ
2871 5307 3144 5379 προῦφην,
3185 5292 3319 5369 ἀλλὰ
3351 5292 3442 5372 καί

2019 5381 2140 5432 κατ’
2167 5384 2388 5437 ἐκείνων
2422 5390 2618 5456 μανίαν
2643 5408 2701 5443 τε
2740 5398 2830 5446 καὶ
2869 5398 2966 5464 τὴν
2995 5400 3152 5469 ὓϐριν
3197 5410 3337 5474 μετά
3379 5381 3581 5478 πολλῆς

2016 5472 2117 5576 τῆς
2165 5476 2549 5546 ἀναισχυντίας
2596 5484 2732 5551 ὁμοῦ
2779 5489 2871 5540 καὶ
2920 5494 3017 5560 τῆς
3058 5472 3580 5576 συκοφαντίας

2016 5565 2269 5666 ἐπιφέρει
2327 5570 2731 5639 ἀναποδείκτως
2784 5581 2929 5649 ἡμᾶς
2978 5565 3327 5656 δογματίζειν
3380 5565 3577 5666 λέγων,

2015 5661 2107 5712 καὶ
2161 5661 2461 5732 καθαπερεί
2518 5685 2637 5720 τινα
2687 5680 2989 5740 τυραννικὰ
3072 5683 3418 5755 θεσπίσματα
3483 5695 3581 5745 καὶ

2016 5753 2350 5817 ἀποφάνσεις
2384 5757 2554 5811 ταῦτα
2595 5764 2914 5833 προφέρειν.
2949 5770 3109 5823 Αὐτοὶ
3143 5780 3235 5829 καὶ
3276 5753 3386 5847 γάρ
3414 5783 3575 5849 εἰσιν,

2434 5853 2525 5903 καὶ
2558 5853 2716 5922 ἡμεῖς
2753 5858 2942 5929 ἕτερον
2980 5865 3180 5931 τρόπον
3218 5868 3291 5934 ὠς
3328 5872 3568 5940 μαθηταὶ
