4488 6444
465 401 604 465 1065

1204 398 1501 459 CONTRA
1537 397 1967 485 GREGORAM
1998 393 2808 456 ANTHIRRHETICORUM
2849 393 2955 454 XI.

3557 385 3574 447 1
3590 384 3695 448 006

455 517 682 585 Γραφῶν
712 517 937 583 ἄγνοιαν
962 519 1054 569 καὶ
1087 515 1185 584 τὴν
1217 515 1459 584 ἀμαθίαν
1487 516 1671 568 πυκνά
1727 516 2017 584 προφέρων
2050 528 2090 577 Α
2125 513 2306 565 καλῶν
2336 504 2512 579 λόγων
2552 512 2649 576 τὴν
2676 512 2895 564 ἐκείνων
2945 506 3265 561 δυσσέϐειαν
3316 503 3691 572 ἐξελέγχοντα,

534 625 601 661 ιν.

534 625 601 661 ιν.

455 611 727 765 ἡμΠρὼην
761 696 860 764 μὲν
886 695 977 772 οῦν
1007 695 1162 749 οὐπω
1188 700 1297 760 τοῖς
1344 698 1673 764 γράμμασιν
1733 698 2023 763 ἐντετυχη-

455 789 606 850 κότες
650 789 817 843 αὑτοῦ
861 788 1141 855 περιόντος
1189 790 1269 842 ἔτι
1303 790 1378 857 τῷ
1426 788 1545 856 βίῳ,
1596 788 1806 839 πολλῶν
1858 804 2019 847 τινων

455 881 559 941 τῶν
603 877 967 949 ὡμιληκότων
1028 884 1222 951 ἐκείνῳ
1285 882 1555 947 λεγόντων
1614 881 1910 948 ἠκούομεν,
1945 878 2020 938 ὡς

2128 600 2220 654 κᾶἱ
2258 603 2539 655 δεικνύντα
2566 603 2666 668 τὴν
2709 601 3053 670 ἀνθρωπείαν
3102 599 3197 651 τοῦ
3245 594 3485 665 Χριστοῦ
3530 597 3693 662 φύσιν

2126 693 2302 745 πάντα
2328 695 2424 762 μὲν
2456 694 2524 745 τὰ
2561 692 2766 759 φυσικὰ
2795 693 2892 768 τῆς
2941 690 3193 757 θεότητος
3246 686 3695 755 πεπλουτηκυῖαν

2123 781 2420 849 αὐχήματα
2447 782 2536 834 διὰ
2559 780 2657 849 τὴν
2686 780 2808 834 καθ’
2828 782 3129 832 ὑπόστασιν
3152 777 3249 847 τῆς
3270 777 3519 845 θεότητος
3550 774 3696 843 ἀχώ-

2128 875 2551 945 ριστονένωσιν,
2588 873 2689 925 οὐκ
2736 873 3010 925 ἐκστᾶσαν
3052 872 3107 924 δὲ
3170 871 3390 939 ἑαυτῆς,
3446 867 3557 919 οὐδ’
3611 867 3695 928 είς

454 974 562 1041 άρα
591 973 834 1025 διδάσκει
860 956 1147 1045 Γρηγορᾶς
1188 976 1317 1041 περὶ
1356 972 1449 1025 τοῦ
1511 973 1609 1041 τῆς
1661 970 2021 1040 μεταμορφώ-
2108 966 2353 1045 ’θεότηηα
2387 963 2875 1045 μεταποιηθεῖσαν,
2913 963 3043 1024 οὐτε,
3075 963 3173 1032 τὴν
3203 962 3353 1015 θείαν
3390 961 3533 1029 φημὶ
3593 956 3695 1026 φύ-

455 1082 591 1126 σεως
619 1064 765 1117 θείου
825 1067 1025 1131 φωτὸς,
1066 1067 1148 1119 ὅτι
1182 1068 1228 1117 εί
1269 1066 1365 1132 μὲν
1382 1066 1480 1134 οὑχ
1508 1066 1727 1136 ἑωράθη
1754 1066 1863 1125 τοῖς
1891 1064 2022 1113 ἀπο-

454 1156 661 1217 στόλοις
693 1158 890 1221 ἐκεῖνο,
924 1158 1071 1209 θεῖον
1102 1157 1196 1209 καὶ
1222 1154 1479 1207 ἄκτιστόν
1514 1158 1681 1219 ἐστιν,
1719 1156 1767 1207 εἱ
1792 1155 1860 1204 ‘6‘
1892 1154 2021 1219 ὁρα-

452 1249 544 1300 rbv
579 1251 806 1311 ἐκείνοις
833 1249 1189 1322 ὁπωσδήποτε
1235 1240 1474 1315 γέγονέν,
1510 1247 1568 1310 ἐξ
1614 1248 1859 1312 ἀνάγκης
1926 1246 2019 1295 καὶ

451 1339 563 1398 τοῖς
593 1336 888 1407 κτίσμασιν
911 1339 1087 1390 ἐκεῖνο
1116 1332 1616 1406 συναριθμήσομεν,
1678 1337 2019 1407 ἑκατέρωθεν

454 1402 752 1494 ἀντιλέγων
773 1428 861 1497 τῷ·
886 1428 1203 1498 Εὑαγγελίῳ
1226 1402 1606 1493 Χριστοῦξκαὶ
1622 1402 1883 1496 όίραθῇαι
1908 1429 2018 1487 τοῖς

450 1519 774 1580 ἀποστόλοις
804 1518 923 1589 θείᾳ
954 1518 1203 1586 δηλονότι
1255 1520 1483 1586 δυνάμει
1535 1518 1867 1579 διδάσκοντι,
1924 1520 2017 1571 καὶ

453 1608 731 1675 βασιλείαν
761 1610 1128 1663 ἀποκαλοῦντι
1156 1611 1314 1673 Θεοῦ,
1346 1612 1412 1678 ἢν
1442 1609 1503 1661 οὐ
1524 1610 1682 1678 θέμις
1705 1611 1886 1676 λέγειν
1912 1610 2018 1662 ὐπδ

452 1699 660 1766 χρόνων
688 1716 747 1752 τε
778 1702 873 1752 καὶ
909 1699 1122 1753 ιίώνων
1157 1698 1479 1766 φθάνεσθαι,
1536 1700 1679 1752 κατὰ
1708 1701 1804 1760 τὰς
1866 1700 2016 1769 ἱεράς

451 1789 559 1839 τῶν
606 1790 867 1859 θεολόγων
890 1792 1096 1858 φωνάς.
1138 1789 1312 1859 ’Υπὲρ
1341 1784 1416 1843 ῶν
1445 1792 1538 1843 καὶ
1570 1790 1724 1858 λόγος
1766 1792 1900 1859 ἡμῖν
1957 1792 2015 1842 ἐν

451 1881 571 1935 δυσὶ
610 1883 837 1949 βιϐλίοις
867 1886 1010 1936 κατά
1053 1882 1285 1949 δύναμίν
1348 1882 1564 1952 ἐξεδόθη
1620 1882 2014 1950 τοτηνικαῦτα.

449 1974 563 2025 Νῦν
593 1974 649 2025 δὲ
674 1976 768 2026 καὶ
789 1976 900 2037 τοῖς
924 1977 1320 2043 συγγράμμασι
1350 1974 1561 2037 τούτοις
1588 1974 2015 2042 ἐντετυχηκότες

449 2064 688 2125 ἐκείνου,
722 2064 856 2132 μηδέ
885 2064 984 2135 τὴν
1003 2066 1178 2134 ἀρχὴν
1203 2065 1536 2133 γεγενῆσθαι
1580 2066 1680 2133 τὴν
1723 2064 1819 2117 τοῦ
1875 2065 2013 2133 Χρι-

453 2155 578 2206 στοῦ
611 2156 1041 2226 μεταμάρφωσιν
1074 2158 1161 2211 διά
1194 2157 1574 2224 συλλογισμῶν
1625 2173 1684 2208 τε
1744 2159 1838 2208 καὶ¹
1876 2157 2017 2209 διαι-

456 2248 680 2317 ρέσεων,
707 2248 783 2311 ὡς
808 2248 883 2317 μὴ
913 2248 1144 2315 ὤφελεν,
1168 2249 1387 2318 ὁρῶμεν
1421 2248 1795 2309 αὐτὸνιάθέως
1842 2264 2014 2301 κατα-

453 2337 813 2401 σκευάζοντα.
867 2338 1030 2391 Ἀλλὰ
1061 2340 1197 2419 πρὸς
1220 2341 1430 2393 ἐκεῖνον
1479 2338 1870 2405 ἐπανέλθωμεν
1910 2338 2020 2419 ,αῦ-

453 2431 560 2494 θις,
631 2431 855 2483 καὶτὸν
915 2431 1046 2500 περὶ
1108 2408 1323 2499 μορφῆς
1374 2428 1469 2481 καί
1533 2408 2017 2498 μεταμορφώσεως

454 2523 668 2574 ἐκείνου
704 2522 1081 2591 συλλογισμόν.
1118 2520 1469 2587 Προῦπέθετο
1504 2522 1687 2573 τοίνυν
1735 2525 1763 2573 6
1803 2522 2018 2587 φιλόσο-

454 2627 577 2677 φος,
615 2610 866 2680 καθάπερ
912 2610 1230 2681 ῂκούσαμεν
1264 2612 1365 2680 ἤδη
1426 2611 1524 2679 τὴν
1579 2612 1796 2681 μορφὴν
1851 2613 2016 2680 αὐτρῦ

455 2702 551 2754 καὶ
583 2703 644 2754 rb
666 2701 871 2770 ταύτης
897 2703 1244 2767 ἐξετάζοντες
1281 2706 1460 2771 γένος,
1492 2702 1567 2766 ᾡς
1600 2704 1693 2756 ἐπὶ
1728 2704 1828 2769 ιήν
1881 2703 2017 2755 Θεοῦ

455 2794 723 2864 λεγομένη
754 2796 949 2849 ταυτὸν
980 2796 1201 2850 δύναται
1223 2800 1288 2866 τῇ
1322 2797 1513 2867 οὐσίᾳ·
1543 2798 1635 2849 ἐπὶ
1668 2797 1725 2849 δέ
1780 2797 1890 2849 τῶν
1937 2799 2018 2849 αῖ-

458 2886 674 2953 σθητῶν
706 2889 887 2956 μορφή
918 2890 1033 2940 ἐστι
1064 2891 1125 2941 τὸ
1154 2891 1281 2958 περὶ
1330 2890 1431 2959 τὴν
1487 2889 1813 2957 ἐπιφάνειαν
1867 2890 2019 2941 ποιὸν

454 2979 715 3048 τύπωμα.
756 2980 889 3030 Δέον
920 2976 1013 3031 οὖν
1047 2981 1151 3041 τὰς
1178 2980 1385 3041 οίκείας
1417 2980 1579 3032 αὑτὸν
1610 2979 1841 3032 λαϐόντα
1884 2998 2017 3050 προ-

452 3069 663 3135 τάσεις,
687 3069 830 3126 καθὰ
846 3070 1016 3137 δήπου
1049 3072 1144 3123 καὶ¹
1179 3070 1519 3139 προῦπέθετο
1551 3110 1569 3136 ,
1600 3073 1693 3126 καὶ
1728 3072 1818 3124 τὸν
1851 3072 2015 3141 μέσον

2125 1076 2227 1123 σιν,
2258 1022 2397 1110 δῦτε·
2436 1057 2562 1109 τινά
2618 1022 2821 1124 ταύτης
2847 1022 3041 1123 έτέραν
3098 1022 3193 1107 καὶ
3245 1022 3695 1121 κεχωρισμένην,

2122 1151 2204 1213 τίς
2233 1150 2343 1218 γὰρ
2372 1150 2438 1202 ἂν
2461 1150 2555 1201 καὶ
2582 1150 2667 1218 εἴη
2695 1151 2879 1219 ἐκείνη
2906 1166 2918 1212 ;
2953 1147 3087 1200 ἀλλὰ
3127 1146 3220 1197 καὶ⁵
3274 1145 3412 1213 μετὰ
3444 1143 3544 1214 τὴν
3594 1144 3695 1211 τῆς

2123 1239 2378 1314 θεότητος
2403 1240 2586 1308 χρίσιν
2615 1241 2710 1293 καὶ
2737 1234 2796 1293 rb
2844 1226 3073 1309 δμόθεον
3105 1236 3392 1307 ἀνθρώπου
3426 1236 3695 1304 μένουσαν

2122 1331 2306 1399 φύσιν.
2344 1332 2435 1382 Διὸ
2471 1333 2566 1382 καὶ
2618 1334 2754 1402 πρδς
2804 1327 2897 1383 τόν
2944 1330 3046 1397 τῆς
3105 1329 3425 1401 δυσσεϐείας
3480 1326 3697 1393 ἐκείνης

2121 1422 2497 1491 προεστηκότα
2524 1424 2615 1501 τὸν
2642 1424 2784 1491 ὐπέρ
2820 1422 3061 1478 τοῦτονό
3093 1424 3339 1485 γενναῖος
3368 1401 3695 1486 ποιούμενος

2121 1515 2303 1580 λόγον,
2366 1516 2510 1569 καθά
2567 1515 2673 1567 καὶν
2711 1515 3001 1583 Γρηγορᾶς
3048 1514 3214 1574 αὐτὸς
3249 1514 3442 1573 ἐντοῖς
3469 1512 3694 1572 οἰκείοις

2118 1608 2677 1677 διέξεισιγράμμασισ
2705 1608 2803 1661 κα).
2829 1605 3343 1675 κατακομψεύεται,
3388 1604 3554 1670 φησὶν
3593 1602 3696 1655 Εὑ-

2122 1698 2322 1761 σέϐιος,
2348 1699 2442 1751 ἐπὶ
2467 1698 2581 1766 φῶς
2610 1698 2851 1769 ἄρρητον
2878 1698 2974 1750 καὶ
3001 1696 3420 1763 άνεκδιήγητον,
3476 1693 3572 1745 καὶ
3614 1691 3694 1761 τῷ

2120 1787 2239 1855 Θεῷ
2268 1789 2426 1857 Λόγῳ
2481 1787 2709 1857 πρέπον,
2750 1787 2850 1856 τὴν
2900 1786 2993 1838 τοῦ
3024 1785 3211 1838 δούλου
3257 1780 3694 1881 μεταϐεϐλῆσθαι

2126 1879 2342 1948 μορφὴν
2366 1883 2424 1930 ἐν
2460 1878 2538 1946 τῷ
2564 1877 2708 1947 ϐρει.

2169 1971 2435 2036 Ἀκούεις,
2455 1972 2493 2023 Γ
2499 1972 2728 2041 ρηγορᾶ,
2744 1970 2841 2040 τήν
2857 1970 2949 2023 τοῦ
2963 1968 3333 2039 Είκονομάχου
3351 1965 3688 2029 δυσσέϐειαν,

2121 2062 2321 2130 μᾶλλον
2336 2062 2392 2115 δέ
2405 2062 2500 2125 τὰς
2513 2062 2573 2114 δυ
2582 2063 2830 2125 σσεϐείας
2848 2079 2861 2127 ;
2885 2063 2994 2118 Καὶ
3013 2060 3448 2130 μεταϐεϐλῆσθαι
3465 2058 3572 2127 γάρ
3589 2074 3695 2124 φη-

2120 2170 2202 2205 σιν
2217 2154 2275 2204 ἐν
2289 2152 2366 2222 τῷ
2388 2152 2503 2221 ὄρει
2527 2152 2994 2223 τὴνάνθρωπείαν
3018 2153 3111 2205 τοῦ
3136 2149 3370 2221 Χριστοῦ
3394 2148 3576 2215 φύσιν.
3596 2146 3694 2225 ξαὶ

2118 2246 2210 2296 ἐπὶ
2230 2248 2345 2313 φῶς
2363 2245 2768 2335 ίδιοῠπόστατόιί
2787 2262 2838 2297 τι
2857 2242 3293 2313 μεταϐεϐλῆσθαι
3314 2238 3515 2306 ταύτην
3531 2238 3691 2335 ιρησὶ,

2118 2336 2259 2388 καθά
2286 2336 2350 2403 δὴ
2377 2338 2473 2388 καὶ
2499 2337 2704 2405 προῖὼν
2722 2327 2877 2405 δ’τῆς
2903 2333 3194 2405 ὁμολογίας
3228 2332 3511 2392 ἐπώνυμος
3527 2327 3691 2392 δείξει

2120 2426 2482 2495 πλατύτερον’
2536 2425 2573 2479 ἃ
2621 2426 2781 2478 ποίαν
2831 2429 2930 2494 οὐχ
2971 2427 3348 2493 ὑπερϐέϐηκεν
3386 2423 3687 2482 ἁσέϐειανς

2129 2518 2664 2585 Ἐπάγειτοιγαροῦν
2696 2534 2709 2547 ·
2741 2518 2849 2570 Καὶ
2868 2520 2895 2570 6
2925 2518 3026 2586 μὲν
3039 2517 3300 2570 Εὑσεϐίου
3325 2516 3482 2582 λόγος
3516 2512 3691 2565 τοιοῦ-

2119 2626 2229 2671 τος,
2247 2609 2340 2661 καὶ
2357 2608 2529 2669 οὕτως
2548 2608 2708 2679 ἔχων,
2730 2610 2823 2661 καὶ
2839 2610 2900 2661 rb
2917 2611 3023 2662 πᾶν
3040 2608 3187 2677 αὐτῷ
3208 2607 3437 2661 ἐνταῦθα
3454 2603 3551 2676 τῆς
3564 2606 3692 2657 ἀσε-

2122 2698 2270 2769 ϐείας
2303 2699 2595 2768 ἐξήρτηται
2616 2715 2628 2730 ·
2661 2700 2791 2751 ὅττοι⁴
2816 2699 2860 2751 δ’
2891 2700 3038 2767 αὑτῷ
3063 2701 3219 2769 φέρει
3248 2699 3318 2750 τὰ
3362 2700 3461 2767 τῆς
3494 2693 3691 2759 καινῆς

2121 2787 2709 2856 ταύτης¹διδασκαλίας
2749 2788 2844 2839 καὶ
2873 2787 2967 2840 τοῦ
2998 2788 3290 2858 δόγματος,
3349 2784 3424 2847 ὡς
3475 2783 3554 2834 ἐνι
3587 2782 3693 2851 μά-

2121 2881 2279 2931 λιστα
2314 2880 2705 2947 συντομώτατα
2733 2880 3064 2949 σκεψώμεθα
3087 2899 3108 2934 :
3138 2883 3229 2934 καὶ
3252 2882 3436 2943 ὁποῖος
3476 2879 3563 2948 δὴ,
3592 2883 3691 2936 καὶ

2112 2972 2274 3031 ,ὅστις
2302 2972 2331 3022 6
2359 2971 2457 3038 τῆς
2491 2969 2795 3039 μεταϐολῆς
2845 2972 3068 3038 τρόπος,
3103 2972 3504 3039 ἐπισκέψασθαι
3564 2992 3689 3026 πει-

2124 3061 2441 3131 ρασὼμεθα.

454 3161 579 3230 ὅρον
616 3162 809 3224 αὑταῖς
828 3162 1100 3215 δεδωκότα
1127 3164 1311 3233 κοινὸν
1340 3163 1483 3216 κατὰ
1515 3164 1642 3225 τοὺς
1676 3162 2014 3231 συλλογιστι-
2043 3180 2088 3236 c
2190 3158 2306 3211 Πᾶν
2333 3159 2393 3211 τὸ
2426 3161 2895 3242 μεταϐαλλόμενον
2932 3163 2964 3231 ἦ
2999 3163 3121 3215 κατ’
3162 3163 3354 3217 οὐσίαν
3410 3162 3685 3231 μεταϐάλ-

456 3255 585 3314 κοὺς
619 3253 787 3305 αὐτοῦ
818 3255 1036 3323 νόμους,
1069 3254 1243 3316 οὑτως
1265 3255 1566 3322 ἐπαγαγεῖν
1598 3254 1797 3325 άληθές
1819 3256 1914 3308 καὶ
1957 3254 2019 3307 τὺ

454 3342 663 3394 ἐκεῖθεν
693 3345 1094 3411 συμπέρασμα,
1112 3345 1210 3395 ‹ὃτι
1237 3345 1265 3394 6
1299 3346 1727 3413 μεταμόρφωσιν
1758 3345 1851 3397 τοῦ
1884 3344 2017 3417 Χρι

455 3432 583 3486 στοῦ
620 3432 795 3502 λέγων
822 3434 885 3498 ἐξ
919 3434 1166 3504 ἀνάγκης
1196 3435 1295 3503 τῆς
1342 3435 1684 3503 ἀνθρωπείας
1732 3436 2018 3489 ἀλλοίωσιν

454 3528 605 3600 λέγει
633 3529 871 3596 μορφῆς,
900 3522 1102 3596 τάύτης
1124 3529 1221 3581 καὶ
1243 3527 1367 3597 γάρε
1388 3529 1450 3580 τὺ
1484 3530 1718 3594 τρεπτὸν
1749 3531 1891 3582 κατὰ
1914 3531 2018 3598 φύ-

455 3635 563 3683 σιν,
618 3617 735 3669 άλλ⁹
798 3618 898 3669 οὐκ
958 3618 1194 3686 ἐκείνης,
1223 3622 1251 3669 6
1279 3617 1324 3668 δ’
1366 3618 1491 3670 ἐπεὶ
1532 3618 1596 3669 rb
1647 3619 2018 3688 συμπέρασμα

452 3709 608 3761 τοῦτο
640 3709 775 3777 πρὸς
799 3708 977 3777 ήμῶν,
1014 3706 1127 3769 ἀλλ’
1154 3708 1216 3759 οὐ
1236 3707 1359 3760 καθ’
1390 3709 1548 3780 ήμῶν
1579 3709 1829 3762 ἐκϐαῖνον
1886 3726 2017 3763 κατ-

454 3803 581 3862 εῖδε,
623 3800 718 3853 τοῦ
754 3791 990 3868 γέλωτος
1025 3802 1118 3852 καὶ
1154 3802 1252 3867 τῆς
1284 3800 1492 3853 ἐκεῖθεν
1546 3802 1808 3872 αίσχύνης
1860 3804 2019 3872 ὀλίγα

454 3894 768 3962 φροντίσας,
825 3892 913 3946 ἵνα
971 3894 1365 3961 συκοφαντήσῃ
1432 3893 1594 3959 μόνον
1667 3895 1763 3945 καὶ
1816 3894 2017 3967 ὑϐρίσῃ

456 3985 719 4052 συνήθως,
771 3983 872 4051 δρα
917 3983 1035 4043 πῶς
1092 3981 1429 4051 αίσχρότατα
1490 3984 1583 4035 καὶ
1635 3986 2016 4050 καταγέλαστα

454 4075 852 4139 συλλογίζεται.
887 4072 1112 4143 Μορφὴ,
1160 4074 1345 4141 φησὶν,
1390 4074 1482 4125 ἐπὶ
1516 4075 1614 4141 μὲν
1642 4076 1739 4143 τῆς
1763 4076 2016 4144 θεότητος

450 4167 544 4221 τοῦ
572 4165 808 4234 Χριστοῦ
840 4165 937 4233 τὴν
962 4166 1151 4217 οὐσίαν
1165 4165 1456 4238 ,σημαίνειη
1490 4168 1581 4219 ἐπὶ
1612 4166 1668 4219 δὲ
1689 4166 1789 4235 τῆς
1808 4168 2029 4235 ἀνθρωη

449 4260 684 4326 πότητος
698 4260 757 4310 rb
774 4274 840 4309 πε
847 4259 900 4325 ρ).
922 4258 1019 4324 τὴν
1036 4257 1157 4325 ὄψιν
1178 4256 1331 4308 ποιὸν
1358 4259 1614 4326 τύπωμα.
1632 4259 1691 4311 Ὀ
1712 4259 1820 4327 άρα
1845 4260 2018 4325 λέγων

452 4353 873 4419 μεταμόρφωσιν
891 4352 982 4402 ἐπὶ
1009 4351 1103 4403 τοῦ
1128 4351 1370 4420 Χριστοῦ
1399 4351 1497 4423 τῆς
1523 4350 1705 4412 οὐσίας
1735 4351 1898 4404 αὐτοῦ
1930 4352 2017 4403 λέ-

449 4459 533 4509 γει
555 4443 765 4513 τροπήν
782 4442 893 4533 Ἶκαὶ
911 4441 1222 4503 ἀλλοίωσιν,
1236 4442 1344 4493 εἴτε
1363 4442 1460 4510 τῆς
1489 4441 1659 4501 θείας,
1673 4443 1784 4493 είτε
1801 4443 1898 4510 τῆς
1915 4444 2011 4495 άν-

2122 3250 2295 3315 λεται,
2328 3252 2357 3304 δ
2387 3253 2449 3322 δὴ
2488 3240 2619 3323 περὶ
2638 3240 2854 3322 γένεσιν
2903 3257 2997 3310 καὶ
3049 3247 3259 3328 φθορὰν
3285 3257 3594 3326 θεωρεῖται,
3648 3260 3682 3329 ἢ

2121 3336 2262 3393 κατά
2290 3358 2341 3393 τι
2368 3344 2475 3394 τῶν
2504 3347 2559 3395 ἐν
2579 3345 2728 3414 αὐτῷ
2753 3359 2769 3376 ⁶
2795 3340 3079 3423 καὶίτοῦτο
3104 3348 3267 3417 διχῶς
3296 3366 3307 3379 ι
3337 3351 3368 3418 ἢ
3405 3354 3513 3420 γὰρ
3544 3356 3686 3405 κατὰ

2112 3433 2284 3489 ,ποσὸν
2321 3434 2744 3512 μεταϐάλλεται,
2790 3439 2914 3491 καθ’
2943 3440 2972 3492 ὃ
3016 3442 3049 3509 η
3087 3440 3315 3511 αὐξησις
3336 3444 3431 3495 καὶ
3458 3445 3490 3512 ἠ
3518 3446 3686 3512 μείω-

2120 3540 2253 3586 ωσις
2275 3526 2567 3592 δείκνυται,
2603 3528 2637 3596 ἢ
2680 3506 2820 3582 κατά
2836 3517 2912 3583 ‘rb
2936 3506 3134 3594 ,ποιδν,
3180 3506 3239 3596 ἐξ
3271 3526 3331 3586 οὗ
3362 3506 3685 3603 ἐμφαίνεται

2122 3620 2155 3686 η
2185 3618 2488 3679 ἀλλοίωσις.
2526 3621 2589 3674 El
2628 3621 2728 3690 μὲν
2763 3618 2859 3675 οὖν
2887 3624 3028 3677 κατὰ
3057 3626 3115 3678 rb
3138 3628 3293 3679 ποιδν
3344 3609 3684 3701 μεταϐέϐλη-

2119 3726 2229 3774 ται,
2264 3710 2543 3781 κεκίνηται
2566 3714 2664 3781 μὲν
2695 3716 2832 3785 πρὸς
2854 3717 3164 3784 άλλοίωσιν,
3214 3721 3248 3789 ή
3290 3721 3347 3772 δέ
3400 3723 3516 3773 ἐστι
3589 3741 3685 3790 με-

2119 3804 2570 3873 τασῃιματισμδς
2620 3809 2965 3877 χαρακτῆρός
3000 3827 3167 3875 τινος,
3210 3813 3243 3883 ἢ
3290 3817 3432 3868 κατά
3465 3832 3517 3866 τι
3576 3816 3684 3869 τῶν

2117 3894 2211 3946 τοῦ
2261 3896 2623 3965 ὑποκειμένου
2671 3900 2999 3969 πράγματος
3043 3902 3335 3975 ἐξαλλαγὴ,
3378 3908 3691 3977 χωριστῶς,

2117 3984 2150 4052 ἢ
2184 3985 2504 4053 ἀχωρίστως
2552 3988 2947 4057 συμϐαίνουσα,
2997 3993 3140 4063 ἅπερ
3188 3995 3398 4049 ἀλλοῖον
3448 3999 3546 4067 μέν
3591 4002 3688 4053 καὶ

2118 4075 2377 4145 διάφορον
2402 4073 2502 4128 τοῦ
2529 4080 2796 4149 προτέρου
2824 4080 3131 4147 δείκνυσινῖ
3144 4086 3205 4137 οὐ
3241 4087 3349 4157 μὴν
3380 4088 3437 4141 δὲ
3475 4090 3602 4143 ἄλλο
3627 4109 3680 4143 τι

2118 4167 2177 4219 τὸ
2224 4161 2608 4239 ἀλλοιούμενον
2658 4172 3074 4241 άπεργάξεταιυ
3124 4177 3184 4228 οὑ
3241 4178 3350 4247 γὰρ
3409 4180 3682 4246 οὐσιωδῶς

2122 4257 2439 4326 μετέϐαλεν,
2474 4260 2588 4313 ἀλλ’
2621 4260 2683 4312 ἐκ
2714 4259 2920 4315 τοιοῦδε
2947 4266 3040 4320 τὸν
3085 4267 3246 4321 αὐτὸν
3287 4270 3491 4324 τοιόνδε
3540 4276 3687 4326 κατὰ

2118 4350 2177 4403 rb
2206 4352 2356 4403 ποιὸν
2388 4353 2642 4418 γενέσθαι
2679 4354 2946 4422 πεποίηκε
2981 4373 2995 4387 ·
3027 4358 3181 4411 τοῦτο
3206 4360 3255 4412 δ’
3292 4364 3391 4414 οὐκ
3423 4364 3568 4416 ἔστιν
3622 4368 3680 4433 ἐξ

2118 4442 2253 4494 ὅλων
2287 4440 2410 4494 ὅλον
2441 4443 2906 4514 μεταϐεϐλῆσθαι,
2932 4447 2994 4499 rb
3025 4448 3131 4517 γὰρ
3163 4450 3524 4522 ὑποκείμενον
3546 4457 3681 4511 πάν-

449 4537 745 4605 θρωπείας.
774 4530 849 4588 Οὐ
886 4534 939 4586 τί
985 4533 1075 4596 ἂν,
1125 4534 1313 4603 φησιν,
1338 4532 1711 4600 εάσεϐέστερον
1750 4536 1959 4599 γένοιτο
1992 4552 2006 4599 ;
2044 4532 2087 4587 D
2115 4547 2221 4592 τως
2269 4531 2529 4599 ὑπομένει
2576 4534 2880 4603 σωζόμενον
2903 4549 2920 4568 ο
2950 4538 2998 4588 εί
3026 4538 3081 4589 δέ
3106 4541 3244 4593 κατά
3275 4542 3335 4593 rb
3360 4544 3547 4608 ποσὸν,
3582 4547 3678 4599 αὐ.

447 4628 630 4689 Οὕτως
654 4628 753 4679 οὐκ
774 4624 1175 4692 εὐαγγελιστῶν
1197 4640 1258 4676 τε
1283 4625 1378 4676 καὶ
1399 4623 1708 4677 ἀποστόλων
1734 4624 1892 4692 μόνον
1921 4628 2012 4678 καὶ

446 4716 614 4770 αὐτοῦ
653 4716 1052 4783 καταψεύδεται
1099 4714 1393 4783 Γρηγορςᾶ
1436 4714 1532 4767 τοῦ
1595 4715 1850 4785 Χριστοῦ,
1917 4717 2011 4767 καὶ

447 4811 627 4861 πᾶσαν
656 4806 793 4877 ὁμοῦ
856 4806 1213 4872 συκοφαντῶν
1251 4806 1460 4874 ὑϐρίζει
1513 4805 1613 4877 τὴν
1685 4806 2008 4877 Ἐκκλησίαν

445 4901 632 4962 αὐτοῦ,
664 4899 800 4951 ἀλλὰ
825 4900 928 4950 οιαὶ
954 4898 1053 4965 τῆς
1097 4897 1247 4950 κάτω
1274 4897 1480 4965 ταύτης
1530 4903 1625 4949 καὶ
1669 4897 1860 4965 δούλης
1919 4917 2009 4950 σο-

448 4993 596 5059 φίας,
629 4991 713 5058 ἐφ’
754 4985 957 5063 ᾖμέγα
989 4992 1198 5057 φρονεῖ,
1238 4989 1498 5059 φανερῶς
1558 4989 1702 5042 οὑτω
1748 4991 1839 5050 καὶ
1889 4990 2010 5059 δίχα

446 5086 645 5145 παντὸς
675 5082 1024 5152 ἐρυθήματος
1049 5079 1467 5148 καταψεύδεται,
1502 5081 1604 5134 οὐκ
1659 5082 1888 5151 ἀμαθῶς
1944 5084 2010 5135 ἂν

445 5178 656 5243 εἰποιμι
716 5175 938 5243 μᾶλλον,
999 5173 1035 5244 ἢ
1087 5172 1287 5241 φθόνου
1334 5174 1429 5225 καὶ
1454 5175 1654 5241 μανίας
1710 5175 2006 5245 ὑπερϐολῇ,

446 5269 537 5334 ὑφ’
578 5262 653 5317 ὧν
695 5265 802 5331 άρα
837 5264 933 5315 καὶ
992 5262 1088 5316 τοῦ
1146 5262 1498 5332 λογιζομένου
1546 5264 1641 5315 καὶ
1701 5264 2010 5331 πεφυκότος

446 5359 628 5417 κακῶς
657 5357 971 5424 ἐκτραπεὶς,
1001 5353 1068 5406 δι’
1123 5354 1432 5421 ὑπερϐολὴν
1465 5354 1749 5422 άπονρίας,
1793 5356 1863 5407 τά
1911 5372 2011 5408 κα-

444 5450 752 5516 ταγέλαστα
784 5448 946 5510 ταυτὶ,
991 5447 1089 5516 τῆς
1120 5446 1307 5507 ἀνοίας
1365 5448 1768 5516 ᾁποιρθέγγεται
1824 5448 2009 5517 ῥήμα-

445 5558 534 5594 τα.
577 5538 713 5593 Δι’ἃ.
745 5540 916 5608 δήπου
958 5539 1052 5590 καὶ
1103 5538 1229 5600 τοὺς
1267 5538 1681 5607 Εἰκονομάχουᾳ
1724 5541 1878 5607 ἡμῖν,
1913 5543 2008 5594 καὶ

443 5635 543 5703 τὴν
574 5633 795 5686 ἐκείνων
834 5632 1216 5701 Χριστομάχον
1251 5633 1463 5698 αἵρεσιν
1496 5632 1751 5695 ἐπισείει,
1794 5632 1887 5682 καὶ
1916 5632 2007 5683 τὸν

446 5724 758 5794 θαυμαστὸν
789 5724 1148 5793 όμολογητὴν,
1183 5724 1274 5775 καὶ
1309 5725 1561 5803 μάρτυρες
1593 5726 1697 5793 τῆς
1744 5723 2007 5791 ἀληθείας
2029 5739 2043 5751 ς

445 5817 724 5884 ἐπεισάγει
766 5816 844 5884 τῷ
885 5815 1026 5883 λόγῳ
1070 5815 1365 5883 Θεόδωρον,
1412 5815 1500 5867 διὰ
1536 5813 1749 5866 πολλῶν
1794 5829 1851 5866 τε
1912 5817 2007 5868 καὶ

762 5913 1031 5972 Ρηιιοι..
1081 5913 1196 5971 Οτι.
1231 5907 1355 5967 CLI

2117 4620 2271 4687 ξησίν
2301 4638 2421 4673 τινα
2450 4622 2480 4691 ἢ
2512 4624 2740 4689 μείωσιν
2758 4625 2991 4687 ἐδέξατο.
3046 4628 3184 4681 Ἀλλ’
3208 4631 3338 4704 οὐδὲ
3358 4633 3531 4688 ταῦτα
3552 4637 3678 4691 ἄλλο

2115 4726 2166 4762 τι
2198 4712 2347 4779 παρὰ
2373 4713 2430 4763 τὸ
2462 4713 2518 4778 ἐξ
2553 4714 2725 4782 ἀρχῆς
2759 4714 3012 4786 ὑπάρξαν
3048 4723 3211 4782 ποιεῖ,
3242 4722 3357 4774 ἀλλ’
3388 4726 3452 4777 ἐκ
3492 4730 3680 4781 τοσοῦ-

2113 4801 2168 4851 δε
2195 4802 2283 4854 τὸν
2310 4802 2473 4854 αὑτὸν
2505 4805 2720 4856 τοσόνδε
2771 4810 2911 4860 κατὰ
2950 4810 3011 4860 rb
3045 4812 3271 4878 πηλίκον
3296 4816 3546 4880 γενέσθαι
3579 4837 3678 4871 πε-
3721 4822 3727 4827 ’

2117 4895 2360 4960 ποίηκεν.
2414 4897 2621 4949 Οὐκοῦν
2671 4898 2791 4949 οὐδέ
2841 4900 2982 4952 κατὰ
3039 4900 3227 4953 τοῦτον
3275 4905 3369 4957 τὸν
3393 4910 3592 4976 τρόπον
3620 4912 3679 4975 ἐξ

2114 4987 2249 5039 ὅλων
2273 4988 2368 5056 ὅλη
2408 4987 2805 5057 μεταϐέϐληται
2846 4990 2878 5060 ή
2917 4992 3123 5062 μορφή.
3163 4994 3425 5051 Λείπεται
3466 5001 3557 5053 οῦν
3588 5005 3677 5058 λέ-

2113 5095 2251 5145 γειν,
2282 5079 2402 5131 καθ⁹
2428 5081 2597 5148 αὐτὴν
2630 5081 3064 5151 μεταϐεϐλῆσθαι
3088 5087 3216 5154 περὶ
3242 5090 3338 5155 τὴν
3362 5092 3550 5145 οὐσίαν
3578 5098 3673 5165 δη-

2113 5169 2264 5238 λαδὴ,
2282 5170 2355 5232 ὡς
2373 5170 2616 5239 ἀνάγκην
2637 5168 2776 5224 εἶναι
2799 5175 2977 5225 πᾶσαν
2992 5176 3052 5225 ἐκ
3074 5176 3336 5242 γενέσεως
3352 5182 3430 5244 είς
3449 5184 3674 5255 φθορὰν,

2111 5264 2217 5313 κάκ
2245 5261 2337 5312 τοῦ
2366 5261 2519 5324 ὄντος
2545 5264 2624 5323 είς
2647 5264 2708 5315 rb
2739 5266 3001 5334 μηδαμῶς
3026 5263 3164 5320 εἶναι
3200 5277 3598 5341 κεχωρηκέναι.

2197 5352 2411 5420 Ἐξίσης
2445 5355 2473 5404 6
2499 5354 2598 5423 τῆς
2629 5355 2911 5418 εὐσεϐείας
2934 5358 3273 5429 ὁμολογητὴς
3298 5364 3389 5415 τόν
3423 5382 3481 5417 τε
3542 5386 3677 5439 προ-

2112 5445 2379 5513 εστηκότα
2403 5444 2503 5510 τῆς
2549 5445 2657 5497 τῶν
2693 5446 3076 5516 Εἰκονομάχων
3110 5451 3371 5516 αἱρέσεως
3419 5452 3677 5512 Εὐσέϐιον

2112 5536 2409 5604 ἐξελέγχει,
2435 5540 2528 5588 καὶ
2550 5537 2836 5605 Γρηγορᾶν
2860 5540 3090 5603 τουτονὶ,
3116 5542 3204 5591 τὸν
3230 5533 3357 5609 μὲν,
3374 5543 3459 5597 διὰ
3481 5548 3575 5615 τῆς
3596 5551 3678 5611 είς

2112 5632 2311 5683 ἄτοπον
2334 5630 2658 5697 ἀπαγωγῆς,
2693 5631 2753 5681 οὐ
2784 5633 3236 5699 μεταμόρφωσιν,
3273 5634 3391 5686 οὐδὲ
3438 5641 3566 5703 περὶ
3611 5642 3674 5690 τὸ

2110 5722 2263 5772 ποιὸν
2292 5720 2578 5771 ἀλλοίωσιν
2604 5719 2753 5773 θείαν
2783 5721 2963 5785 δείξας
2996 5724 3157 5775 αὑτὸν
3194 5726 3414 5777 εἰπόντα
3448 5730 3545 5795 τὴν
3574 5730 3673 5796 τῆς

2115 5812 2460 5882 ἀνθρωπείας
2488 5811 2582 5865 τοῦ
2615 5813 2852 5882 Χριστοῦ
2880 5814 3094 5883 φύσεως
3126 5816 3341 5879 θέωσιν,
3392 5818 3527 5873 ἀλλὰ
3568 5820 3671 5890 τῆς

3244 5906 3321 5970 3ιὶ
