4488 6444
503 404 640 469 1069

1234 408 1535 469 CONTRA
1585 407 2017 468 GREGORAM
2059 403 2812 466 ANTIRRHETICORUM
2851 403 2956 463 XI.

3604 405 3743 467 1070

496 517 790 580 δυσσεϐοῦς
837 517 1097 571 Εὑσεϐίου
1133 519 1231 572 καὶ
1274 518 1386 572 τῶν
1452 519 1840 587 Είκονομάχων
1898 533 2067 585 μετα·
2093 519 2146 576 Α
2169 515 2467 585 ἀπροσίτου
2499 516 2700 582 φωτὸς,
2727 517 2821 568 καὶ
2844 517 3074 586 θεότητα
3099 516 3191 569 καὶ
3216 517 3434 583 θέωσιν,
3461 519 3555 572 καὶ
3584 539 3742 588 φυσι-

499 609 800 677 ϐεϐλῆσοαι
855 612 947 662 καὶ
993 610 1272 676 τραπῆναι
1336 608 1523 671 κακῶς
1590 609 1817 676 λέγοντα
1851 625 1864 638 ο
1917 608 2066 660 τοῦθ’

497 700 634 768 ὅπερ
662 703 726 770 τῇ
753 699 846 753 τοῦ
876 700 1116 769 Χριστοῦ
1177 698 1476 770 Ἐκκλησία
1505 701 1604 752 καὶ
1631 703 1698 768 τῇ
1725 699 1834 751 τῶν
1896 700 2068 752 Πατέ-

409 778 414 783 ¹
499 812 608 862 ρων
653 795 775 864 ίερᾷ
817 794 1042 862 συνόδῳ,
1085 792 1390 861 καθαπερεί
1414 810 1497 855 τις
1537 791 1846 861 ἐξεστηκὼς
1870 791 2066 844 ἐαυτοῦ

498 890 594 940 καὶ
625 885 863 955 μεθύων,
901 885 1266 952 μετὰ-πολλῆς
1295 884 1394 952 τῆς
1424 883 1808 952 ἀναισχυντίας
1857 900 1915 935 τε
1972 886 2068 934 καὶ

500 975 860 1041 συκοφαντίας
890 976 1070 1044 φέρων
1101 974 1487 1044 προσέρριψεν.

572 1066 631 1117 El
668 1066 722 1117 δὲ
753 1066 846 1117 καὶ
894 1065 1108 1134 μορφῆς
1143 1064 1430 1116 ἀλλοίωσιν
1464 1064 1556 1114 ἐπὶ
1591 1063 1652 1114 τὸ
1689 1062 2068 1134 λαμπρότερον

497 1157 596 1227 τὴν
632 1157 724 1208 τοῦ
773 1155 1011 1225 Χριστοῦ
1045 1157 1470 1225 μεταμόρφωσιν
1507 1155 1711 1224 μεταξὺ
1760 1157 1868 1208 τῶν
1901 1157 2066 1209 αὑτοῦ

498 1252 673 1316 λόγων
709 1249 843 1317 φησὶ
877 1249 1191 1319 Γρηγορᾶς,
1228 1248 1429 1302 οὑτωσί
1462 1265 1579 1311 πως
1610 1249 1702 1301 τὸν
1739 1249 1936 1301 ἑαυτοῦ
1972 1250 2071 1318 μύ-

501 1360 633 1410 στην
660 1343 928 1395 διδάσκων
965 1343 1059 1394 καὶ
1090 1341 1281 1407 λέγων’
1311 1341 1432 1392 Ὅτι
1467 1339 1566 1408 μὲν
1594 1335 1688 1392 οῦν
1718 1343 1828 1402 τοῖς
1857 1342 2073 1394 Είκονο-

503 1434 754 1503 μάχοιςή
787 1433 880 1485 τοῦ
913 1434 1167 1502 Σωτῆρος
1198 1432 1632 1501 μεταμόρφωσις
1659 1433 1751 1484 ἐπὶ
1780 1431 1876 1484 τοῦ
1910 1432 2071 1502 ὅρους

501 1524 561 1573 οὐ
597 1523 812 1591 μορφῆς
837 1523 1126 1584 ἀλλοίωσις
1159 1523 1254 1574 ἐπὶ
1281 1521 1341 1574 τὸ
1373 1521 1756 1592 λαμπρότερον
1785 1523 2068 1593 ἐνομίσθη,

497 1612 636 1664 ἀλλά
664 1615 758 1664 καὶ
790 1611 948 1664 τοῦτο
980 1612 1197 1683 πρῶτον
1224 1611 1323 1679 μὲν
1353 1612 1556 1681 ἥκιστα
1580 1613 1900 1682 συνᾴδοντός
1925 1616 2072 1667 ἐστιν

499 1700 678 1769 ἐαυτῷ
697 1714 711 1729 ·
742 1700 864 1752 οὐδὲ
893 1702 1002 1769 γὰρ
1032 1695 1178 1769 εἶχον
1202 1701 1336 1762 ὅλως
1371 1717 1424 1752 τι
1455 1701 1697 1753 τοιοῦτον
1731 1704 1777 1754 οί
1815 1705 1943 1772 περὶ
1975 1705 2074 1772 τῆς

2176 606 2280 676 κὴν
2312 606 2449 658 Θεοῦ
2479 606 2658 671 δόξαν,
2705 608 2800 658 καὶ
2826 611 2894 659 τὰ
2918 607 3132 669 τούτοις
3164 609 3404 676 ἑπόμενα
3440 611 3744 675 καλοῦντας

2176 698 2332 751 αὑτό.
2375 698 2602 764 Ἐπάγει
2650 698 2746 749 καὶ
2783 699 2894 767 γάρ
2923 715 2936 731 ·
2981 699 3054 752 Τδ
3094 700 3195 766 μὲν
3233 701 3524 769 σωτήριον,
3566 704 3703 771 φησὶ⁸
3730 745 3747 768 ,

2177 786 2342 855 σῶμα
2368 789 2480 848 τοῖς
2505 786 2897 856 Είκονομάχοις
2935 789 3191 860 ἐνομίσθη
3235 791 3372 858 πρὸς
3405 792 3463 843 τὸ
3493 793 3750 847 ἄκτιστον

2179 878 2622 947 μεταϐεϐλῆσθαι
2669 878 2762 930 καὶ
2809 877 3124 948 ἄφθαρτον·
3177 882 3238 932 τὸ
3284 880 3338 932 δὲ
3392 882 3557 948 φανὲν
3596 900 3753 945 τηνι·

2178 971 2356 1024 καῦτα
2386 971 2498 1038 φῶς
2531 970 2722 1039 θεότης
2753 971 3007 1030 ἀκτιστος
3038 972 3134 1024 καὶ
3164 973 3414 1035 ἀνούσιος
3430 970 3598 1026 εἶναι·
3627 975 3752 1027 τότε

2181 1062 2281 1129 μὲν
2310 1064 2403 1115 ἐπὶ
2427 1061 2522 1115 τοῦ
2542 1062 2724 1132 ὅρους,
2755 1059 2867 1114 οἷον
2889 1063 3061 1132 ἀρχῆς
3087 1063 3388 1132 γενομένης
3409 1067 3476 1132 τῇ
3501 1066 3755 1117 ἀκτιστό-

2177 1165 2300 1221 τητι
2327 1154 2423 1206 τοῦ
2456 1153 2744 1223 ἀνθρώπου
2778 1155 2872 1206 καὶ
2900 1155 3203 1225 ἀφθαρσίᾳ,
3233 1157 3308 1217 ώς
3340 1157 3398 1207 ἐν
3430 1157 3753 1226 ἀρραϐὦνος

2177 1246 2384 1312 τρόπῳ,
2414 1246 2552 1313 μετὰ
2583 1246 2638 1298 δὲ
2657 1247 2886 1300 θάνατον
2907 1248 2999 1298 καὶ
3025 1249 3162 1315 πρὸς
3191 1249 3458 1314 οὐρανοὺς
3483 1248 3753 1303 ἀνάϐασιν

2179 1339 2376 1401 τελέως
2406 1339 2506 1408 ἠδη
2538 1338 2791 1406 γενέσθαι
2824 1341 2917 1390 καὶ
2949 1339 3107 1406 φύσει
3139 1338 3415 1392 άκτιστον.

2253 1430 2362 1481 Καὶ
2397 1430 2498 1498 ὅρα
2531 1429 2593 1482 τὸ
2626 1432 2684 1482 ἐν
2713 1433 2827 1492 τοῖς
2860 1431 3086 1501 βραχέσι
3125 1431 3336 1494 τούτοις
3369 1436 3581 1502 ῥήμασι
3620 1453 3752 1487 σκο-

2181 1521 2295 1572 λιδν
2329 1521 2418 1572 καὶ
2447 1522 2694 1573 ποικίλον
2726 1522 2829 1589 τῆς
2862 1525 3198 1592 κακουργίας
3227 1526 3318 1577 καὶ
3353 1526 3446 1576 τοῦ
3488 1526 3717 1593 ψεύδους
3737 1569 3753 1590 ,

2181 1611 2276 1661 καὶ
2309 1611 2406 1679 τῆς
2459 1596 2758 1681 θεομαχίας
2790 1614 2980 1668 αὑτοῦ.
3031 1616 3314 1681 Ἐγένοντο
3354 1618 3585 1685 καὶγὰρ
3624 1619 3754 1688 περὶ

2179 1698 2352 1750 ταῦτα
2376 1700 2566 1766 σοφοί·
2596 1701 2656 1752 τὸ
2682 1701 2740 1752 δὲ
2763 1702 2929 1752 καλὸν
2961 1703 3190 1770 ποιῆσαί
3212 1720 3270 1754 τε
3329 1707 3424 1757 καὶ
3453 1705 3626 1756 είπεῖν
3655 1705 3756 1758 οὐκ

503 1790 976 1861 μεταμορφώσεως
1015 1794 1155 1860 ὅροι,
1191 1795 1285 1846 καὶ
1320 1797 1374 1845 αί
1421 1793 1720 1861 διαιρέσεις
1756 1795 1946 1857 αὑτοῦ,
1982 1797 2076 1848 καὶ
2112 1810 2151 1866 Β
2183 1791 2447 1856 ἔγνωσαν.
2485 1793 2560 1843 Τὸ
2618 1793 2721 1860 μέν
2775 1792 2868 1845 οὖν
2905 1794 3344 1863 μεταϐεϐλῆσθαι
3383 1800 3474 1849 καὶ
3509 1815 3754 1866 μεταπι-

500 1886 548 1936 οἱ
581 1885 931 1951 συλλογισμοί
951 1899 962 1911 ’
996 1884 1188 1935 ἔπειτα
1217 1885 1308 1937 καὶ
1338 1884 1434 1953 τὴν
1473 1886 1564 1936 ἐπὶ
1594 1887 1656 1936 τὸ
1683 1885 2064 1954 λαμπρότερον

499 1977 706 2044 ταύτην
743 1976 1027 2028 ἀλλοίωσιν
1065 1975 1165 2044 τῆς
1204 1977 1421 2046 μορφῆς
1458 1976 1552 2028 τοῦ
1589 1978 1853 2043 Χριστοῦ,
1895 1980 1960 2046 ἣν
1999 1978 2073 2040 ὡς

503 2070 579 2137 μὴ
609 2069 954 2135 φρονούντων
991 2067 1100 2117 τῶν
1129 2067 1518 2136 Εἰκονομάχων
1547 2067 1711 2136 δῆθεν
1751 2073 2071 2137 κατηγορεῖ,

501 2160 598 2211 οὐκ
639 2159 924 2210 ἀλλοίωσιν
972 2159 1070 2226 τῆς
1113 2157 1295 2220 δεξιᾶς
1347 2159 1441 2210 τοῦ
1485 2158 1769 2226 Ὑψίστου,
1807 2160 1927 2218 οὐδὲ
1967 2162 2074 2210 τῶν

503 2251 642 2304 κατὰ
669 2249 830 2317 φύσιν
865 2250 957 2300 ἐπὶ
993 2251 1061 2301 τὰ
1098 2249 1236 2319 ὑπὲρ
1272 2251 1434 2317 φύσιν
1462 2251 1719 2302 ἔκστασιν
1751 2252 1843 2303 καὶ
1872 2252 2068 2305 ἀνάϐα·

504 2358 611 2407 σιν,
643 2342 760 2394 ούδέ
785 2342 897 2408 ατῆς
947 2341 1164 2407 φύσεως
1200 2341 1420 2400 θέωσιν,
1454 2342 1553 2408 τὴν
1585 2341 1948 2411 λαμπρότητα
1980 2344 2075 2403 τῆς

507 2436 719 2502 μορφῆς
754 2433 846 2485 τοῦ
872 2431 1106 2501 Χριστοῦ
1133 2432 1372 2495 δοξάζων
1395 2433 1566 2498 λέγει.
1600 2433 1734 2484 Οὐδὲ
1765 2435 1872 2501 γὰρ
1904 2435 2074 2500 ἔμαθε

502 2525 570 2576 τὰ
594 2523 702 2576 τῶν
729 2523 992 2589 θεολόγων
1025 2526 1246 2590 φρονεῖν
1274 2523 1516 2590 ἀληθῶς,
1544 2525 1636 2574 καὶ
1662 2524 1840 2590 λέγειν
1870 2525 2072 2584 ἐκεῖνα,

504 2616 586 2668 ὅτι
618 2616 970 2668 πεπτώκασιν
997 2617 1045 2667 οί
1081 2617 1372 2667 ἀπόστολοι
1403 2619 1469 2684 τῇ
1491 2615 1618 2686 δόξῃ
1648 2616 1742 2668 τοῦ
1770 2618 1946 2682 φωτὸς
1983 2617 2075 2667 τοῦ

507 2705 635 2759 Υίοῦ
663 2708 906 2759 ἀτενίσαι
943 2708 1017 2775 μὴ
1048 2706 1393 2775 δυνηθέντες,
1411 2708 1496 2757 διὰ
1519 2707 1580 2757 τὸ
1604 2703 1746 2758 εἶναι
1777 2707 1944 2772 αὐτὴν
1965 2709 2079 2772 φῶς

506 2800 820 2868 ἀπρόσιτον.
852 2800 1044 2866 ’Δνέϐη
1077 2800 1207 2867 γὰρ,
1237 2800 1426 2868 φησὶν,
1457 2801 1536 2860 είς
1568 2800 1627 2850 τὸ
1649 2799 1772 2864 όρος
1799 2801 1825 2850 ὁ
1874 2798 2079 2863 Ἰησοῦς

508 2892 600 2942 καὶ
636 2890 1032 2959 μετεμορφώθη
1067 2890 1378 2956 ἔμπροσθεν
1413 2890 1608 2940 αὐτῶν.
1662 2889 1724 2940 Τί
1760 2892 1877 2941 ἐστι
1903 2907 2080 2958 μετε-

502 2982 823 3051 μορφώθης
871 2982 1193 3050 Παρήνοιξε,
1229 2982 1398 3048 λέγει,
1439 2983 1618 3047 ὀλίγον
1656 2981 1752 3048 τῆς
1805 2981 2076 3048 θεότητος,

508 3077 600 3126 καὶ
635 3073 834 3136 ἔδειξεν
863 3075 1044 3134 αὐτοῖς
1077 3074 1166 3125 τὸν
1197 3072 1508 3126 ἐνοικοῦντα
1536 3073 1691 3135 Θεὸν,
1741 3074 1838 3123 καὶ
1871 3071 2078 3139 ἔλαμψε

2178 1882 2436 1948 ποιῆσθαι
2458 1881 2544 1933 διὰ
2558 1883 2656 1950 τῆς
2681 1885 3158 1953 μεταμορφώσεως
3187 1887 3276 1938 τοῦ
3306 1886 3538 1956 Χριστοῦ
3573 1891 3749 1958 σῶμα.

2177 1970 2314 2038 πρὸς
2347 1972 2406 2022 τὶ
2446 1972 2722 2041 ἀφθαρτόν
2760 1992 2819 2026 τε
2854 1977 2948 2027 καὶ
2974 1977 3227 2029 άκτιστον
3264 1979 3415 2046 παρὰ
3450 1980 3711 2033 Εὑσεϐίου
3735 2020 3749 2043 ,

2179 2069 2274 2113 καὶ
2324 2063 2434 2114 τῶν
2493 2065 2879 2134 Εἰκονομάχων
2931 2067 3132 2130 λαϐὼν,
3187 2071 3267 2122 ὃτι
3325 2073 3380 2123 δὲ
3423 2072 3613 2142 θεότης
3656 2080 3751 2126 καὶ

2178 2156 2435 2208 ἀκτιστον
2479 2158 2539 2208 τὸ
2567 2158 2712 2209 θεῖον
2749 2160 2849 2229 τῆς
2886 2161 3364 2231 μεταμορφώσεως
3392 2167 3602 2218 ἐκείνου
3635 2169 3751 2234 φῶς

2177 2247 2253 2308 ώς
2307 2249 2504 2316 ίδίωμα
2537 2249 2765 2317 φυσικὸν
2813 2251 2908 2302 τοῦ
2940 2253 3100 2318 Θεοῦ,
3137 2259 3230 2306 καὶ
3273 2256 3574 2319 ὑπόστασις
3624 2259 3751 2310 καθ’

2179 2339 2338 2389 ἑαυτὸ
2369 2338 2493 2390 οὔτε
2527 2341 2707 2402 οὐσία,
2743 2342 2858 2393 ἀλλ’
2889 2347 2947 2394 ἐν
2987 2348 3054 2414 τῇ
3085 2347 3243 2418 οὐσίᾳ
3289 2349 3487 2416 μᾶλλον
3516 2351 3591 2412 ώς
3623 2351 3752 2416 δόξα

2179 2427 2402 2495 φυσικὴ,
2433 2431 2528 2481 καὶ
2551 2431 2872 2502 λαμπρότης
2899 2434 3179 2504 ὁρώμενον
3205 2437 3298 2489 τοῦ
3326 2439 3482 2492 Θεοῦ.

2251 2521 2434 2574 Ταῦτα
2453 2523 2632 2574 τοίνυν
2651 2525 2714 2575 ἐκ
2734 2525 2834 2592 τῆς
2856 2527 3132 2591 θεολογίας
3151 2529 3260 2580 τῶν
3286 2531 3453 2597 ἁγίων
3473 2532 3750 2600 ἀρπάσας,

2180 2615 2273 2664 καὶ
2305 2616 2529 2683 προσέτι
2562 2615 2860 2684 ἀρραϐῶνα
2886 2620 2979 2669 τοῦ
3006 2620 3322 2688 Πνεύματος
3351 2626 3752 2693 προσειρῆσθαι

2182 2703 2334 2768 παρά
2391 2703 2495 2754 τῶν
2554 2705 2738 2758 αὐτῶν
2795 2706 3092 2774 θεολόγων,
3146 2711 3209 2761 ἐκ
3265 2711 3359 2763 τοῦ
3433 2714 3752 2767 Ἀποστόλου

2182 2793 2338 2844 τοῦτο
2394 2795 2685 2861 λαϐόντων,
2728 2800 2822 2850 καὶ
2874 2803 3291 2869 συγκαταμίξας
3468 2806 3756 2876 δυσσεϐεία

2182 2885 2276 2952 τὴν
2332 2887 2572 2954 μεγάλην
2619 2889 2894 2956 θεολογίαν
2947 2891 3041 2943 τοῦ
3106 2893 3440 2961 Πνεύματος,
3476 2901 3571 2951 καὶ
3627 2917 3754 2966 συγ-

2181 2979 2308 3044 χέας
2343 2980 2435 3031 καὶ
2487 2981 2856 3048 συνταράξας,
2890 2985 2984 3035 καὶ
3033 2985 3132 3053 τὴν
3173 2986 3268 3037 τοῦ
3317 2989 3461 3039 θείου
3505 2991 3754 3058 Πνεῦμα-

2182 3086 2274 3130 τος
2317 3071 2475 3138 χάριν
2531 3073 2670 3124 κατὰ
2717 3074 2842 3133 τοὺς
2877 3075 3180 3144 θεομάχους
3240 3079 3526 3142 Ἰουδαίους
3583 3083 3755 3136 πάλαι

508 3164 569 3214 τὸ
604 3163 894 3231 πρόσωπον
931 3162 1092 3214 αὐτοῦ
1126 3163 1200 3225 ώς
1233 3165 1259 3214 ό
1292 3163 1462 3232 ἣλιος.
1501 3164 1606 3215 Καὶ
1644 3161 1806 3213 πάλιν
1827 3179 1840 3191 ο
1874 3163 2084 3230 Πληρο-
2108 3148 2149 3204 C
2187 3161 2534 3228 κατενεγκὼν
2559 3166 2637 3226 είς
2664 3165 3013 3230 Βεελζεϐοὺλ,
3042 3167 3186 3220 οὓτω
3216 3171 3313 3238 τὴν
3341 3172 3438 3240 τῆς
3474 3175 3758 3244 εἰκονομα-

511 3255 694 3325 φορῶν
729 3255 850 3323 μὲν,
878 3260 1061 3322 φησὶν,
1097 3259 1123 3308 ὀ
1153 3255 1386 3324 Χριστὸς
1404 3255 1528 3315 τοὺς
1559 3255 1911 3316 ἀποστόλους,
1943 3256 2077 3304 ἔδειο

511 3345 598 3408 ξεν
633 3346 818 3406 αὐτοῖς
847 3346 944 3411 τῆς
979 3346 1212 3396 ἀθεάτου
1252 3344 1530 3413 βασιλείας
1558 3345 1655 3414 τὴν
1684 3345 1869 3413 θεῖκὴν
1900 3345 2074 3408 δόξαν,

511 3437 609 3504 οὐχ
637 3437 736 3503 ὅση
757 3454 840 3497 τις
879 3433 967 3506 ἦν,
994 3437 1111 3487 ἀλλ’
1145 3437 1270 3488 ὅσον
1301 3435 1551 3488 ἐδύναντο
1582 3437 1768 3506 φέρειν
1804 3440 1851 3488 οἱ
1885 3455 2076 3505 σωμα-

507 3532 695 3590 τικοῦς
726 3530 1038 3598 ὀφθαλμοὺς
1071 3529 1484 3598 περιφέροντες,
1527 3529 1844 3595 φειδόμενος
1889 3529 1944 3579 δὲ
1981 3531 2078 3580 καὶ

509 3619 630 3685 οὐχὶ
661 3617 890 3684 φθονῶν,
925 3619 1024 3668 οὐκ
1069 3616 1270 3680 ἔδειξεν
1318 3616 1500 3676 αὐτοῖς
1534 3616 1632 3684 τὴν
1672 3618 1855 3666 πᾶσαν
1885 3617 2040 3682 δόξαν
2061 3657 2076 3679 ,

512 3711 598 3763 ῐνα
646 3713 720 3780 μῆ
772 3714 867 3762 σὺν
900 3714 965 3778 τῇ
999 3711 1184 3777 ὁράσει
1221 3711 1314 3763 καὶ
1353 3711 1412 3760 τὸ
1460 3708 1560 3776 ζῇν
1599 3707 1936 3762 ἀπολέσωσι.
1969 3709 2079 3759 Καὶ

509 3805 590 3856 ὅτι
611 3805 844 3872 Χριστὸς
873 3803 1088 3868 ἀνάγει.
1117 3803 1272 3871 φησι,
1298 3804 1422 3862 τοὺς
1455 3800 1704 3869 μαθητὰς
1738 3803 1816 3862 είς
1845 3802 1906 3853 τὸ
1930 3801 2076 3868 ὅρος,

510 3897 610 3964 τὴν
637 3895 1204 3964 ὑπεραστράπτουσαν
1227 3892 1570 3961 παραδείξων
1597 3893 1693 3957 τῆς
1723 3892 1929 3951 οἰκείας
1962 3893 2079 3943 θεό-

510 4005 668 4057 τητος
699 3986 853 4049 δόξαν
881 4004 940 4037 τε
975 3988 1069 4038 καὶ
1098 3985 1480 4053 λαμπρότητα,
1521 3986 1599 4045 είς
1626 3985 1691 4052 ἥν
1721 3985 1907 4052 μικρῷ
1938 3985 2074 4052 πρό-

509 4095 668 4148 τερον
701 4077 1131 4145 μυστικώτερον,
1167 4076 1263 4128 καὶ
1293 4076 1388 4127 νῦν
1425 4075 1831 4143 ἐμφανέστερον
1859 4075 1948 4127 διά
1972 4075 2074 4142 τῆς

513 4168 988 4237 μεταμορφώσεως
1024 4167 1194 4219 αὑτοῦ
1230 4165 1680 4235 μετεστοιχείωσε
1712 4166 1812 4232 τὴν
1842 4166 2084 4218 ἀκούσα-

511 4276 610 4310 σαν
647 4258 826 4324 φύσιν,
879 4256 966 4324 Γῆ
1009 4253 1082 4318 εἷ,
1107 4256 1208 4308 καί
1245 4258 1331 4321 είς
1380 4255 1494 4322 γῆν
1535 4257 1868 4324 ἁπελεύσῃ.
1912 4256 2080 4308 Τοῦτο

510 4352 690 4403 τοίνυν
714 4349 1048 4418 ἑορτάζομεν
1075 4349 1335 4416 σήμερον,
1361 4352 1458 4416 τὴν
1487 4347 1586 4415 τῆς
1611 4340 1825 4414 φύσεως
1860 4348 2074 4408 θέωσιν,

509 4443 608 4511 τὴν
640 4441 715 4502 είς
749 4441 810 4490 τὸ
840 4441 1088 4506 κρεῖττον
1119 4437 1426 4497 ἀλλοίωσιν,
1453 4437 1552 4503 τὴν
1586 4437 1678 4487 ἐπὶ
1707 4436 1775 4488 τὰ
1815 4437 1952 4504 ὑπὲρ
1977 4436 2078 4502 φύ-

2181 3253 2304 3321 χίας
2344 3255 2558 3320 αἵρεσιν
2591 3255 2685 3307 καὶ
2716 3260 2814 3326 τὴν
2838 3262 3160 3326 καταδίκην,
3186 3261 3260 3323 ὡς
3291 3265 3451 3326 αὐτὸς
3479 3269 3667 3330 οἴεται,
3690 3272 3755 3337 τῇ

2181 3347 2302 3399 καθ’
2339 3348 2486 3413 ἡμᾶς
2540 3349 2778 3413 συνόδῳ,
2813 3352 2909 3401 καὶ
2953 3356 3016 3420 τῇ
3054 3353 3146 3404 τοῦ
3183 3355 3419 3422 Χριστοῦ
3461 3358 3758 3430 Ἐκκλησία

2178 3438 2246 3488 δι’
2287 3432 2360 3492 ὧν
2391 3441 2576 3500 κακῶς
2601 3457 2656 3491 τε
2697 3443 2790 3492 καὶ
2822 3444 3048 3510 ἀμαθῶς
3081 3446 3381 3511 συνήγαγε,
3416 3452 3756 3516 προσάπτειν

2180 3532 2467 3601 ἐπιχειρεῖ,
2502 3534 2560 3583 οῦ
2598 3533 2798 3600 μᾶλλον
2830 3536 2986 3601 ἡμῶν
3015 3537 3047 3605 ῆ
3083 3538 3178 3603 τῆς
3207 3538 3356 3599 θείας
3385 3542 3626 3610 Γραφῆς,
3661 3546 3758 3596 καὶ

2184 3622 2292 3672 τῶν
2315 3624 2530 3691 ἐκείνην
2556 3624 2897 3691 ἐξητακότων
2930 3627 3094 3677 πάλαι
3127 3629 3263 3694 μετά
3294 3629 3387 3682 τοῦ
3420 3632 3754 3701 Πνεύματος,

2181 3713 2248 3762 τὰ
2300 3713 2522 3765 τοιαῦτα
2577 3718 2924 3782 κατηγορῶν.
2964 3718 3102 3786 Παρ’
3140 3718 3213 3769 ὼν
3246 3721 3413 3788 δήπου
3453 3724 3544 3775 καὶ
3593 3728 3758 3792 ἡμεῖς

2179 3802 2352 3855 ταῦτα
2397 3803 2652 3866 λαϐόντες
2705 3807 2924 3874 ἔχομεν.
2979 3810 3205 3878 Ἐπάγει
3255 3815 3346 3862 καὶ
3400 3815 3509 3880 γὰρ
3556 3817 3755 3869 οὑτωσί

2183 3911 2298 3955 πως
2355 3897 2539 3948 ἐκεῖνα
2595 3897 2732 3964 μετὰ
2778 3900 3008 3966 μικρόν·
3041 3901 3175 3967 Περί
3207 3918 3269 3967 γε
3303 3903 3409 3971 μὴν
3461 3904 3560 3970 τῆς
3605 3905 3758 3968 θείας

2181 3988 2561 4054 είκονομαχίας
2589 3987 2682 4038 τοῦ
2717 3988 2975 4056 Παλαμᾶ,
3005 3991 3072 4058 ἢν
3097 3993 3161 4058 δὴ
3196 3993 3288 4043 καὶ
3313 3994 3372 4044 τὸ
3405 3996 3758 4062 σκοπιμώτα-

2180 4095 2272 4129 τον
2318 4077 2408 4130 τοῦ
2449 4079 2718 4146 παρόντος
2761 4077 2900 4130 εἶναι
2947 4081 3238 4146 γινώσκεις
3297 4084 3526 4149 ἀγῶνος,
3579 4085 3757 4149 ἔξεστι

2195 4170 2295 4236 μέν
2334 4172 2428 4222 καὶ
2505 4171 2590 4221 σοὶ
2635 4170 2806 4237 δήπου
2875 4172 3304 4241 παρεξετάζοντι
3353 4180 3622 4248 συνορᾷν,
3681 4181 3758 4243 ὠς

2184 4262 2278 4311 κα)⁵
2325 4261 2488 4322 αὐτὸς
2525 4261 2596 4312 τὰ
2626 4262 2764 4314 αὐτὰ
2805 4265 2918 4324 τοῖς
2957 4265 3142 4327 αὐτοῖς
3190 4266 3520 4337 βλασφημεῖ,
3569 4272 3622 4323 εἴ
3672 4289 3756 4333 τις

2180 4350 2326 4419 ὁρῴη
2363 4351 2460 4414 τὰς
2493 4352 2596 4420 τῆς
2628 4353 2829 4414 κακίας
2863 4355 3015 4421 ῥίζας
3047 4357 3238 4420 αύτάς,
3273 4362 3366 4410 καὶ
3397 4361 3494 4428 τὴν
3527 4363 3755 4432 πρώτην

2186 4442 2419 4510 βλάστην
2444 4458 2456 4470 ·
2489 4443 2666 4508 ἔξεστι
2700 4445 2745 4496 δ’
2778 4446 2880 4513 οὐχ
2911 4444 3073 4514 ἧττον
3109 4451 3338 4516 συνορᾷν
3369 4454 3460 4502 καὶ
3492 4453 3624 4523 ὅσην
3654 4457 3754 4507 αύ-

476 4536 478 4539 ’
514 4551 599 4583 σιν
656 4532 764 4583 τῶν
815 4531 954 4582 κατά
1009 4529 1170 4598 φύσιν
1213 4529 1470 4580 ἔκστασιν
1518 4529 1611 4578 καὶ
1657 4527 1946 4580 ἀνάϐασιν.
2001 4526 2079 4579 Οὐ
2114 4533 2158 4586 D
2186 4534 2276 4594 τὸς
2293 4533 2703 4602 πεποίηταιτῆν
2728 4537 3072 4604 προσθήκην,
3105 4537 3306 4608 βλάστῃ
3333 4540 3569 4608 βλάστην
3593 4545 3756 4610 ἐφευ-

512 4625 724 4685 τούτοις
756 4623 941 4675 τοίνυν
975 4623 1069 4674 καὶ
1101 4623 1213 4682 τοῖς
1246 4619 1510 4680 τοιούτοις
1539 4618 1778 4678 εὐσεϐῶς
1805 4619 1832 4669 ὁ
1863 4617 2082 4684 φιλόσο-

522 4733 612 4782 1οος
645 4717 828 4769 οὑτοσὶ
863 4714 1110 4782 συνᾴδειν
1150 4714 1376 4775 ἐθέλων,
1434 4711 1646 4780 μορφῆς
1678 4708 1966 4761 ἀλλοίωσιν
1992 4707 2084 4759 ἐπὶ

511 4809 572 4858 τδ
593 4808 974 4876 λαμπρότερον
993 4801 1115 4856 εἷπε
1132 4804 1229 4872 τὴν
1250 4803 1681 4871 μεταμόρφωσιν
1699 4801 1792 4853 τοῦ
1819 4799 2078 4869 Χριστοῦ·

513 4895 711 4948 πολλοῦ
761 4911 822 4962 γε
872 4895 966 4946 καὶ
1011 4894 1109 4946 δεῖ.
1165 4893 1308 4944 Ἀλλ’
1356 4893 1516 4952 αὐτὸς
1578 4892 1674 4958 μὲν
1729 4890 1935 4955 κτίσμα
1987 4892 2084 4942 κα)⁸

517 4965 764 5055 ἰνδαλμα,
801 4989 894 5041 σύν
924 5005 986 5055 γε
1025 4989 1090 5056 τῇ
1120 4986 1239 5058 κατ’
1267 4985 1428 5037 αὐτὸν
1461 4983 1675 5052 ἑταιρίᾳ
1698 4984 1832 5051 φησι
1859 4983 1918 5040 τὸ
1942 4982 2084 5033 θεῖον

515 5083 609 5135 καὶ
664 5082 958 5149 ἀπρόσιτον
1007 5082 1107 5146 τῆς
1157 5077 1251 5128 τοῦ
1313 5073 1554 5143 Χριστοῦ
1604 5073 2084 5142 μεταμορφώσεως

516 5173 654 5240 φῶς,
689 5173 787 5238 τὴν
837 5171 1074 5238 φυσικὴν
1120 5170 1216 5236 τῆς
1253 5168 1504 5234 θεότητος
1535 5165 1713 5230 δόξαν,
1753 5164 1850 5232 τὴν
1894 5165 2080 5232 κοινὴν

519 5265 793 5336 βασιλείαν
829 5264 991 5316 αὑτοῦ
1020 5279 1080 5313 τε
1113 5261 1326 5313 καὶτοῦ
1359 5259 1591 5328 Πατρός.

589 5355 805 5408 Μᾶλλον
856 5355 912 5407 δὲ
953 5355 1048 5406 καὶ
1080 5353 1282 5420 κτίσμα
1324 5353 1384 5404 τὸ
1414 5352 1542 5403 αὐτὸ
1577 5351 1671 5402 καὶ
1704 5349 1895 5402 ούσίαν
1935 5349 2082 5415 λέγει

520 5445 700 5498 Θεοῦ’
736 5447 839 5498 κάν
887 5445 1061 5513 τούτῳ
1115 5443 1356 5511 συνᾴδων
1415 5441 1713 5509 ’ᾼκινδύνῳ
1769 5440 1847 5508 τῷ
1898 5441 2083 5508 οίκείῳ

518 5537 828 5604 καθηγητῇ.
869 5535 1335 5602 Συγκαταδικάζει
1378 5534 1433 5585 δὲ
1465 5534 1577 5595 τοῖς
1603 5533 1992 5601 Είκονομάχοις
2025 5532 2085 5584 ού

518 5629 616 5698 τὴν
647 5628 880 5691 σύνοδον,
912 5631 1004 5680 καὶ
1033 5629 1129 5697 τὴν
1161 5626 1254 5677 νῦν
1297 5627 1627 5694 Ἐκκλησίαν
1657 5625 1849 5685 ἀπλῶς
1890 5623 2082 5692 μόνην,

521 5721 656 5774 ἀλλά
696 5722 785 5773 καὶ
817 5721 1024 5784 πάντας
1058 5719 1190 5790 ὁμοῦ
1239 5719 1522 5787 θεολόγους
1557 5718 1755 5780 ἱεροὺς,
1786 5715 1880 5768 καὶ
1917 5716 2088 5766 Πατέ-

521 5829 620 5883 ρας
671 5815 795 5876 τοὺς
846 5814 1029 5867 ἐκεῖνα
1064 5811 1448 5880 θεολογοῦντας
1490 5811 1617 5879 περί
1667 5808 1760 5860 τοῦ
1811 5807 1954 5860 θείου
1993 5808 2086 5858 καὶ

2190 4626 2316 4694 ρών,
2349 4627 2441 4678 καὶ
2463 4626 2691 4692 ἀνομίαν
2720 4628 3034 4693 ἐπενεγκὼν
3059 4631 3282 4700 ἀνομία.
3317 4626 3444 4702 Ἀρ⁸
3467 4635 3589 4702 οὐχὶ
3625 4653 3758 4703 προ-

2185 4716 2360 4785 δήλως
2391 4716 2622 4768 ἐνταῦθα
2658 4719 2943 4788 Γρηγορᾶς
2972 4721 3069 4786 τὴν
3099 4722 3349 4788 ἀνομίαν,
3381 4727 3472 4774 καὶ
3504 4728 3601 4792 τὴν
3628 4728 3756 4778 δυσ⁴

2187 4808 2404 4885 σέϐειαν
2433 4809 2527 4859 καὶ
2546 4810 2604 4859 τὺ
2631 4809 2788 4861 ἄθεον
2811 4810 2979 4872 ὅντως
3001 4811 3261 4880 ἐξέρρηξε
3291 4813 3383 4865 τοῦ
3407 4815 3604 4868 οίκείου
3629 4835 3760 4886 φρο-

2189 4901 2450 4966 νήματος,
2486 4902 2720 4969 ἀνομίαν
2753 4903 2852 4971 τὴν
2884 4905 2990 4954 τῶν
3025 4905 3195 4971 ἁγίων
3225 4904 3505 4973 θεολογίαν
3536 4926 3758 4978 προσει-

2186 4991 2323 5054 πὼν,
2351 4992 2505 5060 ῥίζαν
2529 4995 2749 5054 κακίας,
2767 4996 2859 5045 καὶ
2880 4995 3116 5063 βλάστην
3139 4999 3383 5065 πονηρὰν
3406 4998 3498 5048 ἐπὶ
3518 4998 3759 5073 βλάστῃς

2200 5077 2414 5130 Ἐκεῖνα
2480 5079 2589 5150 γὰρ
2664 5081 2923 5152 ἄντικρυς
2987 5083 3300 5154 βλασφημεῖ
3370 5087 3469 5155 τὴν
3527 5091 3760 5157 ἀνομίαν

2186 5163 2326 5218 εἶναι
2356 5168 2448 5218 καὶ
2477 5170 2576 5237 τὴν
2607 5171 2702 5237 τῆς
2737 5171 2931 5234 κακίας
2956 5173 3114 5242 ῥίζαν
3135 5191 3192 5226 τε
3237 5178 3331 5228 καὶ
3359 5178 3456 5246 τὴν
3498 5180 3757 5252 βλάστην,

2185 5261 2214 5309 ὁ
2266 5263 2364 5328 τῆς
2422 5262 2650 5328 ἀνομίας
2704 5281 2761 5314 τε
2801 5266 2892 5316 καὶ
2925 5268 3023 5334 τῆς
3079 5267 3350 5330 ἀπωλείας
3401 5272 3566 5334 ὅντως
3622 5277 3757 5340 υίὸς,

2185 5349 2221 5401 ἃ
2280 5352 2404 5420 περὶ
2459 5353 2558 5416 τῆς
2609 5355 2841 5421 φυσικῆς
2896 5356 2988 5406 τοῦ
3042 5357 3176 5409 Θεοῦ
3236 5359 3414 5428 δόξης,
3455 5362 3547 5414 τοῦ
3597 5364 3764 5435 ἀνάρ‹

2190 5458 2284 5511 χου
2313 5445 2406 5495 καὶ
2431 5442 2730 5511 ἀπροσίτου
2762 5445 2937 5512 φωτὸς
2961 5447 3056 5516 τῆς
3083 5447 3176 5499 τοῦ
3205 5450 3445 5518 Χριστοῦ
3478 5470 3620 5523 φημι
3646 5457 3763 5508 θεός

2187 5553 2367 5604 τητος,
2417 5536 2568 5601 παρά
2612 5536 2722 5588 τῶν
2770 5538 3139 5592 ἀποστολικῶν
3187 5557 3244 5591 τε
3285 5542 3380 5594 καὶ
3427 5542 3764 5613 θεολογικῶν

2189 5626 2381 5693 φωνῶν
2411 5627 2664 5688 λαϐόντες
2692 5629 2852 5696 ἡμεῖς
2877 5630 3246 5698 ἐκηρύξαμεν.
3283 5631 3416 5684 Τίνα
3442 5633 3506 5702 δὴ
3545 5635 3720 5689 ταῦτα
3746 5657 3761 5701 ;

2188 5718 2327 5779 Φως,
2355 5719 2541 5785 φησὶν,
2572 5719 2603 5784 ἡ
2642 5718 3069 5787 παραδειχθεῖσα
3102 5720 3296 5790 θεότης
3332 5722 3422 5771 επὶ
3466 5723 3561 5776 τοῦ
3597 5726 3767 5793 ὅρους

2190 5810 2299 5870 τοῖς
2335 5808 2604 5878 μαθηταῖς
2629 5849 2641 5873 ,
2680 5808 2877 5878 μικροῦ
2921 5812 3255 5880 στερροτέρα
3288 5813 3381 5865 καὶ
3413 5812 3591 5878 ὅψεως
3613 5829 3630 5846 ⁸
3664 5827 3759 5869 και
