4488 6444
585 401 720 462 1077

1326 398 1626 459 CONTRA
1669 397 2101 458 GREGORAM
2144 397 2911 466 ANTIRRHETHZORUM
2951 394 3054 456 Χῐ.

3666 386 3809 448 1078

574 515 925 570 καταϐάλλων
956 514 1055 583 τῆς
1080 514 1385 578 εὐσεϐείας,
1416 515 1665 581 καθάπερ
1686 515 1895 583 ἀροτηρ
1920 516 2142 581 ἀριστος
2172 518 2218 576 Α
2246 516 2482 579 ἅπαντα,
2519 513 2654 575 πρὸς
2686 511 2819 563 Θεὸν
2846 510 2944 579 τὴν
2986 507 3094 559 τῶν
3122 501 3577 569 ἀπαιιγασμάτων
3622 498 3807 566 πηγὴν

571 608 634 661 τδ
662 607 890 676 ἄροτρον
926 606 1064 675 ἔχων
1110 607 1209 674 τῆς
1237 607 1599 668 διδασκαλίας.
1635 606 1745 658 Ποῦ
1798 603 1965 677 ἦλθε;
1998 606 2139 670 Πρδς

574 694 815 762 Θρᾷκας,
845 692 980 761 πρὸς
1004 692 1238 756 Σκύθας.
1270 694 1406 761 πρὶς
1450 692 1660 756 Ἰνδοὺς,
1694 694 1829 763 πρὸς
1858 695 2138 761 Μαύρους,

576 787 709 854 πρὸς
753 787 1007 851 Γότθους,
1056 786 1194 855 πρὸς
1235 786 1422 857 θηρία,
1461 788 1557 838 καὶ
1598 787 1861 854 μετέϐαλε
1908 788 2138 847 πάντας.

578 878 746 943 Πόθεν
763 896 777 943 ;
794 878 929 930 Ἂπὸ
945 878 1038 931 τοῦ
1058 878 1399 947 ἀρραδῶνος,
1419 879 1538 941 Πῶς
1557 878 1791 947 ἧρκεσεν
1810 878 1840 945 ὴ
1862 875 1951 929 τοῦ
1977 876 2142 928 Πνεύ-

579 985 748 1033 ματος
796 969 990 1036 χάρις;
1034 954 1291 1036 ζιδιῶτης,
1326 969 1564 1036 γυμνὸς,
1590 968 1930 1027 ἀνυπόδετος,
1967 968 1995 1018 ό
2018 964 2140 1026 δοὺς

573 1061 663 1109 τὸν
698 1060 991 1130 ἀρραϐῶνα
1024 1060 1115 1111 τοῦ
1151 1060 1483 1130 Πνεύματος.
1517 1062 1617 1112 Διά
1644 1058 1801 1112 τοῦτο
1827 1060 1997 1124 λέγει.
2030 1057 2139 1111 Καὶ

575 1150 727 1215 πρὸς
758 1151 1075 1217 ταῦτα-τίς
1109 1153 1359 1216 ίκανόςξ
1402 1152 1565 1206 Ἀλλ’
1589 1152 1626 1217 ἠ
1658 1153 1943 1215 ἱκανότης
1973 1150 2140 1216 ἡμῶν

573 1242 644 1296 ἐκ
695 1242 801 1295 τοῦ
853 1242 1020 1303 Θεοῦ,
1063 1244 1130 1307 ὃς
1161 1244 1257 1296 καί
1292 1244 1589 1297 ἱκάνωσεν
1632 1241 1788 1310 ἡμᾶς
1820 1243 2141 1304 διακόνους

575 1332 785 1401 καινῆς
826 1333 1138 1401 διαθήκης,
1174 1336 1247 1388 οὐ
1280 1316 1641 1403 γράμματοςί,
1676 1334 1837 1388 ἀλλὰ
1874 1333 2140 1399 Πνεύμα-

574 1442 697 1490 τος.
736 1421 887 1488 Είδες
915 1426 975 1477 τὸ
1025 1424 1247 1493 Πνεῦμα
1292 1426 1434 1477 πόσα
1492 1426 1787 1491 ἐποίησεν;
1842 1424 1927 1474 Ἐν
1976 1422 2031 1475 δὲ
2061 1421 2138 1490 τῷ

573 1516 702 1583 περὶ
728 1515 825 1582 τῆς
856 1517 918 1568 ἐκ
948 1514 1158 1583 νεκρῶν
1186 1515 1536 1576 ἀναστάσεως
1579 1516 1740 1568 πάλιν
1771 1514 1799 1565 ό
1830 1512 2014 1571 αὐτὸς,
2041 1512 2138 1564 Διά

572 1608 749 1669 τοῦτο,
794 1605 952 1673 φησὶ,
1000 1604 1096 1657 καὶ
1127 1607 1154 1657 ό
1186 1603 1395 1664 Παῦλος
1430 1606 1658 1670 ποιήσας
1694 1601 2005 1663 ἀξιόπιστον
2046 1601 2138 1651 τὸν

575 1697 701 1763 περὶ
744 1696 843 1764 τῆς
872 1697 1222 1757 ἀηαστάσεως
1271 1697 1451 1761 λόγον,
1484 1696 1592 1747 ἀπὸ
1624 1696 1720 1759 τῆς
1770 1691 1863 1744 τοῦ
1897 1694 2135 1761 Χριστοῦ

574 1788 945 1852 ἀναστάσεως,
966 1788 1076 1839 ἀπὸ
1110 1787 1203 1840 τοῦ
1235 1787 1369 1839 Θεὸν
1400 1785 1539 1841 εἶναι
1563 1789 1653 1841 τὸν
1674 1787 2135 1858 δημιουργοῦντα,

2245 610 2309 659 ἐκ
2336 607 2427 658 τοῦ
2459 607 2625 673 ζόφου
2663 604 2765 669 τῆς
2795 600 3070 668 ἀγνωσίας
3100 598 3196 650 καὶ
3229 596 3326 661 τῆς
3358 594 3566 656 πλάνης
3604 590 3807 654 ἐπανή-

2240 716 2411 765 γαγον
2437 698 2546 749 τῶν
2594 696 2831 748 εἰδώλων
2857 712 2873 756 ;
2899 691 2963 743 ’1“ί
2993 688 3122 756 γοῦν
3167 703 3247 738 σοι
3302 683 3429 751 περὶ
3473 680 3668 734 τούτου
3710 679 3807 732 τοῦ

2242 790 2388 841 θείου
2424 788 2744 857 άρραϐῶνος
2770 785 2938 845 δοκεῖ,
2965 782 3057 835 τοῦ
3091 782 3256 833 πᾶσιν
3281 774 3601 836 ἀποστόλοις
3623 790 3682 826 τε
3706 772 3805 825 καὶ

2241 878 2582 938 διδασκάλοις
2608 872 3130 943 καταμερισθέντος,
3160 867 3415 934 καθάπερ
3441 862 3684 923 ἀκούεις,
3709 862 3806 917 καὶ⁵

2239 968 2311 1021 τὰ
2345 968 2600 1036 ὑπερφυᾶ
2630 968 2723 1017 καὶ
2770 965 2927 1030 λόγον
2962 961 3181 1014 ἅπαντα
3221 958 3315 1009 καὶ
3347 946 3511 1023 φύσιν
3540 950 3803 1013 νικῶντα,

2241 1060 2338 1111 καὶ
2389 1060 2787 1127 ἐνεργήσαντος
2844 1056 2936 1108 καὶ
2993 1049 3385 1117 ἐνεργοῦντος;
3436 1045 3656 1112 Κτίσμα
3705 1041 3807 1111 μὲν

2242 1146 2335 1202 οῦν
2366 1149 2497 1202 Θεοῦ
2527 1150 2714 1201 τοῦτον
2746 1146 2848 1199 οὐκ
2882 1146 2947 1198 ἀν
2973 1145 3149 1204 είποις
3180 1141 3332 1200 ποτε,
3362 1140 3412 1190 εί
3448 1136 3521 1205 μὴ
3554 1136 3807 1203 μέμηνας

2243 1243 2541 1313 προφανῶς
2581 1242 2677 1294 καὶ
2708 1237 3070 1308 παραπαίεις,
3110 1235 3176 1286 δι’
3212 1229 3436 1287 αὑτάοτέ
3464 1245 3609 1297 φημι
3631 1225 3806 1277 ταῦτα

2238 1334 2307 1386 τὰ
2346 1334 2477 1402 παρ’
2510 1332 2677 1386 αὑτοῦ
2725 1327 3047 1397 θεοπρεπῶς
3098 1328 3237 1396 ὑπὲρ
3268 1324 3431 1393 φύσιν
3479 1319 3803 1387 τελούμενα,

2242 1428 2337 1479 κα)⁸
2362 1426 2442 1477 ὅτι
2466 1425 2528 1477 οὑ
2558 1422 2652 1476 τοῦ
2679 1420 2993 1487 Πνεύματος
3021 1418 3182 1487 μόνον
3207 1416 3346 1468 εἶναι
3373 1415 3464 1467 τὸν
3486 1410 3805 1481 ἀρραϐῶνα,

2241 1518 2377 1571 ἀλλά
2414 1518 2508 1569 καὶ
2551 1515 2772 1583 Πνεῦμα
2807 1513 2963 1580 ἀγιον
2994 1507 3135 1564 εἶναι
3170 1510 3260 1561 τὸν
3314 1507 3479 1560 αὑτὸν
3525 1504 3622 1573 τῆς
3656 1501 3808 1568 ίερᾶς

2241 1608 2520 1674 θεολογίας
2548 1606 2769 1667 ἀκούεις
2804 1605 3089 1670 λεγούσης.
3132 1602 3252 1662 Πῶς
3296 1600 3363 1652 ἂν
3393 1594 3486 1650 οὖν
3520 1595 3659 1662 μετά
3691 1594 3810 1647 Μα-

2242 1700 2475 1751 κεδονίου
2514 1699 2720 1762 κτίσμα
2752 1699 2847 1748 καὶ
2874 1696 3033 1755 αὐτὸς
3059 1691 3155 1745 νῦν
3178 1690 3320 1744 οὕτω
3354 1687 3607 1756 φανερῶς
3646 1686 3809 1753 βλασ-

2242 1789 2497 1859 φημῆσαι
2527 1788 2805 1856 τολμήσῃς
2836 1786 2897 1838 τὸ
2935 1783 3158 1852 Πνεῦμα
3189 1781 3285 1834 τοῦ
3314 1778 3489 1843 Θεοῦ;
3530 1777 3691 1830 Ἀλλά
3719 1778 3807 1838 τίς

572 1880 766 1943 ἐπάγει
794 1880 886 1930 καὶ
913 1879 1068 1930 τοῦτο
1098 1880 1156 1931 τὸ
1181 1880 1362 1948 ῥητὸν,
1386 1879 1579 1946 λέγων,
1603 1881 1685 1932 ὅτι
1704 1881 1811 1933 Καὶ
1831 1878 2141 1946 άρῥαδῶνα
2174 1871 2217 1928 Β
2243 1884 2341 1947 τὴν
2370 1882 2559 1934 οὐσίαν
2592 1880 2624 1947 ἢ
2651 1879 2750 1947 τὴν
2784 1879 3084 1931 ὑπόστασιν
3117 1874 3210 1927 τοῦ
3263 1874 3576 1941 Πνεύματος
3623 1869 3809 1921 τοῦτον

570 1971 717 2038 ἡμῖν
744 1971 1060 2033 ἐδωκεζοὺ
1105 1972 1443 2038 χρημάτων,
1474 1971 1615 2023 οὐδὲ
1638 1972 1871 2039 χρυσοῦ
1908 1970 2006 2023 καί
2038 1972 2137 2034 dp-

570 2065 775 2128 γύρου.
807 2064 945 2116 ἀλλ’
968 2062 1279 2131 ἀρῤασῶνα
1306 2066 1669 2131 Πνεύματος.
1710 2064 1767 2115 Ὀ
1797 2063 1851 2115 δὲ
1882 2063 2138 2133 ἀρραϐὼν

576 2156 741 2221 μέρος
770 2156 881 2206 ἐστὶ
911 2156 1006 2207 τοῦ
1040 2156 1259 2217 παντὸς,
1289 2156 1384 2207 καὶ
1410 2156 1547 2221 ὑπὲρ
1575 2155 1667 2206 τοῦ
1698 2155 1898 2217 παντὸς
1926 2155 2137 2215 πιστός.

572 2248 837 2315 Καθάπερ
862 2263 967 2315 γαρ
998 2249 1089 2299 ἐπὶ
1114 2247 1224 2299 τῶν
1299 2246 1647 2316 συμϐολαίων
1671 2249 1697 2299 ό
1724 2248 1813 2297 τὸν
1843 2246 2140 2316 ἀρραϐῶνα

568 2338 860 2407 δεξάμενος
907 2341 1046 2408 ὑπὲρ
1072 2340 1166 2393 τοῦ
1201 2336 1401 2401 παντὸς
1437 2340 1633 2410 θαρρεῖ
1679 2340 1866 2392 λοιπὸν
1906 2339 1999 2391 καὶ
2045 2354 2141 2389 πε-

574 2435 886 2492 πίστευκεν,
916 2433 1061 2486 οὕτω
1090 2435 1183 2485 καὶ
1230 2435 1294 2486 σὺ
1324 2432 1507 2485 λαϐὼν
1537 2434 1830 2502 ἀρραϐῶνα
1858 2431 1951 2483 τοῦ
1973 2430 2141 2483 Πνεύ-

578 2543 763 2591 ματος,
798 2527 864 2579 τά
905 2527 1222 2595 χαρίσματα
1254 2528 1417 2592 λέγω,
1452 2526 1650 2595 μηκέτι
1700 2525 1977 2591 ἀμφίϐαλλε
2010 2525 2139 2590 περὶ

571 2618 681 2670 τῶν
710 2618 1090 2685 ἀποκειμένων
1139 2618 1377 2684 ἀγαθῶν.
1419 2621 1528 2672 Καὶ
1579 2618 1699 2687 μετ’
1733 2619 1915 2684 ὀλίγον
1944 2634 1958 2649 ο
1995 2614 2139 2683 Πλὴν

571 2711 686 2764 ἀλλ’
716 2710 837 2763 οὕτε
872 2712 935 2763 σὺ
958 2712 1057 2776 τῆς
1078 2710 1171 2763 τοῦ
1204 2712 1519 2780 Πνεύματος
1551 2712 1756 2781 ἔρημος
1782 2713 2009 2779 γέγονας
2038 2712 2139 2782 χά-

578 2818 747 2867 ριτος,
771 2801 906 2852 ἀλλά
924 2802 1091 2854 πολλά
1121 2803 1212 2856 καὶ
1235 2799 1317 2856 ιιι
1338 2803 1433 2855 νῦν
1465 2806 1614 2872 μένει
1639 2804 1736 2871 τῆς
1763 2804 1972 2873 δωρεᾶς
2002 2803 2143 2856 ἐκεί-

574 2909 672 2957 νης
701 2894 770 2944 τά
788 2892 1056 2958 σύμϐολα.
1089 2894 1268 2945 αὐτῶν
1297 2894 1503 2948 τούτων
1526 2897 1631 2947 τῶν
1663 2894 2141 2962 ἀπηριθμημένων

574 2986 755 3053 πολλῷ
779 2987 996 3053 μείζονα
1027 2990 1121 3041 καὶ
1150 2988 1585 3059 θαυμαστότερα.
1606 2991 1678 3043 Οὑ
1718 2991 1823 3057 γάρ
1857 2990 2003 3041 ἐστιν
2028 2988 2140 3040 ῐσον

576 3078 733 3145 σῶμα
762 3080 1092 3146 τελευτῆσαν
1112 3082 1433 3149 ἀναστῆσαι,
1460 3084 1553 3134 καὶ
1578 3080 1755 3152 ψυχὴν
1773 3081 2140 3149 νεκρωθεῖσαν

574 3171 677 3223 ὑπὸ
721 3172 832 3224 τῶν
886 3174 1299 3242 ἁμαρτημάτων
1349 3174 1658 3267 ἀπαλλάξαι
1710 3177 1807 3242 τῆς
1864 3172 2139 3234 ἀπωλείας
2165 3209 2207 3267 C

574 3262 808 3331 ἐκείνης,
848 3263 875 3315 ὃ
920 3264 1005 3315 διά
1037 3264 1132 3317 τοῦ
1166 3258 1542 3332 βαπτίσματος
1570 3266 1803 3331 γίνεται.
1848 3265 1960 3316 Οὐκ
1990 3264 2139 3315 ἔστιν

514 3418 520 3424 _
573 3356 690 3407 ῑσον
715 3356 927 3423 νόσημα
956 3357 1229 3409 ἀπελάσαι
1252 3357 1469 3424 σαρκὸς,
1486 3359 1581 3409 καὶ
1608 3356 1893 3425 ἁμαρτιῶν
1919 3356 2139 3423 φορτίον

575 3445 985 3498 καταποντίσαι·
1000 3448 1098 3499 οὐκ
1122 3448 1269 3499 ἔστιν
1284 3449 1395 3500 τσον
1410 3448 1565 3515 δμμα
1592 3448 2143 3518 πεπηρωμένονδιορ-

574 3538 768 3599 θῶσαι,
803 3539 898 3590 καὶ
928 3539 1109 3607 ψυχὴν
1154 3540 1548 3608 ἐσκοτισμένην
1582 3542 1725 3607 φωτὶ
1757 3540 2137 3609 καταλάμψαι.

575 3629 634 3681 Εἰ
671 3630 781 3699 γὰρ
811 3630 885 3697 μὴ
910 3626 977 3700 ἦν
1005 3629 1261 3699 άρραδὼν
1290 3630 1385 3682 τοῦ
1418 3630 1739 3699 Πνεύματος
1771 3632 1864 3684 καὶ
1891 3631 2136 3695 νῦννοὺκ

572 3719 639 3770 ἂν
689 3718 921 3788 συνέστη
973 3719 1033 3772 τὸ
1081 3718 1396 3788 βάπτισμα,
1444 3722 1545 3773 οὐκ
1603 3721 1669 3775 ἀν
1724 3722 2139 3791 ἁμαρτημάτων

570 3814 762 3877 ἄφεσις
791 3811 1025 3875 ἐγένετο,
1050 3810 1149 3862 οὐκ
1177 3811 1243 3863 ἀν
1266 3806 1581 3879 δικαιοσύνη
1605 3813 1699 3865 καὶ
1726 3815 2014 3880 ἁγιασμὸς,
2039 3815 2139 3867 οὑκ

572 3903 639 3952 ἂν
661 3902 933 3954 υίοθεσίαν
960 3901 1245 3968 ἐλάϐομεν,
1276 3902 1377 3955 οὐκ
1405 3902 1470 3955 ἂν
1491 3906 1807 3974 μυστηρίων
1828 3905 2140 3958 ἀπελαύσα-

576 4006 676 4056 μεν
700 4006 714 4020 ο
754 3988 916 4056 σῶμα
940 3990 1051 4057 γάρ
1079 3992 1171 4041 καὶ
1202 3986 1343 4059 αἷμα
1369 3993 1632 4059 μυστικὸν
1658 3996 1757 4047 οὐκ
1786 3996 1851 4048 ἀν
1884 4014 2015 4049 ποτε
2046 3996 2141 4065 γέ-

572 4098 715 4134 νοιτο
740 4083 837 4151 τῆς
867 4082 961 4134 τοῦ
998 4083 1314 4150 Πνεύματος
1355 4084 1577 4154 χάριτος
1607 4087 1774 4157 χωρίς
1794 4104 1807 4117 ·
1836 4089 1936 4141 οὐκ
1968 4089 2035 4142 ἀν
2068 4090 2142 4141 ίε-

575 4170 701 4239 ρέας
731 4173 1072 4242 ἐσχήκαμεν.
1105 4173 1242 4227 Οὑδέ
1272 4174 1380 4243 γὰρ
1408 4175 1611 4238 ταύτας
1642 4177 1868 4232 δυνατὸν
1897 4180 1994 4242 τάς
2023 4198 2138 4250 χει-

576 4265 820 4329 ροτονίας
872 4264 998 4317 ἀνευ
1034 4263 1259 4334 ἐκείνης·
1288 4268 1389 4335 τῆς
1422 4269 1819 4337 ἐπιφοιτήσεως
1866 4272 2137 4338 γίνεσθαι.

572 4354 673 4407 Καὶ
697 4356 830 4407 ἀλλα
859 4356 916 4407 δδ
946 4355 1118 4409 πολλά
1160 4355 1271 4425 ἔχοι
1305 4375 1388 4419 τις
1413 4358 1479 4411 ἂν
1507 4361 1681 4412 είπείν
1713 4364 1807 4429 τῆς
1841 4362 1933 4414 τοῦ
1972 4365 2140 4416 Πνεύ-

574 4462 738 4511 ματος
763 4445 985 4514 χάριτος
1015 4444 1281 4513 σύμϐολα.
1310 4448 1477 4499 Ὥστε
1504 4451 1597 4502 καὶ
1626 4451 1689 4502 σὺ
1719 4452 2012 4521 ἀρραϐῶνα
2043 4452 2137 4505 τοῦ

2240 1974 2421 2039 ἐρεϊςς
2463 1970 2603 2022 Ἀλλ’
2624 1968 2721 2038 οὐχ
2747 1965 2858 2021 οἷόν
2884 1984 2965 2023 τε.
2986 1965 3203 2019 Μᾶλλον
3225 1966 3332 2034 γάρ
3360 1965 3427 2016 ἂν
3454 1960 3624 2015 είπὼν
3655 1976 3809 2027 σφαι·

2243 2065 2421 2134 ροειδῆ
2470 2064 2567 2131 τὴν
2601 2063 2729 2131 γῆν,
2762 2063 2857 2114 καὶ
2894 2061 3067 2114 κῶνον
3108 2058 3199 2110 τὸν
3229 2057 3461 2127 οὐρανὸν
3507 2054 3656 2115 ὄντα,
3687 2054 3811 2103 κέν-

2239 2173 2371 2226 τρου
2400 2156 2557 2223 λόγον
2587 2156 2727 2224 πρὸς
2767 2154 2980 2221 ἐκείνην
3014 2152 3160 2221 ἔχειν
3202 2151 3303 2220 τὴν
3339 2149 3607 2217 σφαῖραν,
3638 2146 3670 2211 ἢ
3716 2145 3809 2195 τὸν

2240 2250 2494 2317 λαμπρόν
2531 2246 2811 2314 ὀφθαλμὸν
2867 2246 3077 2297 ’τουτονὶ¹
3116 2246 3215 2309 τῆς
3255 2242 3466 2310 ἡμέρας
3509 2239 3601 2291 τὸν
3632 2237 3806 2306 ἥλιον,

2241 2343 2340 2394 οὐκ
2387 2340 2621 2401 οἴκοθεν,
2656 2338 2774 2390 ἀλλ’
2808 2339 2872 2389 ἐκ
2915 2337 3016 2403 τῆς
3068 2334 3299 2404 σελήνης
3330 2332 3505 2399 λέγων
3550 2331 3695 2398 ἔχειν
3748 2330 3808 2379 τὸ

2242 2433 2359 2500 φῶς
2404 2433 2589 2498 δόξαις
2618 2431 2683 2483 ἀν
2722 2430 2833 2481 τισί
2872 2446 2924 2481 τι
2968 2429 3149 2495 λέγειν
3181 2430 3331 2488 ῐσως.
3374 2426 3403 2492 ἢ
3447 2426 3514 2475 τὰ
3556 2420 3807 2473 τοιαῦτα.

2241 2528 2354 2581 Καὶ
2384 2524 2625 2595 παρίημι
2675 2524 2857 2591 λέγειν
2886 2521 3003 2583 νῦν,
3036 2522 3119 2575 ὅτι
3167 2522 3288 2589 οὐχὶ
3320 2518 3480 2572 οὐσία
3513 2517 3608 2571 τοῦ
3650 2515 3807 2577 Θεοῦ,

2240 2616 2365 2669 οὗδέ
2401 2618 2435 2684 ἡ
2464 2616 2765 2678 ὑπόστασις
2819 2616 2936 2666 ἐστι
2966 2612 3029 2665 τὸ
3070 2611 3371 2681 διδόμενον.
3408 2610 3529 2663 Οὐδ’
3582 2607 3808 2659 ἐκείνων

2240 2710 2290 2760 οἱ
2326 2709 2645 2776 μετέχοντες
2694 2705 3008 2773 πεφύκασιν
3043 2705 3176 2765 ὅλως
3224 2704 3492 2771 μετέχειν,
3542 2699 3679 2751 ἀλλὰ
3707 2697 3807 2761 τῆς

2241 2801 2461 2869 χάριτος
2513 2801 2605 2851 καὶ
2638 2799 2734 2865 τῆς
2780 2797 3081 2866 ἐνεργείας.
3116 2797 3207 2847 Διὸ
3243 2795 3337 2846 καὶ
3385 2794 3565 2845 ἐκεῖνο
3606 2790 3808 2842 δίδοται

2241 2895 2395 2961 ἡμῖν,
2431 2892 2458 2943 δ
2492 2893 2582 2943 καὶ
2630 2892 2978 2959 λαμϐάνομεν
3027 2890 3093 2958 τῇ
3134 2888 3364 2955 δυνάμει
3411 2883 3507 2936 τοῦ
3552 2884 3807 2949 Πνεύμα-

2241 3001 2353 3046 τος,
2406 2984 2454 3035 οί
2496 2983 2739 3049 θεολόγοι
2799 2983 2895 3033 καὶ
2927 2979 3084 3033 τοῦτό
3116 2996 3268 3047 φασι.
3316 2975 3487 3028 Τοῦτο
3534 2976 3718 3026 τοίνυν
3746 2974 3807 3025 οὑ

2241 3074 2544 3142 προτίθημι
2597 3074 2692 3125 νῦν
2724 3076 2885 3133 τέως,
2922 3073 3101 3125 καίτοι
3137 3086 3199 3135 γε
3234 3071 3326 3120 καὶ
3376 3069 3554 3121 κοινὸν
3592 3068 3809 3137 ἀξίωμα

2244 3168 2412 3220 πάλαι
2468 3167 2565 3233 τῆς
2606 3163 2935 3229 Ἑκκλησίας
2993 3162 3253 3233 Χριστοῦ.
3316 3161 3437 3212 Ὀτι
3483 3177 3543 3212 τε
3605 3161 3809 3221 ἱκανῶς

2240 3262 2394 3329 ἡμῖν,
2429 3262 2520 3312 καὶ
2571 3260 2657 3311 διά
2690 3257 2904 3309 πολλῶν
2938 3258 2995 3308 ἐν
3037 3258 3151 3316 τοῖς
3181 3255 3452 3321 φθάσασιν
3503 3254 3721 3323 είρηταί
3748 3272 3806 3305 τε

2243 3356 2336 3406 καὶ
2369 3352 2741 3405 ἀποδέδεικται
2771 3350 2967 3411 ταῦτα,
3014 3346 3109 3399 καλ⁵
3141 3348 3226 3399 ῐνα
3262 3348 3335 3418 μὴ
3388 3349 3804 3417 συκοφαντήσητε

2202 3467 2210 3475 ν
2241 3445 2389 3514 ἡμᾶς
2417 3439 2594 3505 αὖθις,
2627 3444 2708 3493 ὅτι
2742 3441 2808 3493 τά
2838 3442 2895 3492 ἐν
2921 3441 3064 3508 ἀρχῇ
3098 3438 3410 3507 ζητούμενα
3449 3439 3804 3506 λαμϐάνομεν

2239 3537 2316 3596 ὡς
2341 3534 2773 3604 ὁμολογούμενα.
2807 3531 2961 3584 Οῦτω
2994 3532 3089 3584 καὶ
3128 3533 3237 3601 γάρ
3265 3533 3298 3599 ἡ
3348 3532 3415 3600 σὴ
3450 3531 3696 3598 θεολογία
3744 3548 3802 3582 τε

2240 3628 2337 3679 καὶ
2379 3628 2537 3694 σοφία
2574 3626 2704 3695 περὶ
2743 3624 2851 3677 τῶν
2902 3624 3232 3692 ἀξιωμάτων
3271 3623 3672 3685 διασκοπεῖται,
3706 3624 3805 3692 ζη-

2238 3718 2476 3789 τούμενά
2503 3733 2564 3768 τε
2590 3716 2783 3779 ταῦτα,
2814 3719 2907 3769 καὶ
2933 3716 3031 3785 οὐχ
3051 3716 3387 3784 όμολογούμε
3399 3716 3460 3768 νά
3485 3732 3543 3767 τε
3575 3719 3667 3769 καὶ
3693 3720 3809 3767 κεί-

2244 3829 2383 3881 μενα
2412 3810 2796 3879 φανταζομένη
2831 3808 3042 3870 κακῶς.
3091 3808 3308 3860 Κείσθω
3354 3809 3455 3875 μὲν
3493 3806 3588 3860 οὖν
3625 3808 3805 3872 τοῦτο,

2240 3905 2421 3957 ἐκεῖνό
2447 3921 2509 3971 γε
2560 3905 2666 3973 μὴν
2708 3901 2930 3972 ἐρέσθαι
2958 3904 3097 3963 τέως
3122 3900 3357 3953 ἐνταῦθα
3391 3902 3481 3953 τὸν
3509 3902 3806 3969 φιλόσοφον

2242 4000 2525 4069 βούλομαι.
2560 3998 2666 4051 Καὶ
2696 4000 2744 4049 εί
2774 3999 2802 4050 δ
2832 4000 2925 4049 τοῦ
2954 3997 3273 4064 Πνεύματος
3300 3997 3559 4066 ἀρραϐὼν
3590 3998 3621 4065 ἡ
3650 3997 3810 4049 οὐσία

2240 4094 2331 4144 καὶ
2361 4094 2393 4161 ή
2425 4089 2721 4152 ὑπόστασίς
2768 4092 2881 4141 ἐστι
2911 4090 3006 4141 τοῦ
3042 4089 3381 4155 Πνεύματος,
3424 4090 3499 4151 ὼς
3547 4091 3613 4142 ἂν
3644 4092 3809 4150 αὐτὸς

2242 4183 2429 4251 φαίης.
2463 4181 2577 4233 ἀλλ’
2616 4180 2713 4247 οὐχ
2741 4182 2774 4247 ἠ
2814 4179 2976 4248 χάρις
3008 4179 3099 4230 καὶ
3130 4180 3162 4248 ἡ
3203 4181 3473 4244 ἐνέργεια,
3511 4179 3626 4239 πῶς
3658 4180 3808 4229 ἐστιν

2240 4273 2529 4346 ἀῤῥαὸώνς
2560 4273 2667 4325 Καὶ
2696 4274 2844 4323 ποῖον
2871 4271 2976 4339 ἀρα
3005 4273 3119 4323 ἐστὶ
3146 4270 3207 4323 τὸ
3235 4271 3374 4333 ὅλον,
3398 4263 3603 4329 οὗτινος
3633 4272 3809 4339 appa-

2241 4366 2350 4418 δῶν
2380 4366 2528 4417 ἐστιν
2550 4367 2576 4415 ὁ
2602 4362 2879 4434 ἀρραϐὼν,
2905 4362 2963 4413 ὃν
2992 4362 3057 4413 σὺ
3091 4363 3264 4429 λέγεις
3294 4362 3464 4431 αὐτὴν
3491 4362 3590 4431 τὴν
3619 4362 3808 4414 οὐσίαν

2242 4456 2335 4508 καὶ
2362 4456 2459 4522 τὴν
2483 4454 2777 4506 ὑπόστασιν
2800 4450 2938 4505 εἶναι
2966 4454 3057 4505 τοῦ
3094 4453 3443 4520 Πνεύματος;
3480 4454 3541 4505 '0
3574 4454 3673 4521 μὲν
3700 4454 3809 4521 γὰρ

575 4536 887 4601 Πνεύματος
916 4538 1092 4606 ἔκυς’
1128 4540 1219 4593 καὶ
1247 4540 1513 4610 νέκρωσιν
1550 4542 1759 4595 ἀπέθου
1800 4544 1999 4613 ψυχῆς,
2043 4544 2140 4606 καὶ
2168 4546 2218 4604 D
2259 4547 2576 4608 Ἀπόστολος
2627 4545 2922 4615 ἀρραϐῶνα
2980 4544 3073 4597 τοῦ
3123 4545 3439 4612 Πνεύματος
3488 4542 3608 4597 εἶπε
3649 4546 3810 4597 τοῦτο

572 4630 821 4695 πήρωσιν
842 4621 1119 4697 λογισμῶν
1143 4634 1241 4684 καὶ
1258 4634 1352 4685 τὸν
1374 4634 1688 4701 ἀκάθαρτον
1717 4636 1971 4689 ἀπεδύσω
1998 4638 2133 4705 βίον.

652 4721 918 4785 Ἀκούεις,
952 4723 1228 4792 Γρηγορᾶ,
1278 4726 1371 4777 καὶ
1397 4726 1734 4793 ἀποστόλων,
1777 4731 1888 4781 τῶν
1920 4730 2137 4796 φιλοσό-

572 4832 687 4881 φτυν
718 4816 864 4881 φημὶ
920 4816 1014 4866 καὶ
1074 4816 1254 4882 σοφῶν
1295 4819 1527 4869 τουτωνὶ
1573 4820 1673 4885 τὴν
1726 4819 1989 4889 ἀληθινὴν
2044 4822 2136 4873 καὶ

574 4905 799 4974 πρώτην
832 4905 1047 4973 σοφίαν,
1088 4908 1190 4960 ὅσα
1221 4910 1352 4977 περὶ
1398 4909 1492 4960 τοῦ
1536 4910 1856 4979 ἀρῤαδῶνος
1910 4913 2005 4965 καὶ
2040 4914 2137 4980 τῆς

571 4998 823 5066 ἀπαρχῆς
856 4997 951 5050 τοῦ
988 5000 1303 5068 Πνεύματος
1341 5001 1434 5054 τοῦ
1461 5002 1609 5054 θείου
1638 5004 2043 5071 φιλοσοφοέισιν,
2075 5008 2135 5057 οὐ

570 5092 843 5157 τεχνικαῖς
860 5092 1191 5159 ἐπιστήμαις
1207 5094 1298 5143 καὶ
1319 5109 1382 5159 με
1392 5093 1562 5154 θόδοις
1580 5094 1926 5163 ἀνθρωπίνης
1947 5096 2137 5162 σοφίας

568 5180 730 5232 ταυτὶ
756 5178 1119 5249 διδαχθέντες,
1142 5183 1262 5234 ἀλλ’
1291 5183 1525 5237 ἐπόπται
1554 5186 1647 5238 καὶ
1678 5188 1897 5256 μέτοχοι
1923 5205 2023 5256 χρη
2034 5205 2138 5257 μα-

568 5272 818 5333 τίσαντες
834 5273 929 5340 τῆς
959 5272 1051 5324 τοῦ
1069 5272 1203 5325 θεοῦ
1226 5276 1463 5343 φυσικῆς
1484 5275 1644 5344 δόξης
1659 5280 1751 5329 καὶ
1777 5279 2018 5346 χάριτος,
2042 5278 2134 5331 καὶ

567 5364 663 5414 τοῦ
686 5363 969 5430 μεγαλείου
990 5366 1200 5417 ἐκείνου
1223 5368 1361 5434 μετά
1382 5368 1588 5437 Πέτρου
1610 5387 1681 5435 φη
1692 5370 1749 5435 μὶ
1771 5374 1865 5421 καὶ
1882 5370 1990 5423 τῶν
2009 5373 2137 5424 υίιῖλν

571 5456 667 5523 τῆς
696 5453 947 5523 βροντῆς.
977 5458 1025 5508 εί
1051 5456 1106 5509 δὲ
1143 5457 1320 5525 βούλει
1344 5461 1436 5511 καὶ
1459 5462 1657 5521 παντὸς
1677 5462 1770 5513 τοῦ
1803 5462 2133 5532 προῦχοντος

571 5546 849 5612 τάγματος
868 5548 972 5599 τῶν
992 5549 1323 5611 ἀποστόλων,
1347 5552 1443 5619 τῆς
1461 5554 1735 5619 μακαρίας
1755 5553 1889 5621 ὁμοῦ
1906 5555 2138 5607 δωδεκά-

570 5638 658 5698 δος
683 5639 738 5688 ἐν
759 5639 889 5690 εῖδει
916 5640 1159 5708 πυρίνων
1180 5641 1299 5693 τότε
1321 5642 1580 5709 γλωσσῶν
1608 5644 1704 5710 τὴν
1725 5645 1781 5710 ἐξ
1804 5645 1969 5713 ὕψους
1992 5647 2136 5699 ἐνδε-

570 5727 807 5779 δυκότων
830 5728 1061 5795 δύναμιν
1091 5734 1231 5783 κατά
1268 5731 1367 5799 τὴν
1401 5734 1643 5802 μεγάλην
1667 5736 1799 5802 πρὸς
1823 5735 2017 5798 αὐτοὺς
2040 5734 2136 5788 τοῦ

571 5817 826 5886 Σωτῆρος
860 5822 1213 5886 ἐπαγγελίαν,
1240 5824 1307 5875 δι’
1331 5820 1394 5885 ἧς
1421 5828 1623 5879 κὸςμον
1653 5837 2137 5879 κατακωτιςαντεε

2243 4638 2332 4689 καὶ
2370 4636 2626 4705 ἀπαρχὴν
2659 4635 2751 4687 τοῦ
2790 4635 3101 4703 Πνεύματος
3130 4652 3145 4667 ο
3183 4636 3444 4703 Ἔχομεν
3475 4637 3605 4705 γάρ,
3650 4639 3806 4705 φησὶ,

2239 4730 2356 4794 τὴν
2384 4729 2665 4796 ἀπαρχήν
2687 4744 2703 4759 ’
2742 4730 2790 4779 οί
2824 4728 2879 4779 δέ
2908 4728 3096 4779 τοῦτον
3143 4728 3499 4797 ἐξηγούμενοι
3542 4729 3804 4795 θεολόγοι,

2241 4824 2489 4889 καθάπερ
2522 4822 2780 4888 ἡκουσας,
2827 4820 2922 4871 καὶ
2953 4820 3207 4886 ἀπαρχὴν
3245 4820 3353 4871 τῶν
3400 4821 3637 4873 αἰωνίων
3668 4824 3807 4889 ἀγα-

2241 4913 2371 4977 θῶν,
2406 4912 2499 4964 καὶ
2550 4911 2868 4980 ἀρραϐῶνα,
2909 4910 3000 4960 καὶ
3043 4910 3350 4973 δακτύλιον,
3382 4912 3474 4962 καὶ
3522 4913 3684 4980 μέρος
3714 4914 3806 4966 τοῦ

2238 5005 2383 5065 ὅλου,
2417 5006 2507 5055 καὶ
2542 5003 2731 5055 πιστὸν
2777 5002 2917 5070 ὑπὲρ
2965 4998 3057 5051 τοῦ
3094 5002 3544 5069 προσδοκωμένου
3581 5007 3805 5069 παντὸς,

2239 5100 2333 5149 καὶ
2364 5096 2575 5163 ἀσφαλῆ
2602 5110 2733 5160 φασι
2764 5092 2952 5144 τοῦτον
2989 5093 3302 5163 ἀρραϐῶνα.
3340 5094 3489 5163 Ἀμα
3512 5096 3569 5146 δὲ
3595 5100 3687 5150 καὶ
3714 5112 3810 5165 με-

2192 5229 2198 5243 .
2243 5186 2498 5255 ρισθῆναι
2544 5184 2731 5236 τοῦτον
2777 5185 2911 5235 πᾶσι
2949 5189 3101 5255 παρὰ
3152 5186 3247 5236 τοῦ
3301 5186 3595 5249 δεδωκότος
3642 5189 3807 5255 φασὶν

2241 5280 2559 5339 ἀποστόλοις
2607 5278 2700 5329 καὶ
2749 5277 3112 5337 διδασκάλοις,
3170 5280 3264 5328 καὶ
3321 5277 3509 5329 τοῦτον
3549 5279 3714 5331 αὑτὸν
3747 5281 3806 5331 ἐν

2242 5374 2474 5432 ἐκείνοις
2524 5370 2889 5439 ἐνηργηκέναι
2940 5385 3021 5429 τε,
3074 5368 3166 5420 καὶ
3217 5371 3459 5437 ἐνεργεῖν
3509 5371 3685 5422 πάντα
3737 5372 3807 5424 -τά

2242 5465 2406 5515 καινά
2442 5462 2535 5513 καὶ
2569 5462 2844 5531 ὑπερφυᾶ,
2877 5464 2969 5513 καὶ
3010 5461 3128 5527 Θεῷ
3162 5462 3361 5513 δυνατά
3397 5462 3565 5528 μόνῳ.
3598 5463 3711 5532 Τὴν
3746 5463 3805 5516 δι

2241 5554 2429 5605 οὐσίαν
2461 5554 2555 5605 καὶ
2584 5553 2682 5620 τὴν
2716 5552 3015 5603 ὑπόστασιν
3050 5554 3144 5602 τοῦ
3176 5552 3492 5619 Πνεύματος
3522 5553 3805 5623 ἀμήχανον

2241 5642 2543 5713 ἀρραϐῶνα
2596 5642 2736 5703 τινὸς
2797 5638 2975 5693 εἶναι’
3007 5645 3151 5703 τίνος
3198 5644 3291 5695 καὶ
3326 5646 3472 5712 γάρ;
3508 5644 3623 5696 ἀλλ’
3682 5646 3806 5699 οὐδὲ

2246 5738 2413 5805 μέρος
2463 5735 2557 5787 τοῦ
2591 5734 2749 5787 ὅλου·
2789 5733 2916 5785 οὔτε
2970 5735 3077 5803 γὰρ
3117 5736 3405 5802 μερίζεται
3459 5739 3580 5790 κατ’
3613 5738 3806 5791 οὐσίαν

2242 5845 2333 5882 καί.
2366 5829 2664 5880 ὑπόστασιν
2692 5827 2720 5878 ό
2746 5827 2876 5883 Θεὸς
2906 5844 2917 5856 ·
2949 5827 3082 5880 ἀλλὰ
3125 5828 3217 5881 καὶ
3254 5830 3459 5883 ἑκάστη
3497 5830 3603 5882 τῶν
3641 5830 3778 5888 θεαο
