4488 6444
491 401 620 466 1081

1224 402 1526 461 CONTRA
1573 402 1998 462 GREGORAM
2044 403 2800 465 ANTIRRHETICORUM
2841 403 2943 462 Xl.

3574 403 3589 462 1
3604 403 3707 470 082

501 517 563 568 Ὀ
601 515 802 580 Πατὴρ
845 513 1046 580 ἀγαπᾷ
1082 512 1184 564 τόν
1226 513 1380 576 Υιειν,
1414 512 1509 564 καί
1555 512 1751 566 πάντα
1797 512 2055 566 δέδωκεν
2082 521 2126 576 Α
2159 515 2288 584 στῆν
2329 515 2584 581 Ἰωάννην
2625 515 2966 583 παράγοντος
2998 514 3238 581 ἤκουσας
3282 512 3474 583 ἐκείνῳ
3502 533 3711 582 μαρτυυ

484 610 553 661 ἐν
579 606 652 673 τῇ
688 605 838 674 χειρὶ
870 605 1082 676 αὑτοῦ,
1121 605 1312 674 Ἡμεῖς
1347 605 1438 658 οῦν
1470 607 1634 658 πόθεν
1663 606 2045 674 λαμϐάνομενς

488 701 596 750 Καὶ
633 698 698 749 ἐκ
724 697 820 749 τοῦ
851 697 1224 766 πληρώματος
1254 698 1418 749 αὑτοῦ
1446 700 1609 766 ἡμεῖς
1639 698 1839 761 πάντες
1864 700 2050 752 ἐλάϐο-

487 807 607 856 μεν.
653 790 892 850 Ἐκεῖνος
920 789 980 839 16
1025 787 1322 857 πλήρωμα.
1377 789 1569 855 Ἡμεῖς
1599 792 1659 842 ἐκ
1700 790 1794 842 τοῦ
1828 791 2048 861 πληρώ-

487 897 677 971 ματος.
736 878 892 942 Πῶς;
943 880 1036 945 ἀφ’
1093 873 1155 931 οὗ
1208 881 1494 948 ἐπλήρωσε
1559 882 1658 948 τὴν
1711 884 2049 952 Δεσποτικὴν

487 969 686 1035 σάρκα,
715 969 809 1020 ἀπ’
859 969 1028 1037 αὐτῆς
1064 970 1248 1038 ἤντλει
1293 970 1369 1031 ὡς
1407 971 1513 1022 ἀπὸ
1565 973 1765 1039 πηγῆς,
1799 975 1893 1024 καὶ
1924 974 2048 1026 ἐδά-

485 1062 629 1123 νειζε
678 1063 791 1122 τοῖς
844 1061 1153 1128 ἀνθρώποις
1201 1064 1300 1132 τὴν
1331 1064 1562 1130 δωρεάν.
1607 1065 1703 1127 Τίς
1750 1063 1843 1118 οῦν
1902 1066 2050 1118 ἐστιν

485 1153 671 1223 αῦτηή
700 1153 897 1222 δωρεὰ,
919 1154 1013 1206 καλ⁹
1031 1156 1063 1224 ή
1084 1156 1240 1224 χάρις
1261 1154 1353 1208 τοῦ
1381 1157 1697 1225 Πνεύματος
1723 1159 1815 1211 καὶ
1845 1162 1877 1227 ἠ
1902 1161 2052 1228 ἐνέρ-

484 1261 632 1310 γεια,
666 1245 940 1312 Γρηγορᾶ,
976 1247 1006 1314 ἡ
1057 1246 1395 1316 πληρώσασα
1429 1248 1520 1300 τὸν
1565 1250 1694 1303 ναὸν
1729 1247 1958 1308 ἐκεῖνον.
1990 1251 2051 1302 16

484 1334 819 1385 Δεσποτικόν
850 1351 993 1401 φημι
1035 1336 1232 1404 σῶμας
1263 1331 1408 1405 Ἀρα
1434 1339 1466 1407 ἡ
1493 1338 1670 1404 οὐσία,
1718 1341 1812 1392 καὶ
1838 1343 1870 1409 ἤ
1916 1341 2049 1392 ὑπό-

485 1427 674 1487 στασίς
702 1427 814 1479 ἐστι
842 1427 936 1479 τοῦ
968 1428 1125 1493 ἁγίου
1157 1430 1473 1498 Πνεύματος
1500 1449 1515 1496 ;

553 1518 665 1569 Καὶ
707 1518 814 1588 μὴν
857 1520 886 1570 6
929 1519 1250 1582 διδάσκαλος
1301 1520 1361 1574 οὐ
1412 1522 1662 1591 βούλεται
1713 1524 1892 1578 τοῦτο.
1933 1526 2049 1593 Ἐφ’

480 1610 638 1678 ήμῶν
675 1612 808 1679 γὰρ,
862 1613 1018 1680 φησὶ,
1065 1612 1348 1680 μερίζεται
1397 1617 1464 1668 τά
1517 1617 1691 1686 δῶρα.
1731 1617 2050 1687 Ἀνθρωπος

482 1703 590 1772 γάρ
621 1703 797 1754 πάντα
825 1703 1075 1771 χωρῆσαι
1101 1705 1160 1755 οὐ
1187 1703 1430 1758 δύναται.
1470 1706 1558 1759 Ἔν
1586 1708 1643 1759 δέ
1664 1710 1729 1778 τῇ
1764 1713 1926 1777 σαρκὶ⁵
1953 1711 2048 1762 τοῦ

482 1794 726 1862 Χριστοῦ
775 1794 872 1847 ὅλα
910 1794 978 1846 τὰ
1027 1793 1364 1865 χαρίσματα,
1403 1796 1523 1850 ὅλαι
1550 1799 1608 1850 αί
1644 1800 1846 1869 δωρεαὶ
1885 1796 2045 1871 ἦσαν.

489 1886 556 1938 Ἃ
585 1888 679 1937 καὶ
716 1885 1090 1954 διερμηνεὺων
1120 1886 1269 1955 ἑξῆς,
1317 1883 1444 1956 Εἶχε
1476 1889 1743 1960 χάρισμα,
1777 1892 1934 1962 φησὶ,
1966 1911 2051 1946 νο-

483 1977 712 2037 σοῦντας
744 1975 948 2040 ἰᾶσθαι,
983 1976 1246 2046 δαίμονας
1300 1977 1601 2045 ἐκϐάλλειν,
1651 1982 1878 2049 νεκροὺς
1907 1984 2052 2049 ἐγεί-

485 2087 618 2140 ρειν,
665 2070 760 2119 καὶ
787 2070 884 2120 ὅσα
927 2069 1075 2136 ἑξῆς.
1117 2070 1326 2132 Ἀλλως
1369 2088 1424 2122 τε
1465 2073 1623 2141 καὶὴ
1675 2074 1831 2126 οὐσία
1887 2076 1979 2128 καὶ
2017 2077 2050 2145 ἡ

484 2163 786 2215 ὑπόστασις
826 2161 920 2212 τοῦ
968 2162 1283 2230 Πνεῦματος
1322 2164 1445 2231 μία,
1497 2164 1592 2216 καὶ
1620 2167 1680 2216 οὐ
1728 2166 1943 2231 πολλαὶ,
1980 2170 2048 2218 τὰ

482 2252 537 2302 δὲ
563 2252 623 2302 οὑ
656 2251 823 2303 πολλὰ
876 2251 1056 2319 μόνον,
1093 2252 1229 2305 ἀλλά
1259 2254 1350 2304 καὶ
1399 2254 1725 2322 διαφέροντα
1778 2257 2045 2324 ἀλλήλων.

486 2346 667 2396 ’Ἃπαν
698 2345 808 2414 γὰρ
837 2345 898 2396 16
930 2345 1208 2414 πλήρωμα
1234 2346 1329 2414 τῆς
1364 2346 1616 2413 θεότητος
1648 2349 1744 2399 σὺν
1778 2349 1854 2416 τῷ
1891 2351 2052 2400 Ἀπο-

485 2436 656 2503 στόλῳ
686 2435 782 2488 καὶ
813 2437 842 2487 6
874 2436 1110 2504 χρυσοῦς
1142 2437 1295 2498 οὗτος
1324 2437 1643 2499 διδάσκαλος
1683 2438 1829 2505 λέγει
1855 2439 2048 2503 ταῦτα,

485 2527 736 2594 καθάπερ
783 2527 1021 2595 ἤκουσας
1050 2543 1062 2554 ’
1105 2530 1197 2578 καὶ
1249 2528 1334 2579 ὅτι
1389 2528 1449 2578 οὑ
1497 2529 1698 2590 πάντες
1747 2529 2048 2597 προφῆται,

485 2619 604 2669 οὐδὲ
648 2618 995 2681 διδάσκαλοι,
1048 2617 1171 2670 οὔτε
1223 2619 1425 2679 πάντες
1469 2620 1784 2689 χαρίσματα
1836 2619 2052 2687 ἔχουσιν

489 2710 756 2777 ίαμάτων,
803 2711 897 2761 καὶ
937 2711 1018 2762 δτι
1054 2711 1146 2776 ἀφ’
1172 2707 1252 2772 οὗ,
1297 2713 1482 2778 φησὶν,
1517 2711 1808 2780 ἐπληρώθη
1847 2712 2052 2764 τούτων

489 2805 518 2869 ἡ
554 2803 858 2866 Δεσποτικὴ
911 2803 1069 2870 σάρξ,
1102 2802 1296 2870 ὥσπερ
1355 2803 1463 2853 ἀπὸ
1496 2805 1679 2870 πηγῆς
1733 2801 1916 2869 ἤντλει
1955 2803 2052 2854 καὶ

487 2893 659 2947 ἐδίδου
693 2897 788 2948 καὶ
816 2896 1141 2956 ἀποστόλοις
1170 2897 1265 2948 καὶ
1307 2896 1616 2964 προφήταις
1649 2895 1884 2947 ἐκεῖθεν.
1924 2894 2048 2955 Πῶς

488 2989 553 3040 ἂν
583 2987 676 3039 οὖν
701 2988 859 3039 οὐσία
885 2989 979 3039 καὶ
1008 2987 1304 3049 ὑπόστασις
1339 2989 1420 3055 είη
1457 2988 1524 3039 τὰ
1556 2985 1676 3038 θεία
1724 2988 1912 3038 ἐκεῖνα
1948 3004 2050 3055 χαι

493 3081 753 3148 ρίσματα,
787 3083 851 3131 τά
902 3080 1152 3147 καθάπερ
1203 3081 1310 3132 ἀπδ
1353 3079 1655 3146 δεξαμενῆς
1712 3077 2052 3146 ἀντλοῦμενα

2157 605 2354 674 ροῦντα
2400 612 2491 658 καί
2544 605 2789 672 λέγοντα,
2845 606 2926 656 ὅτι
2982 604 3052 658 ’0
3103 605 3344 672 πέμψας
3381 607 3708 670 βαπτίζειν,

2153 697 2382 759 ἐκεῖνός
2422 714 2524 764 μοι
2567 694 2752 756 εἴπεν.
2798 698 2920 763 Ἐφ’
2946 694 3139 761 ὃνίᾶν
3185 696 3334 762 ἴδοις
3370 698 3436 748 τὸ
3477 698 3714 765 Πνεῦμα

2154 786 2512 839 καταϐαῖνον
2536 787 2634 839 καί
2659 788 2867 854 μένον.
2933 788 2972 839 0
2993 786 3054 854 δὴ
3089 786 3179 838 καὶ
3211 787 3520 854 σαφηνὶζων
3551 790 3711 849 αὖτίς

2153 881 2180 931 6
2211 878 2530 940 διδάσκαλος
2579 876 2758 942 αὖθις,
2791 880 2904 932 Οὐκ
2956 873 3098 943 εἷπε,
3152 879 3306 946 φησὶ,
3359 880 3711 948 χαριζόμενον

2154 973 2303 1040 αὐτῷ
2332 973 2504 1044 δῶρον
2535 975 2615 1039 ἐν,
2654 974 2792 1028 ἀλλά
2829 976 2986 1043 μένον
3025 976 3164 1028 ὅλον.
3204 972 3314 1027 Εἶθ’
3359 975 3548 1044 ῶσπερ
3594 978 3709 1027 ἐπίο

2152 1063 2309 1129 τηδες
2342 1063 2571 1131 ἀπάγων
2619 1080 2678 1115 σε
2736 1065 2832 1130 τῆς
2870 1064 2977 1115 τῶν
3022 1065 3338 1131 κτισμάτων
3395 1065 3646 1126 ὑπονοίας
3687 1067 3713 1115 ό

2151 1154 2489 1220 διδάσκαλος,
2509 1157 2603 1210 καὶ
2628 1156 2842 1215 δεικνὺς
2868 1156 2948 1208 ὅτι
2979 1158 3046 1208 τά
3062 1158 3207 1227 δῶρα
3237 1157 3408 1209 ταῦτα
3430 1159 3520 1211 τοῦ
3549 1158 3715 1210 Πνεύο

2157 1265 2323 1315 ματος
2369 1251 2435 1302 τά
2469 1250 2672 1317 φυσικά
2697 1249 2790 1302 τοῦ
2836 1248 2972 1302 Θεοῦ
3018 1251 3152 1314 ἐστι,
3189 1252 3281 1302 καὶ
3312 1251 3399 1303 διά
3432 1250 3590 1302 τοῦτο
3618 1252 3713 1303 καὶ

2153 1324 2376 1408 Πνεῦμα
2403 1340 2558 1406 ἅγιον
2604 1341 2842 1409 εἴρηται,
2890 1342 2984 1394 τὸν
3014 1342 3416 1409 Εὑαγγελιστὴν
3465 1340 3713 1412 Ἰωάννην

2155 1433 2439 1500 ἐφίστησιν
2491 1431 2636 1486 οὕτω
2679 1433 2894 1498 λέγων·
2942 1429 3072 1484 Εἶτα
3122 1433 3445 1501 βουλόμενος
3496 1435 3715 1496 δεῖξαιο

2167 1524 2438 1592 Ἰωάννης,
2477 1526 2557 1577 ὅτι
2599 1526 2698 1594 οὐχ
2728 1525 2802 1587 ώς
2837 1525 3125 1594 ἄνθρωπος
3162 1525 3319 1576 ἔλαϐε
3352 1525 3513 1594 χάριν
3548 1527 3574 1576 6
3609 1525 3720 1576 Σω-

2153 1616 2280 1686 τὴρ,
2310 1618 2491 1685 λέγει’
2542 1619 2663 1670 Οὐκ
2716 1619 2784 1670 ἐκ
2829 1618 3049 1685 μέτρου
3103 1618 3349 1671 δίδωσιν
3382 1622 3413 1671 ὁ
3458 1618 3595 1680 Θεὸς
3653 1617 3719 1668 τὸ

2155 1709 2414 1778 Πνεῦμα,
2443 1710 2560 1770 καις
2605 1711 2702 1762 Ἐκ
2745 1709 2853 1763 τοῦ
2882 1710 3268 1778 πληρώματος
3315 1709 3500 1763 αὐτοῦ
3549 1710 3719 1775 ἡμεῖς

2156 1801 2380 1865 πάντες
2414 1801 2726 1868 ἐλάϐομεν.
2773 1801 3014 1864 Ἐκεῖνος
3066 1803 3126 1854 τὸ
3180 1803 3493 1870 πλήρωμα,
3558 1805 3716 1871 ἡμεῖς

2154 1894 2217 1944 ἐκ
2249 1890 2342 1944 τοῦ
2374 1891 2763 1960 πληρώματος.
2836 1891 2996 1955 Πῶς;
3056 1891 3148 1959 ἀφ’
3177 1884 3238 1944 οὗ
3290 1891 3574 1960 ἐπλήρωσε
3618 1892 3718 1957 τὴν

2161 1985 2496 2051 Δεσποτικὴν
2531 1985 2730 2053 σάρκα,
2758 1983 2816 2047 ἐξ
2847 1985 3014 2052 αὐτῆς
3046 1984 3227 2052 ἤντλει
3256 1985 3330 2045 ὡς
3360 1984 3468 2037 ἀπὸ
3511 1984 3716 2052 πηγῆς,

2155 2077 2246 2128 καὶ
2273 2076 2512 2140 ἐδάνειζε
2544 2079 2657 2137 τοῖς
2685 2075 2991 2143 ἀνθρώποις
3015 2077 3113 2140 τὴν
3138 2076 3368 2144 δωρεάν.

2237 2166 2422 2237 Ὁρᾷς,
2465 2162 2510 2221 ὦ
2544 2168 2828 2235 φιλόσοφε,
2859 2167 2941 2218 ὅτι
2990 2167 3050 2217 τὸ
3091 2167 3314 2234 Πνεῦμα
3344 2165 3404 2218 16
3432 2167 3585 2231 ἅγιόν
3614 2167 3720 2216 είσι

2151 2259 2348 2320 ταῦτα,
2393 2262 2534 2312 κατὰ
2577 2261 2674 2320 τὰς
2705 2261 2941 2326 φυσικὰς
2994 2258 3136 2320 θείας
3187 2258 3489 2327 ἐνεργείας,
3527 2260 3618 2309 καὶ
3654 2261 3720 2308 τὰ

2155 2352 2475 2421 χαρίσματα
2511 2351 2871 2420 μεριζόμενον
2910 2353 3223 2420 ἀμερίστως
3265 2351 3358 2402 καὶ
3390 2350 3721 2410 ἀποστόλους

2155 2445 2248 2496 καὶ
2276 2446 2585 2513 προφήτας,
2637 2445 2732 2494 καὶ
2765 2443 3116 2503 διδασκάλους
3166 2443 3503 2510 χειροτονοῦν
3535 2441 3601 2492 δι’
3627 2443 3720 2492 au;-

2153 2537 2284 2598 τῶν,
2314 2537 2430 2588 ἀλλ’
2455 2539 2515 2588 οὐ
2540 2538 2847 2602 κτίσματα;
2877 2537 2936 2588 Εί
2962 2537 3015 2587 δὲ
3046 2537 3105 2587 τὸ
3137 2535 3358 2603 Πνεῦμα
3388 2535 3559 2586 ταῦτά
3584 2537 3715 2596 ἐστι,

2155 2629 2406 2698 καθάπερ
2437 2626 2533 2681 οῦν
2581 2631 2676 2681 καὶ
2715 2630 2854 2690 ἔστι,
2887 2629 2964 2697 τῷ
2995 2628 3050 2680 δέ
3085 2631 3163 2687 είς
3196 2628 3256 2679 τὸ
3305 2627 3458 2693 ἅγιον
3499 2626 3717 2692 Πνεῦμα

2157 2721 2565 2790 βλασφημοῦντι
2607 2722 2709 2773 οὐκ
2737 2722 3070 2788 ἀφεθήσεται
3092 2720 3212 2772 οὔτε
3240 2722 3296 2771 ὲν
3318 2721 3393 2787 τῷ
3418 2719 3510 2771 νῦν
3537 2721 3700 2771 alam.

2154 2811 2277 2863 οῠτε
2312 2813 2369 2861 ἐν
2396 2811 2473 2879 τῷ
2525 2810 2793 2878 μέλλοντι,
2822 2809 3125 2878 Δεσποτικὴ
3172 2808 3328 2860 τοῦτό
3385 2824 3550 2875 φησιν
3581 2809 3707 2858 ἁπό-

2155 2919 2339 2968 φασις,
2371 2903 2433 2953 τὸ
2464 2902 2587 2970 ἑξῆς
2620 2901 2780 2963 αὐτὸς
2818 2901 2882 2954 ἂν
2908 2902 2990 2967 είη
3040 2902 3260 2952 σκοπεῖν
3305 2898 3530 2957 δίκαιος.
3574 2900 3715 2949 Λὺτὰ

2155 2997 2261 3062 γάρ
2294 2996 2400 3046 είσι
2451 2995 2518 3046 τὰ
2550 2994 2649 3059 τῆς
2691 2994 2842 3054 Θείας
2884 2992 3098 3059 φύσεως
3131 2991 3416 3059 ἰδιωματα,
3450 2995 3517 3042 τά
3565 3005 3715 3057 φυσι-

2157 3089 2270 3153 φῶς
2309 3087 2386 3156 τῷ
2413 3088 2552 3155 ἁγίῳ
2591 3085 2871 3154 Πνεύματι
2903 3085 3174 3152 προσόντα
3211 3085 3544 3152 χαρίσματα,
3594 3083 3718 3150 περὶ

488 3177 934 3244 τῆςΔεσπθτικῆς
959 3178 1159 3242 σαρκὸς
1189 3182 1281 3227 καὶ
1302 3175 1682 3244 χορηγούμενα
1711 3177 1817 3232 τοῖς
1841 3174 2050 3240 ἁγίοις;
2082 3180 2122 3238 C
2157 3174 2230 3232 ὧν
2265 3182 2292 3230 6
2343 3180 2609 3246 μακάριος
2665 3176 2875 3239 Παῦλος
2909 3175 3220 3245 Κορινθίοις
3272 3175 3420 3240 ἔλεγε
3471 3174 3715 3240 γράφων,

574 3267 736 3318 Ἀλλὰ
769 3266 841 3336 μὴ
885 3268 1064 3334 σχέσις
1105 3269 1218 3318 ἐστὶ
1242 3268 1415 3319 ταῦτα
1447 3267 1536 3318 καὶ
1583 3267 1701 3334 οὐχὶ
1730 3271 2051 3334 πράγματα,

491 3359 738 3428 καθάπερ
769 3358 926 3428 ἔφης,
958 3359 990 3428 ἧ
1032 3360 1348 3426 κτίσματα;
1379 3361 1515 3429 Περὶ
1555 3360 1653 3428 μὲν
1681 3357 1772 3411 οὖν
1807 3360 1905 3427 τῆς
1935 3357 2058 3426 σχέ-

494 3469 630 3513 σεως
674 3452 902 3506 αὐτόθεν
963 3452 1260 3505 κατάλαϐε.
1312 3453 1446 3503 υὺδέ
1500 3453 1609 3520 γὰρ
1659 3450 1944 3519 σκέψινάν
1975 3468 2059 3512 τις

493 3545 638 3597 εἴποι
665 3544 825 3614 ψιλὴν
852 3546 910 3596 16
942 3544 1218 3613 πλήρωμα
1244 3548 1340 3614 τῆς
1374 3544 1648 3612 θεότητος,
1680 3545 1707 3595 ὃ
1740 3543 2060 3613 κατῴκησεν

496 3639 551 3686 ἐν
583 3636 659 3703 τῷ
690 3635 910 3704 Χριστῷ
954 3636 1305 3703 σωματικῶς,
1342 3636 1434 3686 καὶ
1468 3634 1589 3686 ὅθεν
1633 3635 1706 3696 ὡς
1737 3636 1844 3687 ἀπὸ
1878 3636 2058 3702 πηγῆς

497 3728 702 3780 ἁντλῶν
733 3727 988 3795 ἐχορήγει
1020 3729 1112 3779 καὶ
1139 3728 1458 3789 ἀποστόλοις
1483 3728 1575 3781 καὶ
1604 3728 1933 3795 προφήταις,
1963 3744 2060 3777 κα-

497 3821 671 3889 θάπερ
703 3820 964 3889 ἤκουσας.
999 3819 1102 3870 Καὶ
1128 3819 1377 3885 Μάξιμος
1405 3819 1460 3870 δὲ
1499 3821 1526 3869 6
1558 3820 1729 3886 μέγας
1753 3820 1829 3885 τῷ
1860 3818 2058 3888 [1ύρρῳ

495 3913 900 3979 διαλεγόμενος,
962 3911 1214 3976 καθάπερ
1254 3911 1513 3978 ἤκουσας,
1570 3911 1631 3960 οὐ
1677 3911 1881 3977 σχέσιν,
1924 3910 2060 3961 άλλά

495 4006 727 4072 πρᾶγμα
765 4002 860 4070 τὴν
918 4003 1016 4069 τῆς
1053 4000 1304 4068 θεότητος
1340 3999 1573 4066 φυσικὴν
1613 4000 1894 4066 ἐνέργειαν
1924 3999 2058 4066 ἔφηο

495 4114 606 4153 σεν,
643 4095 753 4146 οὐδ’
788 4095 999 4146 ἐκείνου
1034 4094 1169 4161 πρὸς
1191 4092 1352 4144 τοῦτό
1385 4108 1446 4154 γε
1478 4092 1844 4151 ἀντειπόντος,
1869 4091 1942 4151 ὼς
1968 4091 2061 4141 καὶ

497 4188 644 4255 παρὰ
690 4189 804 4245 τοῖς
839 4187 1052 4253 ἐχθροῖς
1086 4183 1541 4253 ὁμολογούμενον,
1575 4185 1620 4233 εί
1680 4185 1772 4234 καὶ
1805 4185 1835 4249 ἠ
1867 4181 2060 4249 χρῆσις

495 4279 593 4343 τῆς
627 4279 908 4346 ἐνεργείας
935 4277 1036 4346 ἤδη
1059 4277 1152 4328 καὶ
1178 4277 1362 4342 σχέσις
1389 4275 1560 4335 δντως
1591 4275 1760 4332 ἐστὶν,
1792 4274 1882 4324 καὶ
1911 4277 2062 4340 ἐνέρ-

497 4387 619 4435 γεια
653 4369 804 4437 παρὰ
853 4369 957 4419 τῶν
985 4366 1252 4432 θεολόγων
1303 4365 1542 4434 εἴρηται,
1587 4364 1728 4416 καθὰ
1756 4364 1818 4430 δὴ
1863 4363 1958 4414 καὶ
1988 4367 2063 4415 εἰ-

498 4462 686 4520 πόντες
719 4458 984 4526 ἐφθημεν.
1023 4457 1164 4524 Πρὸς
1201 4456 1257 4506 δὲ
1291 4455 1351 4506 τὸ
1386 4455 1589 4522 κτίσμα
1624 4455 1676 4505 τί
1705 4455 1770 4505 ἀν
1806 4453 2052 4519 εἴτ.οιμι;

497 4551 709 4619 Πλῆρες
751 4552 882 4617 ἡμῖν
911 4550 970 4600 τό
1009 4565 1066 4599 τε
1105 4546 1444 4615 σύγγραμμα
1493 4549 1587 4597 καὶ
1620 4548 1646 4596 6
1683 4545 1937 4609 σύλλογος
1965 4545 2056 4609 γέ·
2090 4545 2119 4614 ’ξ

496 4659 618 4708 γονε
641 4642 750 4693 τῶν
779 4640 1036 4692 τοιούτων
1065 4637 1396 4706 ἐρεσχελιῶν
1426 4655 1483 4688 τε
1523 4639 1617 4687 καὶ
1656 4635 2061 4702 παραληρημά-

496 4751 623 4793 των,
659 4731 751 4783 καὶ
806 4729 1002 4797 μικροῦ
1035 4732 1128 4780 καὶ
1176 4731 1288 4788 τοῖς
1322 4727 1582 4778 ναυτιῶσι
1613 4727 1704 4777 καὶ
1757 4726 2060 4790 ἰλιγγιῶσιν

498 4827 759 4892 ἐοίκαμεν
790 4825 894 4875 ὑπὸ
947 4823 1046 4890 τῆς
1097 4825 1298 4890 συχνῆς
1325 4823 1540 4889 ἀηδίας,
1575 4821 1668 4871 καὶ
1714 4819 1806 4871 τοῦ
1835 4821 2056 4870 συνδυα-

498 4916 636 4987 σμοῦ
671 4917 779 4967 τῶν
817 4916 884 4966 τά
920 4914 1141 4967 τοιαῦτα
1171 4915 1413 4982 συνεχῶς
1445 4913 1799 4980 ἐξεμοόντων.
1840 4913 2061 4979 Πρῶτον

500 5009 599 5072 μὲν
632 5010 740 5076 γὰρ
790 5009 968 5059 ἐκεῖνο
1001 5007 1228 5073 γελοῐον,
1265 5006 1464 5073 μᾶλλον
1506 5006 1560 5056 δὲ
1592 5007 1682 5056 καὶ
1728 5003 1927 5075 φρίκης
1969 5008 2061 5054 καί

500 5101 761 5169 συστολῆς
795 5101 854 5151 οὑ
882 5102 978 5166 τῆς
1010 5099 1278 5168 τυχούσης
1304 5099 1453 5163 ἀξιον
1477 5098 1541 5150 ἂν
1565 5096 1669 5165 εἴη,
1698 5097 1756 5148 τὸ
1791 5097 2056 5163 κτίσμασι

497 5195 758 5263 τιμᾶσθαι
812 5193 903 5245 τὸν
936 5192 1260 5244 δεσποτικὸν
1309 5191 1436 5244 ναὸν
1470 5192 1674 5260 τολμᾷν
1721 5190 1919 5255 λέγειν,
1965 5189 2062 5238 καὶ

502 5291 650 5341 ἀπαν
677 5287 736 5338 16
783 5286 1058 5352 πλήρωμα
1084 5283 1184 5350 τῆς
1240 5283 1486 5348 θεότητος
1535 5281 1602 5332 τὰ
1635 5281 1909 5347 κτίσματα
1959 5282 2060 5345 φά-

503 5395 674 5439 σκειν,
704 5375 998 5429 καὶταῦτα
1028 5377 1094 5442 τῇ
1129 5374 1427 5425 ὑποστάσει
1460 5372 1551 5424 τοῦ
1587 5371 1717 5423 Θεοῦ
1753 5372 1926 5436 Λόγου
1970 5371 2060 5420 καὶ

503 5470 596 5522 τοῦ
650 5469 964 5536 Πνεῦματος
1015 5465 1138 5518 καθ’
1173 5466 1315 5534 ὑμᾶς
1365 5463 1765 5532 συνταττόμενά
1805 5479 1918 5525 πως
1969 5463 2060 5514 καὶ

505 5560 1118 5629 ουναριθμούμναηήν
1145 5575 1202 5609 τε
1228 5556 1566 5624 Δεσποτικὴν
1590 5557 1768 5622 σάρκα
1799 5551 2056 5622 πληροῦν,

504 5654 757 5707 κάκεῖθεν
787 5653 858 5714 ώς
892 5653 998 5704 ἀπὸ
1026 5650 1208 5719 πηγῆς
1238 5651 1515 5719 προϊόντα,
1542 5648 1648 5699 τῶν
1681 5646 1940 5698 ποικίλων
1968 5645 2058 5696 καὶ

511 5745 862 5796 τιντοδαπῶν
890 5744 1246 5812 χαρισμάτων
1288 5742 1612 5801 ἀποστόλους
1642 5756 1699 5789 τε
1725 5739 1816 5789 καὶ
1847 5739 2027 5804 προφή
2047 5767 2057 5774 -

511 5854 606 5897 τας
640 5834 899 5903 πληροῦν,
944 5833 1068 5886 [ἴτε.
1118 5837 1204 5885 καὶ
1251 5833 1340 5885 τοῦ
1377 5831 1691 5884 διδασκάλου
1743 5831 1831 5881 τον
1862 5828 2056 5879 Παπει-

2159 3269 2238 3320 δτι
2272 3269 2472 3320 Πάντα
2499 3265 2729 3334 ἐνεργεῖ
2754 3267 2818 3318 τὸ
2852 3267 2920 3318 ἐν
2943 3265 3037 3318 καί
3079 3266 3142 3317 τὸ
3172 3265 3314 3318 αὐτὸ
3348 3266 3607 3331 Πνεῦμα,
3637 3265 3719 3315 δι-

2159 3359 2368 3426 αιροῦν
2413 3358 2526 3424 ίδίςι
2561 3357 2795 3421 ἑκάστῳ
2839 3356 3034 3425 καθὼς
3069 3357 3374 3420 βούλεται.
3426 3357 3532 3406 Καὶ
3565 3349 3714 3415 0616,

2160 3453 2306 3502 ἐστιν
2335 3452 2362 3502 6
2405 3449 2663 3518 ἀρραϐὼν
2717 3451 2811 3500 καὶ
2861 3449 2887 3499 6
2921 3448 3224 3511 δακτύλιος,
3279 3447 3432 3514 καὶὴ
3474 3443 3720 3512 ἀπαρχὴ,

2155 3548 2253 3597 ,καὶ
2306 3543 2366 3594 16
2398 3543 2560 3610 μέρος
2591 3540 2683 3593 τοῦ
2710 3541 2830 3592 ὅλου
2869 3539 2928 3591 16
2956 3539 3356 3607 καταμερισθὲν
3405 3537 3722 3597 ἀποστόλοις

2161 3652 2219 3687 τε
2255 3634 2351 3687 καὶ
2387 3635 2694 3701 προφήταις
2724 3634 2815 3684 καὶ
2845 3632 3205 3692 διδασκάλοις,
3240 3632 3331 3683 καὶ
3365 3631 3528 3682 παντὶ
3559 3647 3711 3679 πνευ-

2166 3727 2380 3795 ματικῴ
2422 3726 2772 3794 πληρώματι,
2808 3723 2873 3776 δι’
2921 3718 2981 3776 οῦ
3045 3725 3248 3784 πάντες
3311 3725 3388 3783 είς
3426 3723 3722 3786 ἐπίγνωσιν

2162 3817 2419 3884 ἀληθείας
2447 3816 2540 3867 καὶ
2575 3814 2926 3882 θεογνωσίαν,
2952 3815 3043 3866 καὶ
3065 3814 3205 3865 θεῖον
3235 3812 3512 3879 φωτισμὸν
3549 3812 3724 3863 ἀνειλ-

2161 3909 2464 3977 κύσθημεν.
2500 3908 2678 3974 Ὅπερ
2740 3905 2915 3974 ἀρχὴν
2969 3906 3065 3970 τῆς
3115 3905 3309 3956 ἐαυτοῦ
3366 3903 3724 3969 φανερώσεως

2162 4004 2255 4055 καὶ
2285 4002 2417 4069 πρὸς
2445 4001 2589 4069 ἡμᾶς
2615 3998 2909 4066 ἐπιδημίας
2930 3998 3087 4049 λαϐὸν
3113 3998 3198 4050 διὰ
3223 4001 3320 4064 τῆς
3340 3996 3564 4062 όμοθέον
3596 4013 3724 4061 σαρ-

2163 4094 2256 4154 κδς
2282 4093 2374 4144 τοῦ
2406 4091 2540 4143 Θεοῦ
2575 4091 2775 4160 Λόγου,
2810 4085 2928 4141 εἶτα
2969 4091 3062 4142 καὶ
3097 4089 3234 4156 μετὰ
3266 4088 3364 4156 τὴν
3397 4086 3562 4139 αὑτοῦ
3591 4088 3723 4152 πρὺς

2165 4186 2429 4255 οὐρανοὺς
2461 4185 2647 4237 ἄνοδον
2681 4183 2774 4235 καὶ
2807 4183 3272 4244 ἀποκατάστασιν,
3316 4180 3393 4239 είς
3424 4178 3557 4229 Σιὼν
3590 4177 3724 4229 ἄνω-

2165 4279 2255 4332 θεν
2296 4277 2503 4339 κατιὸν,
2561 4275 2653 4326 καὶ
2707 4273 2924 4341 χορείας
2975 4273 3288 4324 ἀποστόλων
3339 4269 3665 4336 ἀρξάμενον,
3701 4269 3726 4316 ὅ

2165 4373 2296 4438 φησί
2335 4387 2419 4430 τις
2458 4372 2563 4419 τῶν
2594 4366 2772 4432 σοφῶν
2805 4364 3068 4429 θεολόγων
3118 4366 3208 4414 καὶ
3240 4363 3513 4431 μελῳδῶν,
3543 4361 3602 4423 ἐξ
3632 4361 3725 4412 αὑ·-

2165 4462 2270 4511 τῶν
2340 4462 2478 4510 κατά
2550 4457 2767 4525 μέθεξιν
2818 4457 2931 4515 τοῖς
2986 4456 3196 4515 πιστοῖς
3245 4454 3342 4522 τὴν
3388 4455 3546 4521 χάριν
3596 4453 3727 4518 ἐφή-

2162 4551 2396 4603 πλωσεν.

2250 4643 2388 4693 Ἀλλ’
2426 4644 2554 4702 ἴσως
2594 4643 2756 4708 ἐρεῖς,
2789 4641 2862 4701 ὼς
2893 4640 2951 4690 οὐ
2979 4640 3104 4707 περὶ
3133 4638 3225 4689 τοῦ
3252 4638 3396 4689 θείου
3426 4637 3601 4702 φωτὸς
3630 4638 3727 4700 1i;

2168 4733 2662 4802 μεταμορφώσεως,
2700 4731 2822 4782 οὐδὲ
2857 4748 2984 4798 περι
3023 4731 3123 4796 τῆς
3155 4729 3295 4782 κατὰ
3323 4729 3420 4794 τὴν
3463 4729 3730 4795 Πεντηκο-

2165 4829 2294 4894 στὴν
2322 4825 2617 4893 ἐπιδημίας
2646 4824 2736 4875 τοῦ
2767 4822 2914 4874 θείου
2953 4822 3286 4888 Πνεύματος,
3313 4821 3727 4885 εὐαγγελισταῖς

2163 4936 2218 4968 τε
2250 4919 2341 4970 καὶ
2381 4917 2696 4976 ἀποστόλοις
2743 4917 2959 4984 εἴρηται
3010 4913 3167 4965 πάντ’
3210 4915 3408 4969 ἐκεῖνα,
3442 4914 3534 4964 καὶ
3579 4912 3728 4977 αὑτῷ

2164 5027 2302 5075 φημι
2327 5007 2401 5075 τῷ
2428 5006 2608 5075 σεπτῷ
2641 5007 2937 5074 Βαπτιστῇ.
2969 5007 3098 5071 Περὶ
3122 4999 3194 5056 ὦν
3217 5006 3387 5072 δήπου
3413 5008 3503 5055 καὶ
3543 5005 3723 5054 Ἰωάν-

2161 5118 2255 5166 νης
2288 5103 2314 5151 6
2343 5099 2442 5167 τὴν
2473 5099 2716 5164 γλῶτταν
2748 5098 2998 5166 Χρυσοῦς
3020 5099 3142 5166 ἄρτι
3172 5098 3262 5148 τὸν
3289 5097 3454 5148 πολὺν
3491 5098 3727 5148 ἐποιεῖτο

2161 5191 2336 5257 λόγον.
2373 5191 2462 5241 Διὸ
2501 5189 2591 5240 καὶ
2626 5188 2812 5241 τοῦτον
2843 5189 3003 5239 αὐτὸν
3044 5190 3335 5253 ἀναγκαῖον
3377 5188 3473 5238 σὺν
3506 5185 3583 5253 τῷ
3622 5203 3720 5251 με-

2161 5284 2310 5352 γάλῳ
2340 5283 2430 5334 καὶ
2458 5277 2612 5343 αὖθις
2662 5281 2957 5349 παρελθεῖν
2997 5280 3215 5348 Παύλῳ,
3254 5281 3346 5331 καὶ
3382 5278 3630 5341 δείξαντα
3659 5280 3725 5328 τὰ

2163 5377 2253 5426 καὶ
2284 5376 2458 5439 λόγοις
2481 5373 2668 5438 ἱεροῖς,
2695 5376 2788 5424 καὶ
2812 5374 3041 5437 ἀσκήσει
3070 5374 3163 5423 καὶ
3190 5371 3364 5439 χρόνῳ
3393 5371 3488 5422 καὶ
3525 5370 3722 5437 μελέτη

2162 5467 2257 5517 κα)⁹
2296 5465 2478 5534 πείρᾳ,
2511 5465 2603 5517 καὶ
2643 5466 2744 5533 πρὸ
2771 5468 2971 5516 τούτων
3006 5464 3162 5530 ἁγίου
3195 5462 3510 5530 Πνεύματος
3542 5462 3721 5530 χάριτι

2162 5556 2512 5626 προφητικῶς
2555 5575 2613 5608 τε
2661 5558 2754 5608 καὶ
2786 5555 3155 5617 ἀποστολικῶς
3191 5554 3336 5622 αὐτῷ
3379 5555 3719 5621 ἐγνωσμένα.

2161 5654 2227 5704 τὰ
2258 5651 2491 5720 ρηθέντα
2518 5650 2605 5701 διά
2635 5649 2845 5700 πολλῶν
2872 5649 3043 5710 οὕτως
3068 5647 3482 5717 ἐπισφραγίσαι.
3508 5648 3585 5697 Τά
3613 5647 3720 5711 γὰρ

2163 5745 2296 5811 πρὸς
2345 5743 2659 5810 Κορινθίους
2717 5743 3075 5808 γεγραμμένα
3123 5739 3198 5808 τῷ
3245 5739 3549 5805 Ἀποστόλῳ
3601 5755 3720 5789 σκο-

2165 5835 2450 5900 πούμενος,
2515 5835 2720 5894 Ἡμεῖς,
2762 5836 2908 5896 agn-3‘2.
2964 5836 3160 5894 πάντες
3212 5829 3719 5891 ἐξιακεκαλυαμὲνῳ
