4488 6444
490 426 628 492 1085

1230 438 1534 500 CONTRA
1587 440 2019 503 GREGORAM
2067 443 2829 507 ANTIRRHETICORUM
2864 444 2969 508 XI.

3607 438 3745 509 1086

485 546 601 601 Kal
645 544 853 599 τούτων
884 549 1016 617 ἡμῖν
1054 551 1257 620 σημεῖά
1282 571 1404 607 τινα
1439 556 1534 609 καὶ
1570 557 1691 625 ἴχνη
1723 559 1944 628 ἀμυδρά
1972 560 2068 613 καὶ
2095 564 2144 620 Α
2173 563 2367 624 εἰπεῖν,
2400 562 2500 613 οὑκ
2534 562 2601 614 ἂν
2625 562 2685 613 τὸ
2708 561 2923 627 λογικόν
2961 575 3064 611 που
3115 558 3345 629 συσταίη
3378 559 3739 626 ὑποκειμένου

489 639 551 691 ἐν
579 640 644 709 τῇ
680 639 887 708 Παλαιᾷ
916 641 1032 723 ,καὶ
1062 643 1120 695 ἐν
1154 646 1219 713 τῇ
1254 645 1428 714 Καινῇ
1464 648 1683 716 δοθῆναι
1726 651 2067 717 παρεσκεύα-

490 745 584 782 σεν
629 732 658 783 6
702 729 856 793 Θεός.
904 732 1055 786 Ἐκεῖ
1104 735 1202 802 μὲν
1229 740 1289 789 τὸ
1320 739 1615 806 πρόσωπον
1659 741 1755 793 τοῦ
1788 743 2067 805 Μωὺσέως

486 820 727 895 τοσαύτῃ
760 824 1150 893 κατελάμπετο
1172 828 1300 901 δόξῃ
1322 831 1467 892 τότε,
1499 831 1573 894 ὡς
1601 832 1898 902 ἀπρόσιτον
1925 831 2065 887 εῖναι

486 911 601 973 τόῖς
656 911 766 963 τῶν
813 913 1163 983 Ἰσραηλιτῶν
1213 917 1550 986 ὀφθαλμοίς’
1590 922 1649 973 ἐν
1679 922 1735 973 δέ
1785 925 1850 990 τῇ
1884 925 2063 994 Καινῇ

485 1004 676 1055 τούτου
700 1004 885 1073 πολλῷ
908 1006 1067 1059 πλέον
1099 1008 1370 1079 ἐξέλαμψε
1402 1011 1463 1063 τὸ
1488 1010 1581 1062 τοῦ
1606 1011 1870 1082 Χριστοῦ.
1905 1014 2064 1067 Ἀλλά

484 1095 552 1149 τὰ
585 1097 684 1165 μὲν
715 1097 1031 1168 ἀρκούντως
1065 1101 1306 1171 είρήσθω
1331 1119 1346 1134 ο
1396 1104 1786 1172 ἐπανέλθωμεν
1827 1104 1871 1158 δ’
1905 1105 2063 1170 αὖθις

480 1190 619 1258 πρὸς
640 1190 733 1244 τὸν
762 1192 1055 1262 φιλόσοφον
1083 1194 1211 1257 τοὺς
1232 1196 1375 1249 κατὰ
1396 1196 1491 1249 τοῦ
1516 1197 1854 1250 Δεσποτικοῦ
1883 1200 2063 1263 φωτὸς

488 1285 851 1353 ἀκουσόμενοι
903 1285 1099 1354 λόγους
1152 1290 1364 1345 ἐκείνου
1419 1291 1515 1344 καὶ
1563 1291 1662 1361 τὴν
1719 1292 2060 1361 φιλοσοφίαν.

493 1373 716 1443 Είσάγει
770 1378 868 1430 καὶ
901 1379 1011 1448 γὰρ
1049 1381 1141 1432 τὸν
1189 1381 1533 1452 ὀμολογητὴν
1578 1384 1674 1435 καὶ
1715 1385 1934 1454 κήρυκα
1964 1384 2065 1449 τῆς

481 1466 766 1530 εὐσεϐείας
813 1469 970 1532 αὖθις
1003 1470 1281 1540 Θεόδωρον
1308 1473 1489 1526 τοιάδε
1526 1474 1656 1543 περὶ
1705 1476 1801 1527 τοῦ
1832 1476 1931 1541 τῆς
1962 1492 2061 1542 με-

482 1556 897 1625 ταμορφώσεως
932 1560 1081 1613 θείου
1132 1562 1313 1629 φωτὸς
1348 1564 1485 1630 πρός
1526 1580 1586 1617 τε
1634 1565 1723 1616 τὸν
1771 1566 2061 1633 Παμφίλου

484 1646 748 1699 Εὑσέὸιον
799 1649 896 1701 καλ⁵
949 1650 1078 1712 τοὺς
1127 1650 1537 1718 Εἱκονομάχους
1584 1651 1856 1716 λέγονταο
1921 1650 2063 1703 Ἀλλ’

480 1739 838 1805 ξπανακτέον,
894 1742 1048 1809 φησὶ,
1082 1741 1175 1793 τὸν
1224 1742 1404 1809 λόγον,
1454 1742 1551 1796 καὶ
1602 1743 1869 1811 ζητητέον
1911 1742 1961 1795 τί
1995 1743 2062 1795 ἂν

476 1828 565 1895 εἴη
598 1828 757 1881 τοῦτο
784 1829 846 1881 τδ
892 1830 1008 1897 φῶς
1033 1848 1049 1862 ·
1081 1833 1142 1883 οὑ
1178 1831 1290 1901 γάρ
1332 1849 1419 1884 πω
1451 1832 1662 1899 σαφῶς,
1709 1833 1791 1885 ὅτι
1829 1832 2001 1896 ἐστιν,
2035 1833 2063 1883 6

482 1919 746 1986 γεννάδας
794 1921 1042 1985 ὑπέδειξε
1073 1922 1190 1987 νῦν,
1226 1923 1309 1976 ὅτι
1348 1923 1423 1992 μὴ
1466 1923 1544 1993 τῷ
1573 1922 1693 1989 Θεῷ
1734 1923 1891 1992 Λιόγῳ
1926 1922 2060 1991 πρέ-

484 2028 588 2062 πον
611 2012 891 2081 προσθείς.
914 2014 1243 2085 Είσὺστερον
1261 2015 1319 2069 δέ
1341 2017 1460 2085 ἐρεῖ
1477 2016 1852 2087 ἐκδηλότερον.
1874 2016 2063 2083 Ὅμως

482 2103 622 2169 πρὸς
664 2103 731 2155 τὰ
758 2104 1054 2173 δεδογμένα
1104 2106 1252 2176 αὑτῷ
1300 2107 1357 2158 ἐν
1388 2108 1466 2174 τῷ
1512 2107 1743 2175 παρόντι
1775 2108 1868 2159 τὸν
1907 2107 2064 2173 λόγον

481 2196 645 2264 ἡμεῖς
689 2197 1061 2265 ἐξετάσωμεν.
1097 2194 1245 2267 *Αρα
1286 2199 1443 2252 οὑσία
1478 2217 1564 2262 τις
1618 2201 1712 2252 καὶ
1758 2200 2062 2251 ἐνυπόστα-

476 2304 591 2353 τον,
631 2288 757 2341 καθ’
815 2291 950 2343 αὑτὸ
1007 2291 1257 2357 ὑφεστὼς
1301 2294 1397 2345 καὶ
1451 2292 1525 2361 μὴ
1582 2292 1839 2359 δεόμενον
1870 2293 2060 2358 ἐτέρου

480 2382 621 2449 πρὸς
639 2382 898 2449 ὓπαρξιν,
931 2382 964 2453 ἢ
996 2384 1223 2452 ποιότης
1256 2385 1550 2451 ἀσώματος
1585 2385 1675 2437 καὶ
1701 2384 1974 2445 ἀνούσιος,
2002 2386 2061 2435 ἐν

479 2472 624 2541 ἄλλῳ
662 2475 725 2525 τὸ
756 2470 920 2538 εἶναι,
967 2476 1068 2527 οὑκ
1100 2477 1156 2527 ἐν
1191 2475 1371 2545 ἐαυτῷ
1399 2476 1780 2546 θεωρούμενον
1815 2477 2057 2546 ἐχουσα;

492 2566 633 2621 Ἀλλ’
670 2570 717 2621 εί
773 2568 874 2637 μέν
906 2568 1068 2622 οὑσία
1119 2570 1260 2634 ἐστὶ,
1309 2570 1539 2639 πότερον
1588 2571 1882 2641 ἀγγελικὴ,
1936 2574 2062 2625 ἐπεὶ

480 2663 575 2714 καὶ
604 2662 836 2729 ἄγγελος
866 2661 1005 2728 φῶς,
1042 2662 1258 2715 καὶτοῦ
1279 2662 1499 2730 πρώτου
1532 2665 1627 2716 καὶ
1657 2665 1923 2717 ἀνωτάτω
1947 2683 2063 2732 φω-

478 2754 570 2815 τὸς
611 2757 949 2824 μαρμαρυγὴ
980 2755 1076 2806 καὶ
1101 2753 1457 2823 ἀπόλαμψις;
1496 2754 1641 2808 Ἀλλ’
1674 2756 1775 2809 οὑκ
1809 2757 1876 2809 ἂν
1905 2756 2063 2809 τοῦτο

482 2849 647 2901 είποι.
682 2849 793 2901 Kal
852 2849 972 2913 μετ’
1005 2847 1163 2914 ὀλίγα
1189 2862 1206 2878 ο
1240 2849 1303 2900 El
1346 2848 1402 2899 δέ
1437 2847 1558 2900 θεία
1591 2848 1772 2914 οὐσία,
1825 2849 1943 2911 πῶς
1983 2850 2062 2911 είς

480 2941 641 2993 τοῦτο
671 2940 984 3010 μετῴχετο;
1021 2942 1081 2994 El
1123 2942 1222 3011 μὲν
1246 2943 1305 2994 ἐν
1334 2942 1441 3011 ἰδίᾳ
1473 2942 1777 2995 ὑποστάσει
1806 2943 1901 2996 xal
1935 2941 2059 2995 καθ’

484 3032 687 3098 ἑαυτὴν
734 3031 1090 3101 θεωρουμένη
1140 3030 1474 3098 μετελθοῦσα
1510 3032 1607 3084 καλ.
1652 3027 1765 3084 οἷον
1808 3033 1937 3086 ἀλλο
1967 3035 2061 3085 καὶ

486 3128 653 3179 ἱδικδν
685 3128 1070 3195 ἀποτεμομένη
1122 3129 1436 3195 πρόσωπον,
1470 3128 1562 3181 καὶ
1593 3130 1675 3190 είς
1707 3129 1806 3198 τὴν
1849 3129 1940 3180 τοῦ
1972 3128 2062 3181 λό-

2168 651 2323 715 am,
2360 653 2386 703 ὅ
2422 652 2538 705 ἐστι
2570 652 2632 703 τὸ
2660 651 2818 714 ζῶον,
2852 653 2899 703 εί
2950 650 3023 721 μὴ
3060 649 3326 720 πρότερόν
3356 669 3440 712 τις
3490 650 3746 704 ὑπόθοιτο

2168 742 2358 795 οὑσίαν
2405 743 2649 812 ἔμψυχον
2697 743 3046 811 αἰσθητικήν.
3090 742 3200 795 Kal
3250 741 3444 794 πάλινο
3485 741 3645 793 Ἀλλά
3680 740 3743 793 τὸ

2173 832 2271 899 μὲν
2300 831 2541 901 φθαρτὸν
2593 833 2753 884 τοῦτο
2809 832 3133 885 ἐνδύσασθαι
3182 830 3496 899 ἀφθαρσίαν
3546 828 3641 880 καὶ
3685 829 3746 881 τὸ

2169 922 2360 990 θνητὸν
2388 924 2691 977 ἀθανασίαν
2717 926 2744 977 6
2778 923 2953 993 μέγας
2987 923 3339 990 μυσταγωγεῖ
3385 918 3706 980 Ἀπόστολος
3725 934 3742 951 ο

2174 1016 2229 1069 τὺ
2258 1016 2314 1068 δὲ
2354 1018 2513 1085 σῶμα
2562 1019 2965 1087 ἀσωματότητα
2997 1017 3341 1079 ἐνδύσασθαι,
3370 1016 3403 1085 ἢ
3432 1018 3493 1067 τὸ
3528 1014 3745 1065 κτιστὺν

2168 1109 2423 1175 γενέσθαι
2454 1112 2732 1173 ἀκτιστον,
2766 1112 2798 1183 ἢ
2825 1112 2885 1164 τὸ
2912 1111 3290 1179 περιγραπτδν
3320 1109 3398 1170 είς
3440 1111 3745 1176 ἀπεριγρα-

2165 1200 2294 1270 ψίαν
2331 1201 2817 1269 μετατεθήσεσθαι,
2846 1201 2998 1255 οὑπω
3030 1203 3123 1254 xal
3148 1200 3245 1253 νῦν
3275 1200 3559 1270 ἧκουσται.
3586 1198 3746 1266 Πρῶ-

2164 1308 2257 1343 τον
2295 1291 2392 1360 μέν
2428 1292 2522 1343 οὑν
2557 1294 2735 1344 ἐκεῖνο
2768 1292 2901 1357 πρὸς
2936 1292 3221 1361 Γρηγορᾶν
3259 1289 3353 1342 καὶ
3382 1284 3540 1350 αὖθις
3572 1288 3745 1339 εἰπεῖν

2166 1383 2383 1453 ἔχομεν,
2414 1383 2488 1445 ὠς
2523 1384 2632 1437 οὐδ’
2663 1384 2899 1436 ἐνταῦθα
2940 1384 3069 1445 τοὺς
3106 1382 3199 1434 τοῦ
3259 1379 3583 1434 διδασκάλου
3614 1395 3739 1432 του-

2166 1475 2284 1528 τουῖ
2314 1474 2505 1542 λόγους
2549 1475 2624 1537 ὡς
2652 1476 2837 1545 ἔχουσι
2875 1475 3058 1533 καλῶς
3102 1475 3437 1545 προῠθηκεν,
3473 1472 3607 1525 ἀλλά
3641 1472 3744 1524 κάν

2164 1565 2376 1626 τούτοις
2409 1567 2639 1620 πλεῖστά
2691 1584 2815 1619 τινα
2862 1568 2970 1619 τῶν
3018 1566 3334 1634 ἀναγκαίων
3387 1563 3626 1631 ὑφεῖλεν,
3672 1562 3743 1624 ὡς

2166 1656 2286 1717 ἔθος
2323 1658 2495 1722 αὐτῷ,
2549 1660 2616 1727 τῇ
2662 1659 2757 1710 τοῦ
2812 1661 2967 1725 λόγου
3024 1658 3405 1727 λυμηνάμενος
3452 1654 3743 1724 ἀκολουθίᾳ

2169 1746 2268 1797 καὶ
2306 1747 2479 1809 τάξει.

2250 1842 2393 1892 Ἀλλ’
2428 1843 2748 1906 ἐξεταστέον
2796 1843 2892 1894 καὶ
2922 1843 3062 1895 αὑτά
3098 1844 3160 1911 δή
3209 1860 3350 1910 φημι
3387 1841 3561 1894 ταῦτα
3604 1843 3739 1904 τέως

2167 1934 2234 1983 τὰ
2258 1933 2614 1999 προτεθέντα,
2644 1932 2854 1985 καὶτὸν
2880 1934 3080 1983 σκοπὸν
3104 1933 3196 1982 καί⁵
3226 1933 3352 1993 τοὺς
3381 1931 3575 1995 λόγους
3607 1930 3740 1982 θεω-

2171 2023 2365 2093 ρητέον
2391 2022 2483 2076 τοῦ
2510 2023 2863 2087 διδασκάλου,
2893 2024 3149 2075 καὶκατὰ
3180 2024 3323 2084 τίνος
3348 2021 3589 2074 ἐνταῦθα
3616 2025 3736 2073 τοὺ-

2164 2133 2292 2177 τους
2330 2118 2623 2184 παρήγαγε
2678 2117 2987 2184 Γρηγορᾶς.
3038 2114 3178 2182 Ἐγὼ
3228 2115 3337 2183 γὰρ
3395 2111 3570 2183 οἶμαι,
3620 2115 3742 2167 καθ’

2167 2207 2366 2261 ἑαυτοῦ
2399 2210 2495 2261 καὶ
2532 2208 2641 2259 τῶν
2666 2208 2940 2277 ὁμοδόξων
2972 2224 3028 2257 τε
3070 2207 3165 2261 καὶ
3209 2206 3538 2276 καθηγητῶν
3577 2208 3645 2258 τά
3679 2223 3743 2273 γε

2167 2301 2394 2353 τοιαῦτα
2424 2301 2780 2367 προενεγκεῖν
2810 2298 2997 2360 αὑτὸν,
3035 2298 3135 2350 οὑκ
3172 2290 3270 2350 οἶδ’
3297 2297 3395 2349 εἴτ’
3421 2297 3741 2363 ἀγνοοῦντα,

2166 2396 2276 2446 εἴτε
2307 2391 2362 2443 δὲ
2414 2392 2508 2442 καὶ
2547 2389 2643 2456 τὴν
2693 2388 2907 2459 αἵρεσιν
2940 2388 3226 2451 παίζοντα,
3280 2383 3442 2451 δείξει
3478 2386 3534 2438 δέ
3589 2386 3683 2438 καὶ
3716 2387 3745 2436 6

2162 2488 2321 2551 λόγος
2372 2483 2552 2545 εὑθύς.
2589 2480 2863 2550 Θεόδωρος
2900 2482 2997 2550 μὲν
3032 2480 3124 2533 οὖν
3173 2482 3200 2534 ὁ
3251 2480 3426 2547 μέγας
3473 2480 3607 2545 πρὸς
3641 2479 3741 2531 τὸν

2166 2576 2455 2647 Παμφίλου
2514 2576 2780 2628 Εὑσέὸιον
2837 2574 3047 2626 ἄνωθεν
3081 2573 3172 2624 τὸν
3214 2574 3419 2624 οίκεῖον
3475 2569 3745 2636 ξυντιθεὶς

2164 2672 2322 2737 λόγον
2350 2686 2411 2721 τε
2444 2669 2541 2719 καὶ
2573 2668 2672 2736 τὴν
2717 2666 2897 2729 δόξαν,
2932 2665 3026 2718 καὶ
3052 2664 3114 2734 δὴ
3166 2664 3261 2716 καὶ
3288 2665 3414 2725 τοὺς
3457 2662 3630 2715 ταῦτα
3659 2678 3744 2713 τι·
3804 2667 3807 2669 ’

2169 2760 2385 2828 μῶντας
2414 2756 2842 2825 Εἰκονομάχους,
2896 2755 3068 2807 πάλαι
3105 2753 3215 2822 γὰρ
3259 2753 3517 2812 Εὑσέὸιος
3553 2750 3652 2802 σύν
3679 2767 3743 2817 γε

2163 2856 2275 2911 τοῖς
2320 2851 2616 2918 Ἀρειανοῖς
2648 2847 2889 2900 ἐκποδὼν
2933 2843 3022 2915 ἦν’
3059 2847 3243 2898 ἐκεῖνα
3266 2847 3402 2913 “PM
3429 2846 3626 2904 αὐτοὺς
3656 2845 3744 2896 αἶ’

2162 2944 2345 2995 τιᾶται
2371 2942 2594 3009 γράφων
2614 2957 2626 2971 ·
2664 2941 2737 3001 ὡς
2756 2940 2908 2991 Ἐπεὶ
2933 2940 2993 2990 τὸ
3017 2940 3163 2989 θεῖον
3185 2935 3277 2989 τοῦ
3313 2936 3548 3003 Χριστοῦ
3580 2936 3743 3001 σῶμα

2163 3035 2220 3086 ἐν
2252 3052 2313 3101 γε
2351 3037 2417 3102 τῇ
2453 3034 2616 3084 αὑτοῦ
2671 3033 3095 3101 μεταμορφὼσει
3139 3027 3619 3098 μεταπεποιῆσθαι
3646 3028 3742 3080 καὶ

2167 3127 2611 3197 μεταϐεϐλῆσθαί
2656 3144 2787 3193 φατε
2820 3126 2953 3193 πρὸς
2982 3126 3126 3176 θεῖόν
3167 3141 3221 3176 τι
3255 3125 3389 3187 φῶς,
3419 3125 3553 3188 ὅπερ
3582 3124 3743 3189 ὑμεῖς

482 3238 585 3287 γου
614 3220 917 3289 διαπρέπον
938 3219 1241 3288 ἐμφέρειαν
1268 3220 1513 3290 μηδεμιᾷ
1541 3219 1650 3272 τῶν
1681 3222 1738 3273 ἐν
1770 3223 1833 3289 τῇ
1865 3220 2058 3287 Τριάδι
2083 3220 2128 3282 C
2162 3221 2372 3287 λέγετε,
2404 3219 2688 3289 ζητητέον,
2720 3219 2875 3284 φησὶ,
2903 3217 2955 3267 τί
3002 3218 3065 3268 ἂν
3096 3217 3179 3285 εἴη
3228 3215 3385 3267 τοῦτο
3422 3216 3481 3267 τὸ
3511 3216 3646 3283 φῶς,
3680 3215 3742 3267 τὸ

481 3311 789 3377 νοουμένων
826 3312 1345 3378 συμπαρυποστᾶσα
1373 3310 1470 3362 καὶ
1497 3312 1829 3379 συμφυείσα,
1861 3312 2060 3380 τετρὰς

483 3401 633 3470 αὑτῷ
659 3404 692 3471 ἡ
722 3399 895 3469 Τριᾶς
937 3399 1381 3453 ἀποτετέλεσται.

554 3495 662 3546 Kal
690 3492 856 3561 ὁρᾶτε
909 3492 985 3552 ὡς
1020 3490 1305 3561 φιλότιμος
1348 3491 1477 3560 περὶ
1517 3491 1618 3560 τὴν
1668 3489 1819 3542 θείαν
1872 3490 2059 3544 οὑσίαν

486 3583 743 3645 Εὐσέϐιος
772 3581 1065 3651 πληθύνων
1095 3579 1333 3648 ἀφθονίᾳ
1364 3580 1717 3632 ὑποστάσεων
1756 3581 1850 3631 καὶ
1881 3579 2060 3643 αὑξων

480 3677 549 3728 τὰ
578 3675 899 3743 ἀπλήθυντα
935 3673 1029 3725 καὶ
1056 3671 1329 3740 ἀμείωτα,
1361 3672 1457 3723 καὶ
1481 3671 1665 3739 πάσης
1690 3671 1789 3739 τῆς
1810 3671 2061 3722 ὁπωσοῦν

482 3768 726 3833 ὑφέσεως
773 3765 869 3817 καὶ
912 3762 1661 3830 πλεονασμοῦπαντάπασιν
1703 3762 2057 3814 ἀνεπίδεκτα.

484 3858 544 3909 El
572 3856 616 3908 δ’
645 3857 724 3916 εἰς
761 3853 858 3923 τὴν
887 3852 981 3905 τοῦ
1018 3853 1177 3919 λόγου
1230 3851 1560 3920 συγχυθεῖσα
1594 3851 1689 3905 καὶ
1715 3846 1827 3903 οἷον
1864 3869 2057 3903 συνου-

484 3946 741 3999 σιωθείσα
794 3943 1073 4014 παρῆλθεν
1126 3942 1450 4005 ὑπόστασιν,
1504 3942 1644 4009 μετὰ
1686 3942 1930 4003 πλείονος
1963 3943 2059 4008 τῆς

484 4041 909 4110 εὐγνωμοσύνης
942 4038 1267 4107 προσθήκην
1296 4038 1387 4088 καὶ
1414 4021 1647 4105 αὔξησιν
1677 4039 1744 4105 τῇ
1769 4036 1863 4088 τοῦ
1898 4036 2058 4102 λόγου

482 4137 619 4203 αὑτῇ
654 4133 872 4186 δίδωσιν
907 4131 1225 4192 ὑποστάσει,
1272 4129 1394 4199 ἥτις
1437 4129 1538 4181 οὑκ
1582 4130 1716 4197 άλλη
1774 4131 1926 4198 παρά
1961 4130 2059 4198 τὴν

482 4230 574 4281 τοῦ
603 4226 814 4295 Πατρὸς
838 4225 1027 4279 οὑσίαν
1044 4227 1108 4292 τῇ
1128 4223 1287 4290 φύσει
1312 4224 1450 4287 ἐστὶ,
1484 4221 1562 4290 τῷ
1594 4222 2057 4291 χαρακτηριστκῷ

482 4321 540 4374 ῑέ
579 4323 740 4389 μόνον
790 4319 889 4385 τῆς
928 4319 1193 4385 ἰδιότητος
1231 4316 1373 4368 κατά
1420 4315 1519 4383 τὴν
1570 4316 1822 4382 γέννησιν
1874 4314 2060 4383 διαφέ-

486 4428 675 4481 ρουσα.
711 4410 869 4463 Οὕτω
920 4410 1057 4480 πρὸς
1114 4411 1214 4475 τὴν
1247 4407 1579 4476 ὑπερπλήρη
1631 4408 1727 4460 καὶ
1783 4408 2061 4474 ἀπροσδεᾶ

483 4502 1053 4572 καταδαψιλευόμενος
1110 4500 1273 4568 φύσιν
1326 4500 1427 4569 τὴν
1478 4499 1675 4552 ἐαυτοῦ
1738 4489 1930 4565 σαφῶς
1970 4503 2061 4551 ἐκ·

483 4598 758 4666 πομπεύει
792 4598 1010 4666 μανίαν.

554 4693 716 4742 Ὥστε
754 4690 1007 4742 σύνθεσιν
1048 4692 1138 4741 ἐπὶ
1170 4690 1273 4758 τῆς
1322 4689 1801 4758 ὑπερηπλωμένης
1834 4688 1926 4765 καὶ
1955 4688 2057 4738 πά-

489 4800 583 4843 της
614 4782 916 4849 ἁπλότητος
942 4782 1270 4849 ὑπερέκεινα
1292 4780 1481 4841 οὑσίας
1513 4781 1750 4830 ἐπινοεῖν
1779 4770 1840 4840 ἐξ
1861 4772 1928 4847 ἦς
1961 4778 2054 4829 καὶ

482 4874 653 4935 τάθος
690 4874 748 4937 ἐξ
766 4873 1013 4940 ἀνάγκης
1044 4873 1234 4940 ἕψεται
1263 4872 1355 4923 ἐπὶ
1378 4872 1471 4939 τῆς
1496 4872 1770 4939 μακαρίας
1797 4873 1889 4923 καὶ
1916 4873 2057 4924 ἀπα-

480 4967 605 5029 θιῦς
634 4966 909 5027 θεότητος.
964 4965 1073 5016 Kal
1106 4964 1222 5035 μετ’
1272 4964 1460 5030 ὀλίγα·
1513 4962 1915 5036 ’Υπόλοιπονιδ
1963 4960 2056 5014 οὖν

479 5062 627 5111 ἐιτιν
662 5060 859 5120 εἰπεῖν,
910 5060 959 5109 εί
1001 5060 1266 5125 ποιότητα
1300 5056 1457 5109 τοῦτο
1505 5056 1797 5125 ἀσώματον
1831 5056 2055 5143 ῆάνρύ-

483 5170 598 5205 σ.ον
632 5150 776 5213 εἷπε,
806 5151 859 5204 τί
911 5152 1202 5221 συμϐαίνει
1226 5170 1237 5179 ’
1290 5146 1401 5205 οἷον
1439 5152 1740 5220 ἀπόρροιαν
1784 5168 1932 5212 τινος
1964 5153 2054 5202 οὑ-

484 5245 604 5307 σίας
640 5244 735 5295 καὶ
769 5243 1112 5311 ἀπαύγασμα
1149 5246 1226 5303 είς
1271 5244 1337 5313 ἣν
1370 5246 1403 5313 ἡ
1440 5244 1623 5313 μορφὴ
1656 5229 1840 5309 ἐκείνη
1890 5261 2028 5312 μετα

482 5336 763 5405 ϐέϐληται,
807 5336 924 5389 ἀλλ’
955 5336 1109 5389 οὐδὲν
1152 5332 1374 5406 ἦττονή
1416 5336 1609 5387 πασῶν
1657 5336 1862 5404 ἐσχάτη
1893 5335 2050 5402 ὗὸρις

480 5428 577 5480 καὶ
602 5428 799 5479 ἀτοπία
829 5426 907 5495 τῷ
934 5427 1061 5496 θείῳ
1092 5427 1547 5496 προστετρίψεται
1576 5426 1811 5493 σώματι.
1860 5428 2050 5495 Δωδή-

483 5536 637 5571 σαιτο
664 5519 771 5587 γὰρ
798 5520 860 5571 ἀν
889 5520 977 5571 τὸν
1011 5518 1103 5571 τοῦ
1136 5515 1272 5571 εἶναι
1299 5519 1476 5587 λόγον.
1507 5521 1613 5571 Καὶ
1640 5521 1809 5587 ταύτῃ
1838 5521 1897 5569 τὸ
1920 5520 2049 5591 ἀνύο

482 5627 729 5678 παρκτον
775 5609 1185 5679 εἰσαχθήσεται.
1216 5611 1423 5673 Ἀλλως
1455 5628 1513 5662 τε
1545 5611 1654 5662 οὐδ’
1696 5610 1870 5662 ἔνεστι
1905 5612 2047 5663 ποιό-

482 5719 617 5767 τητα
648 5702 1016 5769 ὑποκειμένου
1061 5703 1182 5771 δίχα
1218 5703 1339 5755 καθ’
1376 5705 1575 5770 ἑαυτὴν
1603 5705 1631 5756 ὅ
1680 5682 2056 5777 τιν’ποτέιέστι

482 5792 865 5863 ὀιτδειχθῆναι,
909 5795 1011 5847 κᾶν
1041 5795 1149 5847 τῶν
1182 5796 1456 5849 οὑσιωδῶν
1501 5796 1672 5865 αὐτὴν
1707 5753 1837 5869 είπῃ
1885 5815 1987 5861 τις,
2022 5799 2053 5867 ἢ

482 5884 576 5935 καὶ
608 5886 686 5937 εἰς
721 5888 904 5939 οὖς-ἔπη,
951 5888 1217 5941 ἀνάγεται
1282 5889 1366 5940 Ὠς
1396 5887 1439 5938 δ’
1484 5888 1571 5939 ἐπὶ
1610 5889 2053 5955 παραδείϊεατος

2162 3313 2314 3380 παρά
2340 3313 2434 3364 τὸν
2456 3311 2587 3362 Θεὸν
2622 3310 2680 3362 ὃν
2714 3308 2918 3360 καὶτὸν
2950 3307 3240 3375 ἄνθρωπον
3285 3308 3492 3374 ἕτερον.
3530 3309 3598 3358 Ἦ
3631 3307 3741 3377 γὰρ

2161 3404 2338 3466 οὐσία,
2365 3402 2521 3470 φησὶ,
2554 3401 2638 3461 τὶς
2662 3399 2836 3460 ἔσται,
2871 3400 2929 3450 ὲν
2962 3399 3069 3467 ίδίᾳ
3090 3397 3148 3449 ὃν
3185 3398 3505 3461 ὑποστάσει,
3538 3399 3633 3449 καὶ
3666 3400 3739 3464 μὴ

2160 3495 2415 3562 δεόμενον
2462 3493 2654 3561 ἐτέρου
2692 3491 2831 3560 πρὸς
2866 3490 3146 3553 σύστασιν,
3185 3488 3216 3556 ἢ
3253 3490 3474 3558 ποιότης
3517 3488 3745 3556 ἀσώμα-

2160 3601 2255 3646 τος
2281 3583 2372 3634 καὶ
2398 3582 2670 3643 άνούσιος,
2706 3583 2763 3632 ἐν
2792 3582 2940 3651 ἄλλῳ
2963 3580 3023 3631 τὸ
3052 3575 3195 3632 εἶναι
3228 3579 3450 3647 ἔχουσα.
3480 3576 3591 3631 Εἶτ’
3622 3581 3746 3629 ἐπι-

2162 3674 2464 3742 διαιρέσεσι
2501 3676 2695 3739 σοφαῖς
2741 3674 2837 3725 καὶ
2866 3673 3148 3740 λογισμοῖς
3197 3674 3292 3722 καὶ
3337 3673 3741 3738 πνευματικαῖς

2164 3767 2475 3830 ἀποδείξεσι
2524 3767 2872 3835 χρησάμενος
2914 3766 2942 3814 6
2989 3764 3170 3830 σοφὸς,
3222 3762 3473 3832 καθάπερ
3503 3762 3743 3830 ἠκούσα-

2166 3878 2289 3927 μεν,
2332 3859 2419 3911 διὰ
2454 3861 2551 3927 τῆς
2604 3858 2807 3911 ἄτοπόν
2843 3875 2901 3909 τε
2956 3857 3050 3909 καὶ
3094 3856 3355 3908 ἀδύνατον
3412 3855 3738 3921 ἀπαγωγῆς,

2162 3953 2307 4005 ’ἐωλα
2338 3951 2433 4002 καὶ
2459 3951 2632 4019 ψευδῆ
2662 3951 2755 4002 καὶ
2793 3950 2946 4002 οὐδὲν
2981 3950 3128 4013 ὑγιὲς
3171 3947 3330 4000 πάνθ’
3356 3946 3492 4014 ὁμοῦ
3533 3946 3601 3998 τά
3632 3946 3741 3998 τῶν

2164 4044 2459 4096 ἀντιθέτων
2491 4042 2763 4106 ἀπέδειξε.

2242 4134 2518 4187 Σκεπτέον
2547 4133 2592 4185 δ’
2624 4132 2749 4200 ἑξῆς
2792 4132 2858 4185 ἂν
2889 4131 2998 4201 εἴη,
3033 4133 3178 4193 τίνες
3210 4129 3277 4183 ἂν
3317 4125 3427 4183 εἶεν
3455 4130 3512 4182 οἵ
3536 4146 3598 4197 γε
3628 4129 3740 4189 τοῖς

2166 4226 2270 4279 τῶν
2317 4224 2618 4294 Ἀρειανῶν
2649 4225 2744 4276 καὶ
2766 4224 3152 4292 Εἰκονομάχων
3183 4222 3494 4291 ἐνεχόμενοι
3527 4220 3740 4283 τούτοις

2162 4320 2527 4387 ἐγκλήμασιν,
2587 4320 2616 4370 6
2666 4317 2944 4379 συνοδικδς
2999 4319 3165 4384 τόμος
3204 4316 3298 4366 καὶ
3336 4314 3384 4365 οί
3425 4313 3613 4365 τοῦτον
3644 4314 3740 4364 ἐκ·

2163 4412 2380 4478 θέμενοι
2436 4410 2762 4476 θεολογικῶς
2806 4426 2865 4459 τε
2904 4410 2999 4459 καὶ
3043 4406 3450 4469 ἀποστολικῶς,
3490 4405 3524 4471 ἢ
3571 4407 3599 4457 6
3636 4405 3737 4473 τὴν

2166 4510 2316 4575 ἱεράν
2345 4490 2585 4573 Χριστοῦ
2633 4504 2960 4571 Ἐκκλησίαν
2998 4502 3066 4555 τὰ
3114 4499 3341 4555 τοιαῦτα
3390 4500 3739 4568 γραφόμενος

2089 4568 2133 4623 D
2164 4568 2474 4667 Γρηγοράς.
2507 4599 2728 4664 Λεγέτω
2756 4568 3050 4665 τοιγαροῦν
3083 4596 3243 4655 αὑτὸς
3277 4594 3487 4653 ἐκεῖνος
3512 4591 3606 4643 καὶ
3639 4590 3739 4641 αῦ-

2162 4688 2245 4751 θις
2281 4688 2418 4753 ὀλίγ’
2451 4688 2590 4740 ἄττα
2629 4687 2738 4739 τῶν
2786 4687 2887 4756 ἤδη
2921 4688 3219 4754 ῥηθέντων.
3252 4685 3347 4737 καὶ
3392 4681 3656 4734 δεικνύτω
3686 4678 3739 4731 τί

2161 4780 2260 4847 μὲν
2290 4780 2339 4831 οἱ
2374 4780 2619 4849 Πατέρες
2648 4779 2733 4830 ἐπ’
2763 4779 2978 4846 ἐκείνης
3011 4775 3162 4831 εἷπον
3194 4779 3290 4846 τῆς
3332 4776 3484 4846 ἱερᾶς
3518 4772 3738 4826 συνόδου

2163 4873 2290 4939 περὶ
2321 4870 2417 4923 τοῦ
2454 4869 2630 4937 φωτὸς
2661 4869 2896 4937 Χριστοῦ
2943 4885 3085 4937 φημι
3124 4871 3339 4931 τούτου,
3367 4867 3419 4917 τί
3454 4866 3496 4916 δ’
3526 4858 3683 4923 αὖθις
3711 4864 3740 4915 ὁ

2158 4970 2449 5034 φιλόσοφος
2498 4965 2651 5025 οὗτος
2708 4966 2804 5015 σὺν
2856 4962 3121 5029 Βαρλαάμ
3174 4977 3231 5010 τε
3282 4960 3376 5014 καὶ
3418 4956 3733 5024 ’Λκινδύνῳ,

2155 5063 2268 5121 τοῖς
2318 5061 2485 5112 αὑτοῦ
2528 5051 2901 5123 καθηγηταῖς.
2959 5053 3299 5124 Προηνέχθη,
3359 5054 3523 5117 φησὶν
3571 5050 3626 5099 ἐν
3667 5048 3733 5116 τῇ

2155 5160 2391 5223 τετάρτῃ
2424 5150 2740 5203 συνελεύσει
2768 5149 3068 5218 Γρηγνὶριος
3101 5148 3128 5197 6
3156 5147 3252 5213 τῆς
3287 5143 3567 5208 θεολογίας
3598 5141 3735 5191 ἐπώ-

2157 5263 2323 5312 νυμος
2358 5244 2606 5312 γράφων,
2650 5242 2837 5302 Οὐδεὶς
2871 5242 2987 5290 ἔστι
3022 5242 3078 5289 ἐν
3129 5237 3479 5305 ὑποστήματι
3520 5235 3613 5285 καὶ
3647 5235 3730 5283 οὑ-

2158 5342 2246 5407 σίᾳ
2279 5339 2467 5405 Κυρὲῳ
2497 5337 2638 5388 κατά
2682 5337 2742 5387 τδ
2771 5334 3184 5402 γεγραμμένον,
3230 5330 3324 5383 καὶ
3377 5328 3566 5379 οὐσίαν
3599 5324 3736 5376 Θεοῦ

2156 5426 2424 5497 ἣεῖδενῆ
2475 5427 2828 5495 ἐξηγόρευσε.
2878 5426 2986 5476 Καὶ
3015 5425 3042 5475 ὁ
3096 5422 3253 5488 ἅγιος
3300 5436 3431 5487 φησι
3482 5416 3734 5483 Μάξιμος

2156 5520 2407 5587 γράφων,
2449 5518 2509 5569 Ὀ
2549 5521 2662 5578 τοῖς
2695 5518 2813 5570 οὖσι
2850 5520 2923 5587 μὴ
2959 5517 3080 5567 κατ’
3112 5516 3300 5567 οὐσίαν
3331 5514 3595 5579 ὑπάρχων
3636 5524 3732 5570 μευ

2158 5609 2368 5670 θεκτδς,
2410 5607 2527 5661 κατ’
2554 5608 2713 5661 ἄλλον)
2747 5609 2800 5660 δὲ
2832 5611 3035 5676 τρόπον
3070 5604 3396 5675 μετέχεσθαι
3427 5604 3540 5662 τοῖς
3566 5599 3711 5651 δυνα-

2164 5702 2345 5770 μένοις
2377 5700 2495 5769 βουλ
2509 5700 2697 5766 όμενο;
2726 5698 2816 5750 τοῦ
2840 5698 2958 5751 κατ’
2984 5699 3176 5751 οὐσίαν
3200 5695 3427 5765 κρυφίου
3455 5686 3733 5748 παντελῶς

2159 5795 2257 5845 οὑκ
2279 5792 2576 5856 ἐξίσταται.
2613 5792 2776 5844 Ὥστε
2802 5794 2898 5843 οὐκ
2918 5790 3076 5845 οὐσία
3097 5790 3231 5842 Θεοῦ
3255 5787 3428 5852 τὸτῆς
3453 5795 3731 5851 μεταμορ-

2164 5887 2384 5939 absim:
2417 5885 2507 5936 τοῦ
2542 5884 2777 5937 Χριστοῦ
2817 5885 2948 5938 φῶς.
2984 5882 3123 5936 (δῦτε
3153 5884 3261 5935 ἰ’ἀο
3287 5876 3457 5933 6οατὴ
3486 5872 3608 5927 οῐτε
3634 5886 3729 5928 μει
