  <div class='ocr_page' id='page_1' title='image "/cluster/home/n/w/nwhite01/storage/ocr_20150623/151/nnc1.0022106707/555.png"; bbox 0 0 4488 6444; ppageno 0'>
   <div class='ocr_carea' id='block_1_1' title="bbox 799 420 929 486">
    <p class='ocr_par' dir='ltr' id='par_1_1' title="bbox 799 420 929 486">
     <span class='ocr_line' id='line_1_1' title="bbox 799 420 929 486; baseline 0.038 -5"><span class='ocrx_word' id='word_1_1' title='bbox 799 420 929 486; x_wconf 77' lang='lat'><strong>1091</strong></span> 
     </span>
    </p>
   </div>
   <div class='ocr_carea' id='block_1_2' title="bbox 1801 419 2953 483">
    <p class='ocr_par' dir='ltr' id='par_1_2' title="bbox 1801 419 2953 483">
     <span class='ocr_line' id='line_1_2' title="bbox 1801 419 2953 483; baseline 0.001 -3"><span class='ocrx_word' id='word_1_2' title='bbox 1801 420 2233 483; x_wconf 71' lang='lat' dir='ltr'>PilILOTHEI</span> <span class='ocrx_word' id='word_1_3' title='bbox 2273 419 2383 481; x_wconf 71' lang='grc' dir='ltr'>(ΣΡ.</span> <span class='ocrx_word' id='word_1_4' title='bbox 2427 419 2953 481; x_wconf 66' lang='grc' dir='ltr'>ΡΑΤῐὶΙΑῐὶΟΗΑζ</span> 
     </span>
    </p>
   </div>
   <div class='ocr_carea' id='block_1_3' title="bbox 3916 422 4056 489">
    <p class='ocr_par' dir='ltr' id='par_1_3' title="bbox 3916 422 4056 489">
     <span class='ocr_line' id='line_1_3' title="bbox 3916 422 4056 489; baseline 0.029 -4"><span class='ocrx_word' id='word_1_5' title='bbox 3916 422 4056 489; x_wconf 78' lang='lat'><strong>1092</strong></span> 
     </span>
    </p>
   </div>
   <div class='ocr_carea' id='block_1_4' title="bbox 791 534 4055 608">
    <p class='ocr_par' dir='ltr' id='par_1_4' title="bbox 791 534 4055 608">
     <span class='ocr_line' id='line_1_4' title="bbox 791 534 4055 608; baseline -0.001 -18"><span class='ocrx_word' id='word_1_6' title='bbox 791 540 902 590; x_wconf 75' lang='grc' dir='ltr'>τονὶ</span> <span class='ocrx_word' id='word_1_7' title='bbox 929 536 1005 608; x_wconf 82' lang='grc' dir='ltr'>μὴ</span> <span class='ocrx_word' id='word_1_8' title='bbox 1040 534 1365 606; x_wconf 80' lang='grc' dir='ltr'>βούλωνται,</span> <span class='ocrx_word' id='word_1_9' title='bbox 1395 537 1488 589; x_wconf 74' lang='grc' dir='ltr'>καὶ</span> <span class='ocrx_word' id='word_1_10' title='bbox 1525 536 1631 605; x_wconf 78' lang='grc' dir='ltr'>πρὸ</span> <span class='ocrx_word' id='word_1_11' title='bbox 1658 540 1751 589; x_wconf 85' lang='grc' dir='ltr'>τοῦ</span> <span class='ocrx_word' id='word_1_12' title='bbox 1784 536 2044 606; x_wconf 79' lang='grc' dir='ltr'>αἰσθητοῦ</span> <span class='ocrx_word' id='word_1_13' title='bbox 2088 539 2184 589; x_wconf 67' lang='grc' dir='ltr'>καὶ</span> <span class='ocrx_word' id='word_1_14' title='bbox 2232 536 2375 603; x_wconf 76' lang='grc' dir='ltr'>ὑπὲρ</span> <span class='ocrx_word' id='word_1_15' title='bbox 2413 544 2453 599; x_wconf 70' lang='grc' dir='ltr'>Α</span> <span class='ocrx_word' id='word_1_16' title='bbox 2484 537 2709 603; x_wconf 77' lang='grc' dir='ltr'>πάντες</span> <span class='ocrx_word' id='word_1_17' title='bbox 2749 536 3070 605; x_wconf 71' lang='grc' dir='ltr'>ἐλάϐομεν,</span> <span class='ocrx_word' id='word_1_18' title='bbox 3119 536 3147 586; x_wconf 89' lang='lat'>0</span> <span class='ocrx_word' id='word_1_19' title='bbox 3188 534 3511 597; x_wconf 79' lang='grc' dir='ltr'>διδάσκαλος</span> <span class='ocrx_word' id='word_1_20' title='bbox 3553 535 3942 601; x_wconf 79' lang='grc' dir='ltr'>ἀναπτύσσων,</span> <span class='ocrx_word' id='word_1_21' title='bbox 3980 539 4055 589; x_wconf 71' lang='grc' dir='ltr'><strong>Οὐ</strong></span> 
     </span>
    </p>
   </div>
   <div class='ocr_carea' id='block_1_5' title="bbox 789 628 2368 699">
    <p class='ocr_par' dir='ltr' id='par_1_5' title="bbox 789 628 2368 699">
     <span class='ocr_line' id='line_1_5' title="bbox 789 628 2368 699; baseline -0.002 -17"><span class='ocrx_word' id='word_1_22' title='bbox 789 634 881 683; x_wconf 82' lang='grc' dir='ltr'>τὸν</span> <span class='ocrx_word' id='word_1_23' title='bbox 912 630 1171 697; x_wconf 71' lang='grc' dir='ltr'>αἰσθητόν</span> <span class='ocrx_word' id='word_1_24' title='bbox 1196 647 1253 682; x_wconf 94' lang='grc' dir='ltr'>τε</span> <span class='ocrx_word' id='word_1_25' title='bbox 1284 631 1378 682; x_wconf 67' lang='grc' dir='ltr'>καὶ</span> <span class='ocrx_word' id='word_1_26' title='bbox 1404 628 1595 699; x_wconf 81' lang='grc' dir='ltr'>νοητὸν</span> <span class='ocrx_word' id='word_1_27' title='bbox 1624 629 1913 698; x_wconf 82' lang='grc' dir='ltr'>ξύμπαντα</span> <span class='ocrx_word' id='word_1_28' title='bbox 1936 631 2144 698; x_wconf 86' lang='grc' dir='ltr'>κόσμον</span> <span class='ocrx_word' id='word_1_29' title='bbox 2163 628 2244 691; x_wconf 83' lang='grc' dir='ltr'>ὃν,</span> <span class='ocrx_word' id='word_1_30' title='bbox 2273 631 2368 685; x_wconf 75' lang='grc' dir='ltr'>καὶ</span> 
     </span>
    </p>
   </div>
   <div class='ocr_carea' id='block_1_6' title="bbox 791 720 2370 791">
    <p class='ocr_par' dir='ltr' id='par_1_6' title="bbox 791 720 2370 791">
     <span class='ocr_line' id='line_1_6' title="bbox 791 720 2370 791; baseline -0.003 -15"><span class='ocrx_word' id='word_1_31' title='bbox 791 724 971 791; x_wconf 85' lang='grc' dir='ltr'>πάσης</span> <span class='ocrx_word' id='word_1_32' title='bbox 1003 722 1334 791; x_wconf 83' lang='grc' dir='ltr'>φωτιστικδν</span> <span class='ocrx_word' id='word_1_33' title='bbox 1377 722 1605 791; x_wconf 80' lang='grc' dir='ltr'>λογικῆς</span> <span class='ocrx_word' id='word_1_34' title='bbox 1641 720 1877 789; x_wconf 79' lang='grc' dir='ltr'>φύσεως,</span> <span class='ocrx_word' id='word_1_35' title='bbox 1914 720 2172 790; x_wconf 89' lang='grc' dir='ltr'>καθάπερ</span> <span class='ocrx_word' id='word_1_36' title='bbox 2203 720 2370 790; x_wconf 70' lang='grc' dir='ltr'>ἠκου-</span> 
     </span>
    </p>
   </div>
   <div class='ocr_carea' id='block_1_7' title="bbox 791 813 2365 884">
    <p class='ocr_par' dir='ltr' id='par_1_7' title="bbox 791 813 2365 884">
     <span class='ocr_line' id='line_1_7' title="bbox 791 813 2365 884; baseline 0.001 -19"><span class='ocrx_word' id='word_1_37' title='bbox 791 832 912 879; x_wconf 88' lang='grc' dir='ltr'>σας,</span> <span class='ocrx_word' id='word_1_38' title='bbox 943 816 1101 867; x_wconf 85' lang='grc' dir='ltr'>τοῦτο</span> <span class='ocrx_word' id='word_1_39' title='bbox 1132 817 1192 866; x_wconf 82' lang='grc' dir='ltr'>ἐν</span> <span class='ocrx_word' id='word_1_40' title='bbox 1224 816 1435 884; x_wconf 79' lang='grc' dir='ltr'>νοητοῖς</span> <span class='ocrx_word' id='word_1_41' title='bbox 1471 814 1550 875; x_wconf 81' lang='grc' dir='ltr'>ὃν,</span> <span class='ocrx_word' id='word_1_42' title='bbox 1585 816 1725 883; x_wconf 83' lang='grc' dir='ltr'>ὅπερ</span> <span class='ocrx_word' id='word_1_43' title='bbox 1778 814 1837 865; x_wconf 79' lang='grc' dir='ltr'>ἒν</span> <span class='ocrx_word' id='word_1_44' title='bbox 1878 813 2156 882; x_wconf 80' lang='grc' dir='ltr'>αἰσθητοῖς</span> <span class='ocrx_word' id='word_1_45' title='bbox 2193 813 2365 879; x_wconf 78' lang='grc' dir='ltr'>ἥλιος.</span> 
     </span>
    </p>
   </div>
   <div class='ocr_carea' id='block_1_8' title="bbox 787 904 2369 974">
    <p class='ocr_par' dir='ltr' id='par_1_8' title="bbox 787 904 2369 974">
     <span class='ocr_line' id='line_1_8' title="bbox 787 904 2369 974; baseline -0.003 -16"><span class='ocrx_word' id='word_1_46' title='bbox 787 905 854 959; x_wconf 89' lang='grc' dir='ltr'>Τί</span> <span class='ocrx_word' id='word_1_47' title='bbox 909 907 1015 972; x_wconf 86' lang='grc' dir='ltr'>γὰρ</span> <span class='ocrx_word' id='word_1_48' title='bbox 1050 907 1181 969; x_wconf 78' lang='grc' dir='ltr'>ἔδει,</span> <span class='ocrx_word' id='word_1_49' title='bbox 1234 906 1391 974; x_wconf 72' lang='grc' dir='ltr'>φησὶ,</span> <span class='ocrx_word' id='word_1_50' title='bbox 1439 905 1697 974; x_wconf 79' lang='grc' dir='ltr'>δευτέρου</span> <span class='ocrx_word' id='word_1_51' title='bbox 1727 904 1928 972; x_wconf 76' lang='grc' dir='ltr'>φωτὸς,</span> <span class='ocrx_word' id='word_1_52' title='bbox 1977 905 2256 956; x_wconf 81' lang='grc' dir='ltr'>τουτέστιν</span> <span class='ocrx_word' id='word_1_53' title='bbox 2286 904 2369 957; x_wconf 81' lang='grc' dir='ltr'>ἀί-</span> 
     </span>
    </p>
   </div>
   <div class='ocr_carea' id='block_1_9' title="bbox 790 994 2368 1066">
    <p class='ocr_par' dir='ltr' id='par_1_9' title="bbox 790 994 2368 1066">
     <span class='ocr_line' id='line_1_9' title="bbox 790 994 2368 1066; baseline -0.002 -18"><span class='ocrx_word' id='word_1_54' title='bbox 790 997 987 1066; x_wconf 83' lang='grc' dir='ltr'>σθητοῦ</span> <span class='ocrx_word' id='word_1_55' title='bbox 1013 998 1123 1058; x_wconf 83' lang='grc' dir='ltr'>τοῖς</span> <span class='ocrx_word' id='word_1_56' title='bbox 1151 994 1219 1049; x_wconf 74' lang='grc' dir='ltr'>τὸ</span> <span class='ocrx_word' id='word_1_57' title='bbox 1264 998 1521 1065; x_wconf 84' lang='grc' dir='ltr'>μέγιστον</span> <span class='ocrx_word' id='word_1_58' title='bbox 1573 996 1791 1065; x_wconf 72' lang='grc' dir='ltr'>ἔχουσις</span> <span class='ocrx_word' id='word_1_59' title='bbox 1833 996 1896 1046; x_wconf 89' lang='grc' dir='ltr'>Τί</span> <span class='ocrx_word' id='word_1_60' title='bbox 1929 995 2021 1048; x_wconf 80' lang='grc' dir='ltr'>οῦν</span> <span class='ocrx_word' id='word_1_61' title='bbox 2053 997 2170 1046; x_wconf 69' lang='grc' dir='ltr'>ιεστι</span> <span class='ocrx_word' id='word_1_62' title='bbox 2208 994 2368 1045; x_wconf 89' lang='grc' dir='ltr'>τοῦτο</span> 
     </span>
    </p>
   </div>
   <div class='ocr_carea' id='block_1_10' title="bbox 786 1083 2368 1158">
    <p class='ocr_par' dir='ltr' id='par_1_10' title="bbox 786 1083 2368 1158">
     <span class='ocr_line' id='line_1_10' title="bbox 786 1083 2368 1158; baseline -0.001 -19"><span class='ocrx_word' id='word_1_63' title='bbox 786 1090 847 1140; x_wconf 82' lang='grc' dir='ltr'>τὸ</span> <span class='ocrx_word' id='word_1_64' title='bbox 879 1089 1016 1155; x_wconf 86' lang='grc' dir='ltr'>φῶς.</span> <span class='ocrx_word' id='word_1_65' title='bbox 1044 1083 1088 1139; x_wconf 84' lang='grc' dir='ltr'>ὧ</span> <span class='ocrx_word' id='word_1_66' title='bbox 1124 1090 1376 1158; x_wconf 75' lang='grc' dir='ltr'>φιλόσοφε</span> <span class='ocrx_word' id='word_1_67' title='bbox 1404 1106 1419 1153; x_wconf 90' lang='grc'>;</span> <span class='ocrx_word' id='word_1_68' title='bbox 1463 1089 1885 1158; x_wconf 70' lang='grc' dir='ltr'>προσερήσομαι</span> <span class='ocrx_word' id='word_1_69' title='bbox 1918 1087 2048 1156; x_wconf 86' lang='grc' dir='ltr'>γάρ.</span> <span class='ocrx_word' id='word_1_70' title='bbox 2098 1086 2368 1153; x_wconf 74' lang='grc' dir='ltr'>Αίσθητὸν</span> 
     </span>
    </p>
   </div>
   <div class='ocr_carea' id='block_1_11' title="bbox 792 1176 2362 1249">
    <p class='ocr_par' dir='ltr' id='par_1_11' title="bbox 792 1176 2362 1249">
     <span class='ocr_line' id='line_1_11' title="bbox 792 1176 2362 1249; baseline -0.003 -18"><span class='ocrx_word' id='word_1_71' title='bbox 792 1179 891 1248; x_wconf 77' lang='grc' dir='ltr'>μὲν</span> <span class='ocrx_word' id='word_1_72' title='bbox 911 1179 1003 1231; x_wconf 76' lang='grc' dir='ltr'>οὖν</span> <span class='ocrx_word' id='word_1_73' title='bbox 1033 1180 1130 1231; x_wconf 81' lang='grc' dir='ltr'>οὐκ</span> <span class='ocrx_word' id='word_1_74' title='bbox 1155 1178 1220 1231; x_wconf 82' lang='grc' dir='ltr'>ἂν</span> <span class='ocrx_word' id='word_1_75' title='bbox 1245 1180 1391 1249; x_wconf 76' lang='grc' dir='ltr'>ἔχοις</span> <span class='ocrx_word' id='word_1_76' title='bbox 1420 1181 1616 1239; x_wconf 81' lang='grc' dir='ltr'>εἰπεῖν,</span> <span class='ocrx_word' id='word_1_77' title='bbox 1652 1180 1712 1230; x_wconf 90' lang='lat'>10</span> <span class='ocrx_word' id='word_1_78' title='bbox 1734 1178 1840 1248; x_wconf 84' lang='grc' dir='ltr'>πρὸ</span> <span class='ocrx_word' id='word_1_79' title='bbox 1873 1176 1968 1229; x_wconf 89' lang='grc' dir='ltr'>τοῦ</span> <span class='ocrx_word' id='word_1_80' title='bbox 2008 1176 2274 1244; x_wconf 73' lang='grc' dir='ltr'>αἰσθητοῦ</span> <span class='ocrx_word' id='word_1_81' title='bbox 2302 1193 2362 1227; x_wconf 85' lang='grc' dir='ltr'>τε</span> 
     </span>
    </p>
   </div>
   <div class='ocr_carea' id='block_1_12' title="bbox 791 1268 2368 1339">
    <p class='ocr_par' dir='ltr' id='par_1_12' title="bbox 791 1268 2368 1339">
     <span class='ocr_line' id='line_1_12' title="bbox 791 1268 2368 1339; baseline 0 -18"><span class='ocrx_word' id='word_1_82' title='bbox 791 1274 883 1321; x_wconf 76' lang='grc' dir='ltr'>καὶ</span> <span class='ocrx_word' id='word_1_83' title='bbox 916 1270 1106 1337; x_wconf 82' lang='grc' dir='ltr'>νοητοῦ</span> <span class='ocrx_word' id='word_1_84' title='bbox 1149 1272 1360 1339; x_wconf 79' lang='grc' dir='ltr'>κόσμου</span> <span class='ocrx_word' id='word_1_85' title='bbox 1394 1270 1596 1331; x_wconf 86' lang='grc' dir='ltr'>παντὸς</span> <span class='ocrx_word' id='word_1_86' title='bbox 1631 1268 1715 1333; x_wconf 81' lang='grc' dir='ltr'>ὃν,</span> <span class='ocrx_word' id='word_1_87' title='bbox 1749 1269 1864 1323; x_wconf 85' lang='grc' dir='ltr'>ἀλλ’</span> <span class='ocrx_word' id='word_1_88' title='bbox 1911 1270 2034 1322; x_wconf 79' lang='grc' dir='ltr'>οὐδὲ</span> <span class='ocrx_word' id='word_1_89' title='bbox 2077 1270 2271 1337; x_wconf 73' lang='grc' dir='ltr'>νοητὸν</span> <span class='ocrx_word' id='word_1_90' title='bbox 2306 1271 2368 1321; x_wconf 84' lang='grc' dir='ltr'>ὰ-</span> 
     </span>
    </p>
   </div>
   <div class='ocr_carea' id='block_1_13' title="bbox 789 1361 2367 1433">
    <p class='ocr_par' dir='ltr' id='par_1_13' title="bbox 789 1361 2367 1433">
     <span class='ocr_line' id='line_1_13' title="bbox 789 1361 2367 1433; baseline 0 -20"><span class='ocrx_word' id='word_1_91' title='bbox 789 1362 961 1424; x_wconf 86' lang='grc' dir='ltr'>πλῶς.</span> <span class='ocrx_word' id='word_1_92' title='bbox 1009 1362 1147 1415; x_wconf 82' lang='grc' dir='ltr'>Οῠτε</span> <span class='ocrx_word' id='word_1_93' title='bbox 1197 1363 1341 1430; x_wconf 86' lang='grc' dir='ltr'>λόγῳ</span> <span class='ocrx_word' id='word_1_94' title='bbox 1377 1362 1470 1415; x_wconf 68' lang='grc' dir='ltr'>καὶ</span> <span class='ocrx_word' id='word_1_95' title='bbox 1507 1362 1640 1433; x_wconf 84' lang='grc' dir='ltr'>γὰρ,</span> <span class='ocrx_word' id='word_1_96' title='bbox 1696 1363 1852 1431; x_wconf 79' lang='grc' dir='ltr'>φησὶ,</span> <span class='ocrx_word' id='word_1_97' title='bbox 1888 1361 2071 1430; x_wconf 79' lang='grc' dir='ltr'>ῥητὸν,</span> <span class='ocrx_word' id='word_1_98' title='bbox 2115 1361 2239 1414; x_wconf 79' lang='grc' dir='ltr'>οὕτε</span> <span class='ocrx_word' id='word_1_99' title='bbox 2291 1362 2367 1427; x_wconf 86' lang='grc' dir='ltr'>νῷ</span> 
     </span>
    </p>
   </div>
   <div class='ocr_carea' id='block_1_14' title="bbox 787 1456 2369 1528">
    <p class='ocr_par' dir='ltr' id='par_1_14' title="bbox 787 1456 2369 1528">
     <span class='ocr_line' id='line_1_14' title="bbox 787 1456 2369 1528; baseline -0.001 -17"><span class='ocrx_word' id='word_1_100' title='bbox 787 1456 1156 1521; x_wconf 80' lang='grc' dir='ltr'>καταληπτόν.</span> <span class='ocrx_word' id='word_1_101' title='bbox 1187 1458 1310 1520; x_wconf 88' lang='grc' dir='ltr'>Πῶς</span> <span class='ocrx_word' id='word_1_102' title='bbox 1337 1457 1431 1511; x_wconf 76' lang='grc' dir='ltr'>οὖν</span> <span class='ocrx_word' id='word_1_103' title='bbox 1458 1457 1645 1520; x_wconf 68' lang='grc' dir='ltr'>ἁπλῶς</span> <span class='ocrx_word' id='word_1_104' title='bbox 1680 1458 1747 1511; x_wconf 85' lang='grc' dir='ltr'>ἂν</span> <span class='ocrx_word' id='word_1_105' title='bbox 1774 1458 1859 1526; x_wconf 85' lang='grc' dir='ltr'>εῐη</span> <span class='ocrx_word' id='word_1_106' title='bbox 1890 1458 2083 1528; x_wconf 80' lang='grc' dir='ltr'>νοητὸν</span> <span class='ocrx_word' id='word_1_107' title='bbox 2112 1458 2173 1510; x_wconf 85' lang='lat'>10</span> <span class='ocrx_word' id='word_1_108' title='bbox 2195 1457 2369 1528; x_wconf 78' lang='grc' dir='ltr'>ἀρῤη-</span> 
     </span>
    </p>
   </div>
   <div class='ocr_carea' id='block_1_15' title="bbox 726 1536 1554 1621">
    <p class='ocr_par' dir='ltr' id='par_1_15' title="bbox 785 1554 1554 1621">
     <span class='ocr_line' id='line_1_15' title="bbox 785 1554 1554 1621; baseline -0.003 -15"><span class='ocrx_word' id='word_1_109' title='bbox 785 1556 878 1606; x_wconf 81' lang='grc' dir='ltr'>τόν</span> <span class='ocrx_word' id='word_1_110' title='bbox 903 1571 961 1606; x_wconf 91' lang='grc' dir='ltr'>τε</span> <span class='ocrx_word' id='word_1_111' title='bbox 998 1555 1093 1605; x_wconf 69' lang='grc' dir='ltr'>καὶ</span> <span class='ocrx_word' id='word_1_112' title='bbox 1135 1554 1554 1621; x_wconf 82' lang='grc' dir='ltr'>ἀκατάληπτον;</span> 
     </span>
    </p>
   </div>
   <div class='ocr_carea' id='block_1_16' title="bbox 870 1683 2366 1755">
    <p class='ocr_par' dir='ltr' id='par_1_16' title="bbox 870 1683 2366 1755">
     <span class='ocr_line' id='line_1_16' title="bbox 870 1683 2366 1755; baseline 0.002 -21"><span class='ocrx_word' id='word_1_113' title='bbox 870 1685 1024 1735; x_wconf 74' lang='grc' dir='ltr'>Ἐπεὶ</span> <span class='ocrx_word' id='word_1_114' title='bbox 1065 1683 1194 1750; x_wconf 89' lang='grc' dir='ltr'>γοῦν</span> <span class='ocrx_word' id='word_1_115' title='bbox 1240 1688 1267 1737; x_wconf 83' lang='lat'>0</span> <span class='ocrx_word' id='word_1_116' title='bbox 1300 1684 1433 1749; x_wconf 84' lang='grc' dir='ltr'>Θεός</span> <span class='ocrx_word' id='word_1_117' title='bbox 1464 1687 1581 1738; x_wconf 72' lang='grc' dir='ltr'>ἐστι</span> <span class='ocrx_word' id='word_1_118' title='bbox 1628 1686 1787 1740; x_wconf 87' lang='grc' dir='ltr'>τοῦτο</span> <span class='ocrx_word' id='word_1_119' title='bbox 1817 1686 1877 1739; x_wconf 90' lang='lat'>10</span> <span class='ocrx_word' id='word_1_120' title='bbox 1918 1686 2053 1755; x_wconf 86' lang='grc' dir='ltr'>φῶς,</span> <span class='ocrx_word' id='word_1_121' title='bbox 2100 1690 2194 1741; x_wconf 74' lang='grc' dir='ltr'>καὶ</span> <span class='ocrx_word' id='word_1_122' title='bbox 2228 1686 2366 1738; x_wconf 86' lang='grc' dir='ltr'>κατά</span> 
     </span>
    </p>
   </div>
   <div class='ocr_carea' id='block_1_17' title="bbox 785 1776 2367 1856">
    <p class='ocr_par' dir='ltr' id='par_1_17' title="bbox 785 1776 2367 1856">
     <span class='ocr_line' id='line_1_17' title="bbox 785 1776 2367 1856; baseline 0.001 -29"><span class='ocrx_word' id='word_1_123' title='bbox 785 1776 975 1828; x_wconf 81' lang='grc' dir='ltr'>τοῦτον</span> <span class='ocrx_word' id='word_1_124' title='bbox 1032 1779 1135 1829; x_wconf 88' lang='grc' dir='ltr'>τὸν</span> <span class='ocrx_word' id='word_1_125' title='bbox 1177 1776 1451 1856; x_wconf 88' lang='grc' dir='ltr'>θεολόγον,</span> <span class='ocrx_word' id='word_1_126' title='bbox 1489 1778 1623 1840; x_wconf 87' lang='grc' dir='ltr'>Θεός</span> <span class='ocrx_word' id='word_1_127' title='bbox 1663 1780 1777 1830; x_wconf 80' lang='grc' dir='ltr'>ἐστι</span> <span class='ocrx_word' id='word_1_128' title='bbox 1817 1780 1932 1845; x_wconf 88' lang='grc' dir='ltr'>φῶς</span> <span class='ocrx_word' id='word_1_129' title='bbox 1965 1780 2025 1831; x_wconf 78' lang='lat'>10</span> <span class='ocrx_word' id='word_1_130' title='bbox 2073 1778 2367 1845; x_wconf 83' lang='grc' dir='ltr'>ἀπρόσιτον</span> 
     </span>
    </p>
   </div>
   <div class='ocr_carea' id='block_1_18' title="bbox 787 1869 2442 1950">
    <p class='ocr_par' dir='ltr' id='par_1_18' title="bbox 787 1869 2442 1950">
     <span class='ocr_line' id='line_1_18' title="bbox 787 1869 2442 1950; baseline 0 -29"><span class='ocrx_word' id='word_1_131' title='bbox 787 1872 880 1921; x_wconf 67' lang='grc' dir='ltr'>καὶ</span> <span class='ocrx_word' id='word_1_132' title='bbox 910 1869 1242 1937; x_wconf 83' lang='grc' dir='ltr'>ἀκρότατον.</span> <span class='ocrx_word' id='word_1_133' title='bbox 1274 1870 1454 1937; x_wconf 80' lang='grc' dir='ltr'>ῥητῶς</span> <span class='ocrx_word' id='word_1_134' title='bbox 1489 1870 1618 1936; x_wconf 74' lang='grc' dir='ltr'>περὶ</span> <span class='ocrx_word' id='word_1_135' title='bbox 1650 1870 1842 1922; x_wconf 90' lang='grc' dir='ltr'>τούτου</span> <span class='ocrx_word' id='word_1_136' title='bbox 1874 1870 2124 1936; x_wconf 84' lang='grc' dir='ltr'>λέγοντα,</span> <span class='ocrx_word' id='word_1_137' title='bbox 2156 1872 2249 1923; x_wconf 70' lang='grc' dir='ltr'>καὶ</span> <span class='ocrx_word' id='word_1_138' title='bbox 2284 1872 2366 1922; x_wconf 81' lang='grc' dir='ltr'>ὃτι</span> <span class='ocrx_word' id='word_1_139' title='bbox 2403 1894 2442 1950; x_wconf 69' lang='grc' dir='ltr'><strong>Β</strong></span> 
     </span>
    </p>
   </div>
   <div class='ocr_carea' id='block_1_19' title="bbox 787 1962 2364 2029">
    <p class='ocr_par' dir='ltr' id='par_1_19' title="bbox 787 1962 2364 2029">
     <span class='ocr_line' id='line_1_19' title="bbox 787 1962 2364 2029; baseline 0.003 -18"><span class='ocrx_word' id='word_1_140' title='bbox 787 1964 901 2014; x_wconf 75' lang='grc' dir='ltr'>τοῖς</span> <span class='ocrx_word' id='word_1_141' title='bbox 930 1962 1120 2022; x_wconf 75' lang='grc' dir='ltr'>ἀϊδίοις</span> <span class='ocrx_word' id='word_1_142' title='bbox 1151 1963 1309 2023; x_wconf 83' lang='grc' dir='ltr'>αὐτός</span> <span class='ocrx_word' id='word_1_143' title='bbox 1365 1963 1481 2013; x_wconf 75' lang='grc' dir='ltr'>ἐστι</span> <span class='ocrx_word' id='word_1_144' title='bbox 1531 1962 1669 2029; x_wconf 84' lang='grc' dir='ltr'>φῶς,</span> <span class='ocrx_word' id='word_1_145' title='bbox 1715 1964 1808 2014; x_wconf 67' lang='grc' dir='ltr'>καὶ</span> <span class='ocrx_word' id='word_1_146' title='bbox 1853 1965 1953 2015; x_wconf 83' lang='grc' dir='ltr'>οὐκ</span> <span class='ocrx_word' id='word_1_147' title='bbox 1999 1962 2149 2023; x_wconf 79' lang='grc' dir='ltr'>ἄλλο.</span> <span class='ocrx_word' id='word_1_148' title='bbox 2180 1964 2364 2028; x_wconf 87' lang='grc' dir='ltr'>τίγάρ</span> 
     </span>
    </p>
   </div>
   <div class='ocr_carea' id='block_1_20' title="bbox 787 2047 2361 2119">
    <p class='ocr_par' dir='ltr' id='par_1_20' title="bbox 787 2047 2361 2119">
     <span class='ocr_line' id='line_1_20' title="bbox 787 2047 2361 2119; baseline 0.003 -22"><span class='ocrx_word' id='word_1_149' title='bbox 787 2048 895 2098; x_wconf 72' lang='grc' dir='ltr'>ἔδει</span> <span class='ocrx_word' id='word_1_150' title='bbox 925 2048 1101 2113; x_wconf 64' lang='grc' dir='ltr'>φωτός</span> <span class='ocrx_word' id='word_1_151' title='bbox 1128 2047 1389 2117; x_wconf 76' lang='grc' dir='ltr'>δευτέρου</span> <span class='ocrx_word' id='word_1_152' title='bbox 1438 2051 1553 2110; x_wconf 84' lang='grc' dir='ltr'>τοῖς</span> <span class='ocrx_word' id='word_1_153' title='bbox 1587 2049 1648 2100; x_wconf 87' lang='lat'>10</span> <span class='ocrx_word' id='word_1_154' title='bbox 1698 2052 1958 2119; x_wconf 85' lang='grc' dir='ltr'>μέγιστον</span> <span class='ocrx_word' id='word_1_155' title='bbox 1992 2052 2210 2119; x_wconf 76' lang='grc' dir='ltr'>ἔχουσι;</span> <span class='ocrx_word' id='word_1_156' title='bbox 2252 2050 2361 2103; x_wconf 85' lang='grc' dir='ltr'>τῶν</span> 
     </span>
    </p>
   </div>
   <div class='ocr_carea' id='block_1_21' title="bbox 786 2142 2362 2211">
    <p class='ocr_par' dir='ltr' id='par_1_21' title="bbox 786 2142 2362 2211">
     <span class='ocr_line' id='line_1_21' title="bbox 786 2142 2362 2211; baseline 0.003 -20"><span class='ocrx_word' id='word_1_157' title='bbox 786 2142 1028 2192; x_wconf 79' lang='grc' dir='ltr'>κτιστῶν</span> <span class='ocrx_word' id='word_1_158' title='bbox 1060 2142 1118 2204; x_wconf 77' lang='grc' dir='ltr'>ἐξ</span> <span class='ocrx_word' id='word_1_159' title='bbox 1142 2142 1385 2210; x_wconf 78' lang='grc' dir='ltr'>ἀνάγκης</span> <span class='ocrx_word' id='word_1_160' title='bbox 1419 2144 1520 2210; x_wconf 79' lang='grc' dir='ltr'>οὐκ</span> <span class='ocrx_word' id='word_1_161' title='bbox 1558 2142 1728 2195; x_wconf 76' lang='grc' dir='ltr'>ἐστιν.</span> <span class='ocrx_word' id='word_1_162' title='bbox 1775 2143 1916 2194; x_wconf 79' lang='grc' dir='ltr'>Ἀλλ’</span> <span class='ocrx_word' id='word_1_163' title='bbox 1947 2146 1978 2211; x_wconf 86' lang='grc' dir='ltr'>ή</span> <span class='ocrx_word' id='word_1_164' title='bbox 2011 2145 2169 2196; x_wconf 84' lang='grc' dir='ltr'>οὐσία</span> <span class='ocrx_word' id='word_1_165' title='bbox 2202 2144 2362 2196; x_wconf 88' lang='grc' dir='ltr'>τοῦτό</span> 
     </span>
    </p>
   </div>
   <div class='ocr_carea' id='block_1_22' title="bbox 787 2233 2366 2304">
    <p class='ocr_par' dir='ltr' id='par_1_22' title="bbox 787 2233 2366 2304">
     <span class='ocr_line' id='line_1_22' title="bbox 787 2233 2366 2304; baseline 0.002 -19"><span class='ocrx_word' id='word_1_166' title='bbox 787 2235 905 2285; x_wconf 76' lang='grc' dir='ltr'>ἐστι</span> <span class='ocrx_word' id='word_1_167' title='bbox 936 2233 1030 2283; x_wconf 88' lang='grc' dir='ltr'>τοῦ</span> <span class='ocrx_word' id='word_1_168' title='bbox 1059 2233 1197 2285; x_wconf 87' lang='grc' dir='ltr'>Θεοῦ</span> <span class='ocrx_word' id='word_1_169' title='bbox 1228 2234 1386 2295; x_wconf 50' lang='lat' dir='ltr'>{Kal</span> <span class='ocrx_word' id='word_1_170' title='bbox 1416 2233 1538 2296; x_wconf 90' lang='grc' dir='ltr'>πῶς</span> <span class='ocrx_word' id='word_1_171' title='bbox 1579 2234 1639 2285; x_wconf 90' lang='lat'>10</span> <span class='ocrx_word' id='word_1_172' title='bbox 1665 2236 1779 2292; x_wconf 87' lang='grc' dir='ltr'>τοῖς</span> <span class='ocrx_word' id='word_1_173' title='bbox 1828 2235 2246 2304; x_wconf 84' lang='grc' dir='ltr'>καθαιρομένοις</span> <span class='ocrx_word' id='word_1_174' title='bbox 2273 2237 2366 2288; x_wconf 75' lang='grc' dir='ltr'>καὶ</span> 
     </span>
    </p>
   </div>
   <div class='ocr_carea' id='block_1_23' title="bbox 788 2322 2360 2394">
    <p class='ocr_par' dir='ltr' id='par_1_23' title="bbox 788 2322 2360 2394">
     <span class='ocr_line' id='line_1_23' title="bbox 788 2322 2360 2394; baseline -0.001 -15"><span class='ocrx_word' id='word_1_175' title='bbox 788 2324 1065 2390; x_wconf 81' lang='grc' dir='ltr'>ἀγαπῶσι,</span> <span class='ocrx_word' id='word_1_176' title='bbox 1116 2325 1255 2378; x_wconf 86' lang='grc' dir='ltr'>κατά</span> <span class='ocrx_word' id='word_1_177' title='bbox 1319 2326 1512 2379; x_wconf 86' lang='grc' dir='ltr'>τοῦτον</span> <span class='ocrx_word' id='word_1_178' title='bbox 1543 2322 1699 2388; x_wconf 83' lang='grc' dir='ltr'>αὖθις</span> <span class='ocrx_word' id='word_1_179' title='bbox 1756 2328 1925 2393; x_wconf 82' lang='grc' dir='ltr'>φάναι</span> <span class='ocrx_word' id='word_1_180' title='bbox 1966 2328 2056 2379; x_wconf 80' lang='grc' dir='ltr'>τὸν</span> <span class='ocrx_word' id='word_1_181' title='bbox 2088 2328 2360 2394; x_wconf 75' lang='grc' dir='ltr'>θεολόγον,</span> 
     </span>
    </p>
   </div>
   <div class='ocr_carea' id='block_1_24' title="bbox 789 2417 2366 2486">
    <p class='ocr_par' dir='ltr' id='par_1_24' title="bbox 789 2417 2366 2486">
     <span class='ocr_line' id='line_1_24' title="bbox 789 2417 2366 2486; baseline 0.004 -19"><span class='ocrx_word' id='word_1_182' title='bbox 789 2417 1081 2483; x_wconf 77' lang='grc' dir='ltr'>νοούμενον</span> <span class='ocrx_word' id='word_1_183' title='bbox 1115 2419 1237 2482; x_wconf 82' lang='grc' dir='ltr'>ὅσον</span> <span class='ocrx_word' id='word_1_184' title='bbox 1286 2418 1351 2470; x_wconf 85' lang='grc' dir='ltr'>ἀν</span> <span class='ocrx_word' id='word_1_185' title='bbox 1384 2420 1737 2486; x_wconf 84' lang='grc' dir='ltr'>ἀγαπήσωσι,</span> <span class='ocrx_word' id='word_1_186' title='bbox 1774 2420 1868 2470; x_wconf 78' lang='grc' dir='ltr'>καὶ</span> <span class='ocrx_word' id='word_1_187' title='bbox 1915 2420 2074 2486; x_wconf 84' lang='grc' dir='ltr'>ὀλίγα</span> <span class='ocrx_word' id='word_1_188' title='bbox 2105 2422 2216 2481; x_wconf 79' lang='grc' dir='ltr'>τοῖς</span> <span class='ocrx_word' id='word_1_189' title='bbox 2258 2421 2366 2484; x_wconf 77' lang='grc' dir='ltr'>ἔξω</span> 
     </span>
    </p>
   </div>
   <div class='ocr_carea' id='block_1_25' title="bbox 789 2508 2357 2579">
    <p class='ocr_par' dir='ltr' id='par_1_25' title="bbox 789 2508 2357 2579">
     <span class='ocr_line' id='line_1_25' title="bbox 789 2508 2357 2579; baseline 0.003 -22"><span class='ocrx_word' id='word_1_190' title='bbox 789 2510 1088 2575; x_wconf 73' lang='grc' dir='ltr'>χεόμενονς</span> <span class='ocrx_word' id='word_1_191' title='bbox 1126 2510 1232 2559; x_wconf 79' lang='grc' dir='ltr'>Καὶ</span> <span class='ocrx_word' id='word_1_192' title='bbox 1276 2508 1395 2568; x_wconf 84' lang='grc' dir='ltr'>πῶς</span> <span class='ocrx_word' id='word_1_193' title='bbox 1446 2509 1694 2579; x_wconf 73' lang='grc' dir='ltr'>ἀπορροή</span> <span class='ocrx_word' id='word_1_194' title='bbox 1728 2527 1809 2570; x_wconf 87' lang='grc' dir='ltr'>τις</span> <span class='ocrx_word' id='word_1_195' title='bbox 1869 2510 1901 2577; x_wconf 83' lang='grc' dir='ltr'><strong>ἢ</strong></span> <span class='ocrx_word' id='word_1_196' title='bbox 1962 2509 2221 2577; x_wconf 76' lang='grc' dir='ltr'>μετουσία</span> <span class='ocrx_word' id='word_1_197' title='bbox 2261 2509 2357 2562; x_wconf 90' lang='grc' dir='ltr'>τοῦ</span> 
     </span>
    </p>
   </div>
   <div class='ocr_carea' id='block_1_26' title="bbox 791 2597 2357 2669">
    <p class='ocr_par' dir='ltr' id='par_1_26' title="bbox 791 2597 2357 2669">
     <span class='ocr_line' id='line_1_26' title="bbox 791 2597 2357 2669; baseline 0.004 -21"><span class='ocrx_word' id='word_1_198' title='bbox 791 2597 1008 2666; x_wconf 80' lang='grc' dir='ltr'>πρώτου</span> <span class='ocrx_word' id='word_1_199' title='bbox 1052 2603 1244 2651; x_wconf 86' lang='grc' dir='ltr'>τούτου</span> <span class='ocrx_word' id='word_1_200' title='bbox 1303 2601 1479 2666; x_wconf 77' lang='grc' dir='ltr'>φωτὸς</span> <span class='ocrx_word' id='word_1_201' title='bbox 1525 2602 1787 2667; x_wconf 82' lang='grc' dir='ltr'>ἅγγελος,</span> <span class='ocrx_word' id='word_1_202' title='bbox 1824 2603 1919 2653; x_wconf 74' lang='grc' dir='ltr'>καὶ</span> <span class='ocrx_word' id='word_1_203' title='bbox 1951 2603 2005 2653; x_wconf 86' lang='grc' dir='ltr'>αί</span> <span class='ocrx_word' id='word_1_204' title='bbox 2050 2602 2182 2669; x_wconf 75' lang='grc' dir='ltr'>περὶ</span> <span class='ocrx_word' id='word_1_205' title='bbox 2222 2603 2357 2654; x_wconf 69' lang='grc' dir='ltr'>Θεὸν</span> 
     </span>
    </p>
   </div>
   <div class='ocr_carea' id='block_1_27' title="bbox 791 2691 2361 2761">
    <p class='ocr_par' dir='ltr' id='par_1_27' title="bbox 791 2691 2361 2761">
     <span class='ocr_line' id='line_1_27' title="bbox 791 2691 2361 2761; baseline 0.004 -21"><span class='ocrx_word' id='word_1_206' title='bbox 791 2693 966 2742; x_wconf 77' lang='grc' dir='ltr'>πᾶσαι</span> <span class='ocrx_word' id='word_1_207' title='bbox 1012 2691 1270 2757; x_wconf 85' lang='grc' dir='ltr'>δυνάμεις</span> <span class='ocrx_word' id='word_1_208' title='bbox 1303 2692 1397 2743; x_wconf 88' lang='grc' dir='ltr'>τοῦ</span> <span class='ocrx_word' id='word_1_209' title='bbox 1431 2693 1651 2759; x_wconf 83' lang='grc' dir='ltr'>πρώτου</span> <span class='ocrx_word' id='word_1_210' title='bbox 1703 2694 1881 2761; x_wconf 81' lang='grc' dir='ltr'>φωτὸς</span> <span class='ocrx_word' id='word_1_211' title='bbox 1913 2694 2361 2761; x_wconf 74' lang='grc' dir='ltr'>ἀπαυγάσματα;</span> 
     </span>
    </p>
   </div>
   <div class='ocr_carea' id='block_1_28' title="bbox 792 2785 2363 2856">
    <p class='ocr_par' dir='ltr' id='par_1_28' title="bbox 792 2785 2363 2856">
     <span class='ocr_line' id='line_1_28' title="bbox 792 2785 2363 2856; baseline -0.002 -17"><span class='ocrx_word' id='word_1_212' title='bbox 792 2789 849 2839; x_wconf 68' lang='lat' dir='ltr'>Ei</span> <span class='ocrx_word' id='word_1_213' title='bbox 876 2788 983 2854; x_wconf 79' lang='grc' dir='ltr'>γὰρ</span> <span class='ocrx_word' id='word_1_214' title='bbox 1004 2787 1065 2856; x_wconf 82' lang='grc' dir='ltr'>δὴ</span> <span class='ocrx_word' id='word_1_215' title='bbox 1092 2787 1248 2838; x_wconf 83' lang='grc' dir='ltr'>τοῦτο</span> <span class='ocrx_word' id='word_1_216' title='bbox 1286 2787 1426 2838; x_wconf 69' lang='grc' dir='ltr'>κατά</span> <span class='ocrx_word' id='word_1_217' title='bbox 1462 2788 1519 2838; x_wconf 79' lang='grc' dir='ltr'>σὲ</span> <span class='ocrx_word' id='word_1_218' title='bbox 1543 2785 1785 2854; x_wconf 81' lang='grc' dir='ltr'>δοίημεν,</span> <span class='ocrx_word' id='word_1_219' title='bbox 1824 2787 1919 2838; x_wconf 72' lang='grc' dir='ltr'>καὶ</span> <span class='ocrx_word' id='word_1_220' title='bbox 1954 2786 2155 2855; x_wconf 83' lang='grc' dir='ltr'>νοητὴν</span> <span class='ocrx_word' id='word_1_221' title='bbox 2188 2787 2363 2855; x_wconf 88' lang='grc' dir='ltr'>δήπου</span> 
     </span>
    </p>
   </div>
   <div class='ocr_carea' id='block_1_29' title="bbox 792 2879 2364 2949">
    <p class='ocr_par' dir='ltr' id='par_1_29' title="bbox 792 2879 2364 2949">
     <span class='ocr_line' id='line_1_29' title="bbox 792 2879 2364 2949; baseline -0.001 -16"><span class='ocrx_word' id='word_1_222' title='bbox 792 2883 888 2933; x_wconf 70' lang='grc' dir='ltr'>καὶ</span> <span class='ocrx_word' id='word_1_223' title='bbox 923 2880 1192 2949; x_wconf 80' lang='grc' dir='ltr'>μεθεκτὴν</span> <span class='ocrx_word' id='word_1_224' title='bbox 1226 2881 1325 2946; x_wconf 83' lang='grc' dir='ltr'>τὴν</span> <span class='ocrx_word' id='word_1_225' title='bbox 1376 2880 1529 2931; x_wconf 87' lang='grc' dir='ltr'>θείαν</span> <span class='ocrx_word' id='word_1_226' title='bbox 1584 2879 1684 2930; x_wconf 84' lang='grc' dir='ltr'>ούκ</span> <span class='ocrx_word' id='word_1_227' title='bbox 1715 2879 1971 2945; x_wconf 77' lang='grc' dir='ltr'>ἀγγέλοις</span> <span class='ocrx_word' id='word_1_228' title='bbox 2013 2881 2192 2946; x_wconf 87' lang='grc' dir='ltr'>μόνον,</span> <span class='ocrx_word' id='word_1_229' title='bbox 2227 2879 2364 2932; x_wconf 85' lang='grc' dir='ltr'>ἀλλά</span> 
     </span>
    </p>
   </div>
   <div class='ocr_carea' id='block_1_30' title="bbox 792 2970 2364 3037">
    <p class='ocr_par' dir='ltr' id='par_1_30' title="bbox 792 2970 2364 3037">
     <span class='ocr_line' id='line_1_30' title="bbox 792 2970 2364 3037; baseline 0.001 -16"><span class='ocrx_word' id='word_1_230' title='bbox 792 2971 885 3022; x_wconf 75' lang='grc' dir='ltr'>καὶ</span> <span class='ocrx_word' id='word_1_231' title='bbox 912 2972 1019 3031; x_wconf 84' lang='grc' dir='ltr'>τοῖς</span> <span class='ocrx_word' id='word_1_232' title='bbox 1042 2971 1151 3021; x_wconf 84' lang='grc' dir='ltr'>τῶν</span> <span class='ocrx_word' id='word_1_233' title='bbox 1172 2970 1269 3022; x_wconf 84' lang='grc' dir='ltr'>ἀνθ</span> <span class='ocrx_word' id='word_1_234' title='bbox 1282 2970 1478 3037; x_wconf 83' lang='grc' dir='ltr'>ρώπων</span> <span class='ocrx_word' id='word_1_235' title='bbox 1505 2970 1766 3021; x_wconf 86' lang='grc' dir='ltr'>θεοειδέσι</span> <span class='ocrx_word' id='word_1_236' title='bbox 1798 2971 1920 3021; x_wconf 86' lang='grc' dir='ltr'>κατ’</span> <span class='ocrx_word' id='word_1_237' title='bbox 1943 2970 2081 3022; x_wconf 85' lang='grc' dir='ltr'>αὑτά</span> <span class='ocrx_word' id='word_1_238' title='bbox 2107 2971 2171 3035; x_wconf 75' lang='grc' dir='ltr'>δὴ</span> <span class='ocrx_word' id='word_1_239' title='bbox 2191 2971 2364 3024; x_wconf 90' lang='grc' dir='ltr'>ταῦτα</span> 
     </span>
    </p>
   </div>
   <div class='ocr_carea' id='block_1_31' title="bbox 792 3057 2363 3128">
    <p class='ocr_par' dir='ltr' id='par_1_31' title="bbox 792 3057 2363 3128">
     <span class='ocr_line' id='line_1_31' title="bbox 792 3057 2363 3128; baseline 0.001 -19"><span class='ocrx_word' id='word_1_240' title='bbox 792 3060 858 3109; x_wconf 87' lang='grc' dir='ltr'>τὰ</span> <span class='ocrx_word' id='word_1_241' title='bbox 891 3059 1276 3128; x_wconf 75' lang='grc' dir='ltr'>προρρηθέντα</span> <span class='ocrx_word' id='word_1_242' title='bbox 1312 3057 1386 3126; x_wconf 80' lang='grc' dir='ltr'>τῷ</span> <span class='ocrx_word' id='word_1_243' title='bbox 1422 3059 1657 3126; x_wconf 81' lang='grc' dir='ltr'>θεολόγῳ</span> <span class='ocrx_word' id='word_1_244' title='bbox 1686 3060 2177 3126; x_wconf 85' lang='grc' dir='ltr'>κατασκευάσομεν</span> <span class='ocrx_word' id='word_1_245' title='bbox 2204 3076 2363 3128; x_wconf 89' lang='grc' dir='ltr'>μερι-</span> 
     </span>
    </p>
   </div>
   <div class='ocr_carea' id='block_1_32' title="bbox 793 3150 2366 3222">
    <p class='ocr_par' dir='ltr' id='par_1_32' title="bbox 793 3150 2366 3222">
     <span class='ocr_line' id='line_1_32' title="bbox 793 3150 2366 3222; baseline 0.001 -19"><span class='ocrx_word' id='word_1_246' title='bbox 793 3153 1027 3222; x_wconf 81' lang='grc' dir='ltr'>ζομένην</span> <span class='ocrx_word' id='word_1_247' title='bbox 1062 3169 1117 3203; x_wconf 91' lang='grc' dir='ltr'>τε</span> <span class='ocrx_word' id='word_1_248' title='bbox 1147 3152 1240 3204; x_wconf 65' lang='grc' dir='ltr'>καὶ</span> <span class='ocrx_word' id='word_1_249' title='bbox 1279 3151 1546 3219; x_wconf 84' lang='grc' dir='ltr'>χεομένην</span> <span class='ocrx_word' id='word_1_250' title='bbox 1571 3151 1660 3202; x_wconf 81' lang='grc' dir='ltr'>καὶ</span> <span class='ocrx_word' id='word_1_251' title='bbox 1710 3150 2086 3219; x_wconf 85' lang='grc' dir='ltr'>μετρουμένην</span> <span class='ocrx_word' id='word_1_252' title='bbox 2108 3151 2205 3221; x_wconf 76' lang='grc' dir='ltr'>τὴν</span> <span class='ocrx_word' id='word_1_253' title='bbox 2228 3153 2366 3219; x_wconf 84' lang='grc' dir='ltr'>ἀμέ-</span> 
     </span>
    </p>
   </div>
   <div class='ocr_carea' id='block_1_33' title="bbox 795 3242 2439 3313">
    <p class='ocr_par' dir='ltr' id='par_1_33' title="bbox 795 3242 2439 3313">
     <span class='ocr_line' id='line_1_33' title="bbox 795 3242 2439 3313; baseline 0 -19"><span class='ocrx_word' id='word_1_254' title='bbox 795 3259 977 3313; x_wconf 87' lang='grc' dir='ltr'>ριστον</span> <span class='ocrx_word' id='word_1_255' title='bbox 1007 3245 1099 3295; x_wconf 69' lang='grc' dir='ltr'>καὶ</span> <span class='ocrx_word' id='word_1_256' title='bbox 1148 3244 1457 3313; x_wconf 77' lang='grc' dir='ltr'>ἄρρευστον</span> <span class='ocrx_word' id='word_1_257' title='bbox 1491 3242 1587 3293; x_wconf 73' lang='grc' dir='ltr'>καὶ</span> <span class='ocrx_word' id='word_1_258' title='bbox 1620 3242 1953 3311; x_wconf 82' lang='grc' dir='ltr'>ἀμέτρητον,</span> <span class='ocrx_word' id='word_1_259' title='bbox 1987 3243 2084 3295; x_wconf 73' lang='grc' dir='ltr'>καὶ</span> <span class='ocrx_word' id='word_1_260' title='bbox 2138 3244 2367 3311; x_wconf 87' lang='grc' dir='ltr'>προσέτι</span> <span class='ocrx_word' id='word_1_261' title='bbox 2396 3249 2439 3305; x_wconf 81' lang='lat' dir='ltr'><strong>C</strong></span> 
     </span>
    </p>
   </div>
   <div class='ocr_carea' id='block_1_34' title="bbox 794 3333 2368 3403">
    <p class='ocr_par' dir='ltr' id='par_1_34' title="bbox 794 3333 2368 3403">
     <span class='ocr_line' id='line_1_34' title="bbox 794 3333 2368 3403; baseline -0.001 -18"><span class='ocrx_word' id='word_1_262' title='bbox 794 3334 885 3386; x_wconf 87' lang='grc' dir='ltr'>καί</span> <span class='ocrx_word' id='word_1_263' title='bbox 915 3352 1024 3385; x_wconf 88' lang='grc' dir='ltr'>τισι</span> <span class='ocrx_word' id='word_1_264' title='bbox 1050 3334 1439 3401; x_wconf 78' lang='grc' dir='ltr'>θεωρουμένην</span> <span class='ocrx_word' id='word_1_265' title='bbox 1470 3333 1672 3397; x_wconf 83' lang='grc' dir='ltr'>ὀλίγοις</span> <span class='ocrx_word' id='word_1_266' title='bbox 1707 3334 1809 3403; x_wconf 83' lang='grc' dir='ltr'>ὅση</span> <span class='ocrx_word' id='word_1_267' title='bbox 1852 3334 1933 3395; x_wconf 89' lang='grc' dir='ltr'>τίς</span> <span class='ocrx_word' id='word_1_268' title='bbox 1966 3334 2109 3396; x_wconf 71' lang='grc' dir='ltr'>ἐστι,</span> <span class='ocrx_word' id='word_1_269' title='bbox 2145 3334 2368 3386; x_wconf 79' lang='grc' dir='ltr'>τδ’πάν-</span> 
     </span>
    </p>
   </div>
   <div class='ocr_carea' id='block_1_35' title="bbox 794 3422 2368 3492">
    <p class='ocr_par' dir='ltr' id='par_1_35' title="bbox 794 3422 2368 3492">
     <span class='ocr_line' id='line_1_35' title="bbox 794 3422 2368 3492; baseline -0.001 -16"><span class='ocrx_word' id='word_1_270' title='bbox 794 3442 903 3476; x_wconf 89' lang='grc' dir='ltr'>των</span> <span class='ocrx_word' id='word_1_271' title='bbox 936 3425 1229 3492; x_wconf 82' lang='grc' dir='ltr'>ὑπερφυῶς</span> <span class='ocrx_word' id='word_1_272' title='bbox 1267 3422 1642 3486; x_wconf 84' lang='grc' dir='ltr'>ἀτοπώτατον,</span> <span class='ocrx_word' id='word_1_273' title='bbox 1678 3425 1770 3474; x_wconf 79' lang='grc' dir='ltr'>καὶ</span> <span class='ocrx_word' id='word_1_274' title='bbox 1799 3422 1907 3473; x_wconf 88' lang='grc' dir='ltr'>τῶν</span> <span class='ocrx_word' id='word_1_275' title='bbox 1950 3422 2050 3491; x_wconf 85' lang='grc' dir='ltr'>τῆς</span> <span class='ocrx_word' id='word_1_276' title='bbox 2082 3422 2368 3485; x_wconf 85' lang='grc' dir='ltr'>εὐσεϐείας</span> 
     </span>
    </p>
   </div>
   <div class='ocr_carea' id='block_1_36' title="bbox 798 3516 1803 3586">
    <p class='ocr_par' dir='ltr' id='par_1_36' title="bbox 798 3516 1803 3586">
     <span class='ocr_line' id='line_1_36' title="bbox 798 3516 1803 3586; baseline -0.002 -15"><span class='ocrx_word' id='word_1_277' title='bbox 798 3520 1087 3586; x_wconf 63' lang='grc' dir='ltr'>δογμάτων</span> <span class='ocrx_word' id='word_1_278' title='bbox 1114 3516 1349 3585; x_wconf 77' lang='grc' dir='ltr'>ἔκφυλον</span> <span class='ocrx_word' id='word_1_279' title='bbox 1381 3518 1475 3569; x_wconf 75' lang='grc' dir='ltr'>καὶ</span> <span class='ocrx_word' id='word_1_280' title='bbox 1502 3516 1803 3584; x_wconf 79' lang='grc' dir='ltr'>ἀλλότριον.</span> 
     </span>
    </p>
   </div>
   <div class='ocr_carea' id='block_1_37' title="bbox 880 3648 2371 3718">
    <p class='ocr_par' dir='ltr' id='par_1_37' title="bbox 880 3648 2371 3718">
     <span class='ocr_line' id='line_1_37' title="bbox 880 3648 2371 3718; baseline -0.003 -15"><span class='ocrx_word' id='word_1_281' title='bbox 880 3652 1022 3704; x_wconf 81' lang='grc' dir='ltr'>Ἀλλ’</span> <span class='ocrx_word' id='word_1_282' title='bbox 1056 3652 1154 3718; x_wconf 83' lang='grc' dir='ltr'>οὐχ</span> <span class='ocrx_word' id='word_1_283' title='bbox 1180 3650 1322 3715; x_wconf 78' lang='grc' dir='ltr'>οὕτω</span> <span class='ocrx_word' id='word_1_284' title='bbox 1346 3667 1407 3715; x_wconf 91' lang='grc' dir='ltr'>γε</span> <span class='ocrx_word' id='word_1_285' title='bbox 1439 3650 1570 3718; x_wconf 77' lang='grc' dir='ltr'>περὶ</span> <span class='ocrx_word' id='word_1_286' title='bbox 1599 3650 1804 3701; x_wconf 88' lang='grc' dir='ltr'>τούτων</span> <span class='ocrx_word' id='word_1_287' title='bbox 1826 3649 1854 3700; x_wconf 90' lang='grc' dir='ltr'>ό</span> <span class='ocrx_word' id='word_1_288' title='bbox 1884 3648 2018 3715; x_wconf 68' lang='grc' dir='ltr'>ἐμὸς</span> <span class='ocrx_word' id='word_1_289' title='bbox 2053 3648 2232 3700; x_wconf 77' lang='grc' dir='ltr'>οὑτοσὶ</span> <span class='ocrx_word' id='word_1_290' title='bbox 2258 3648 2371 3699; x_wconf 89' lang='grc' dir='ltr'>θεο-</span> 
     </span>
    </p>
   </div>
   <div class='ocr_carea' id='block_1_38' title="bbox 796 3739 2370 3819">
    <p class='ocr_par' dir='ltr' id='par_1_38' title="bbox 796 3739 2370 3819">
     <span class='ocr_line' id='line_1_38' title="bbox 796 3739 2370 3819; baseline -0.003 -23"><span class='ocrx_word' id='word_1_291' title='bbox 796 3747 951 3811; x_wconf 74' lang='grc' dir='ltr'>λόγος</span> <span class='ocrx_word' id='word_1_292' title='bbox 1012 3745 1104 3795; x_wconf 78' lang='grc' dir='ltr'>καὶ</span> <span class='ocrx_word' id='word_1_293' title='bbox 1157 3743 1478 3809; x_wconf 86' lang='grc' dir='ltr'>φιλόσοφος,</span> <span class='ocrx_word' id='word_1_294' title='bbox 1540 3742 1823 3809; x_wconf 86' lang='grc' dir='ltr'>φιλόσοφε,</span> <span class='ocrx_word' id='word_1_295' title='bbox 1893 3740 2164 3809; x_wconf 87' lang='grc' dir='ltr'>βούλεται.</span> <span class='ocrx_word' id='word_1_296' title='bbox 2207 3739 2370 3819; x_wconf 61' lang='grc' dir='ltr'>Ἀλλὰ</span> 
     </span>
    </p>
   </div>
   <div class='ocr_carea' id='block_1_39' title="bbox 798 3831 2370 3902">
    <p class='ocr_par' dir='ltr' id='par_1_39' title="bbox 798 3831 2370 3902">
     <span class='ocr_line' id='line_1_39' title="bbox 798 3831 2370 3902; baseline -0.003 -15"><span class='ocrx_word' id='word_1_297' title='bbox 798 3836 949 3896; x_wconf 84' lang='grc' dir='ltr'>πῶς;</span> <span class='ocrx_word' id='word_1_298' title='bbox 984 3835 1169 3887; x_wconf 84' lang='grc' dir='ltr'>ἄκουε.</span> <span class='ocrx_word' id='word_1_299' title='bbox 1193 3834 1326 3886; x_wconf 83' lang='grc' dir='ltr'>Θεὸν</span> <span class='ocrx_word' id='word_1_300' title='bbox 1358 3837 1565 3902; x_wconf 86' lang='grc' dir='ltr'>φράσαι</span> <span class='ocrx_word' id='word_1_301' title='bbox 1601 3832 1717 3900; x_wconf 80' lang='grc' dir='ltr'>μὲν,</span> <span class='ocrx_word' id='word_1_302' title='bbox 1756 3833 1949 3900; x_wconf 76' lang='grc' dir='ltr'>φησὶν,</span> <span class='ocrx_word' id='word_1_303' title='bbox 1984 3832 2262 3894; x_wconf 86' lang='grc' dir='ltr'>ἀδύνατον,</span> <span class='ocrx_word' id='word_1_304' title='bbox 2296 3831 2370 3892; x_wconf 90' lang='grc' dir='ltr'>ώς</span> 
     </span>
    </p>
   </div>
   <div class='ocr_carea' id='block_1_40' title="bbox 797 3922 2371 3996">
    <p class='ocr_par' dir='ltr' id='par_1_40' title="bbox 797 3922 2371 3996">
     <span class='ocr_line' id='line_1_40' title="bbox 797 3922 2371 3996; baseline -0.004 -16"><span class='ocrx_word' id='word_1_305' title='bbox 797 3931 823 3980; x_wconf 88' lang='lat'>0</span> <span class='ocrx_word' id='word_1_306' title='bbox 846 3928 974 3996; x_wconf 78' lang='grc' dir='ltr'>ἐμὸς</span> <span class='ocrx_word' id='word_1_307' title='bbox 1007 3929 1158 3993; x_wconf 82' lang='grc' dir='ltr'>λόγος</span> <span class='ocrx_word' id='word_1_308' title='bbox 1184 3942 1199 3956; x_wconf 90' lang='grc'><strong>·</strong></span> <span class='ocrx_word' id='word_1_309' title='bbox 1235 3924 1429 3993; x_wconf 79' lang='grc' dir='ltr'>νοῆσαι</span> <span class='ocrx_word' id='word_1_310' title='bbox 1459 3924 1512 3976; x_wconf 84' lang='grc' dir='ltr'>δὲ</span> <span class='ocrx_word' id='word_1_311' title='bbox 1544 3925 1977 3992; x_wconf 87' lang='grc' dir='ltr'>ἀδυνατώτερον.</span> <span class='ocrx_word' id='word_1_312' title='bbox 2012 3924 2085 3975; x_wconf 82' lang='lat' dir='ltr'><strong>T0</strong></span> <span class='ocrx_word' id='word_1_313' title='bbox 2136 3923 2236 3991; x_wconf 81' lang='grc' dir='ltr'>μὲν</span> <span class='ocrx_word' id='word_1_314' title='bbox 2263 3922 2371 3990; x_wconf 90' lang='grc' dir='ltr'>γάρ</span> 
     </span>
    </p>
   </div>
   <div class='ocr_carea' id='block_1_41' title="bbox 798 4014 2369 4085">
    <p class='ocr_par' dir='ltr' id='par_1_41' title="bbox 798 4014 2369 4085">
     <span class='ocr_line' id='line_1_41' title="bbox 798 4014 2369 4085; baseline -0.003 -16"><span class='ocrx_word' id='word_1_315' title='bbox 798 4018 990 4085; x_wconf 66' lang='grc' dir='ltr'>νοηθὲν</span> <span class='ocrx_word' id='word_1_316' title='bbox 1020 4019 1160 4085; x_wconf 83' lang='grc' dir='ltr'>τάχα</span> <span class='ocrx_word' id='word_1_317' title='bbox 1193 4017 1259 4069; x_wconf 85' lang='grc' dir='ltr'>ἂν</span> <span class='ocrx_word' id='word_1_318' title='bbox 1283 4017 1441 4082; x_wconf 86' lang='grc' dir='ltr'>λόγος</span> <span class='ocrx_word' id='word_1_319' title='bbox 1473 4016 1783 4085; x_wconf 80' lang='grc' dir='ltr'>δηλώσειεν,</span> <span class='ocrx_word' id='word_1_320' title='bbox 1813 4017 1861 4066; x_wconf 87' lang='grc' dir='ltr'>εί</span> <span class='ocrx_word' id='word_1_321' title='bbox 1890 4014 1982 4065; x_wconf 67' lang='grc' dir='ltr'>καὶ</span> <span class='ocrx_word' id='word_1_322' title='bbox 2012 4014 2084 4084; x_wconf 83' lang='grc' dir='ltr'>μὴ</span> <span class='ocrx_word' id='word_1_323' title='bbox 2115 4014 2369 4083; x_wconf 76' lang='grc' dir='ltr'>μετρίως,</span> 
     </span>
    </p>
   </div>
   <div class='ocr_carea' id='block_1_42' title="bbox 798 4100 2370 4177">
    <p class='ocr_par' dir='ltr' id='par_1_42' title="bbox 798 4100 2370 4177">
     <span class='ocr_line' id='line_1_42' title="bbox 798 4100 2370 4177; baseline -0.003 -16"><span class='ocrx_word' id='word_1_324' title='bbox 798 4108 910 4161; x_wconf 85' lang='grc' dir='ltr'>ἀλλ’</span> <span class='ocrx_word' id='word_1_325' title='bbox 940 4108 1195 4177; x_wconf 79' lang='grc' dir='ltr'>ἀμυδρῶς</span> <span class='ocrx_word' id='word_1_326' title='bbox 1226 4122 1290 4175; x_wconf 91' lang='grc' dir='ltr'>γε</span> <span class='ocrx_word' id='word_1_327' title='bbox 1319 4106 1395 4175; x_wconf 84' lang='grc' dir='ltr'>τῷ</span> <span class='ocrx_word' id='word_1_328' title='bbox 1427 4106 1503 4176; x_wconf 86' lang='grc' dir='ltr'>μὴ</span> <span class='ocrx_word' id='word_1_329' title='bbox 1540 4107 1717 4172; x_wconf 85' lang='grc' dir='ltr'>πάντη</span> <span class='ocrx_word' id='word_1_330' title='bbox 1751 4105 2135 4174; x_wconf 82' lang='grc' dir='ltr'>διεφθαρμένῳ</span> <span class='ocrx_word' id='word_1_331' title='bbox 2166 4106 2233 4156; x_wconf 88' lang='grc' dir='ltr'>τά</span> <span class='ocrx_word' id='word_1_332' title='bbox 2259 4100 2370 4157; x_wconf 81' lang='grc' dir='ltr'>ὦτα</span> 
     </span>
    </p>
   </div>
   <div class='ocr_carea' id='block_1_43' title="bbox 799 4197 2369 4269">
    <p class='ocr_par' dir='ltr' id='par_1_43' title="bbox 799 4197 2369 4269">
     <span class='ocr_line' id='line_1_43' title="bbox 799 4197 2369 4269; baseline -0.002 -17"><span class='ocrx_word' id='word_1_333' title='bbox 799 4202 893 4252; x_wconf 66' lang='grc' dir='ltr'>καὶ</span> <span class='ocrx_word' id='word_1_334' title='bbox 925 4200 1121 4269; x_wconf 83' lang='grc' dir='ltr'>νωθρῷ</span> <span class='ocrx_word' id='word_1_335' title='bbox 1151 4199 1249 4268; x_wconf 80' lang='grc' dir='ltr'>τὴν</span> <span class='ocrx_word' id='word_1_336' title='bbox 1278 4200 1540 4251; x_wconf 87' lang='grc' dir='ltr'>διάνοιαν.</span> <span class='ocrx_word' id='word_1_337' title='bbox 1568 4199 1641 4251; x_wconf 85' lang='grc' dir='ltr'>Τὸ</span> <span class='ocrx_word' id='word_1_338' title='bbox 1670 4197 1726 4249; x_wconf 77' lang='grc' dir='ltr'>δὲ</span> <span class='ocrx_word' id='word_1_339' title='bbox 1756 4197 2015 4250; x_wconf 86' lang='grc' dir='ltr'>τοσοῦτον</span> <span class='ocrx_word' id='word_1_340' title='bbox 2045 4200 2278 4267; x_wconf 85' lang='grc' dir='ltr'>πρᾶγμα</span> <span class='ocrx_word' id='word_1_341' title='bbox 2304 4202 2369 4268; x_wconf 78' lang='grc' dir='ltr'>τῇ</span> 
     </span>
    </p>
   </div>
   <div class='ocr_carea' id='block_1_44' title="bbox 799 4289 2373 4362">
    <p class='ocr_par' dir='ltr' id='par_1_44' title="bbox 799 4289 2373 4362">
     <span class='ocr_line' id='line_1_44' title="bbox 799 4289 2373 4362; baseline -0.001 -18"><span class='ocrx_word' id='word_1_342' title='bbox 799 4294 1005 4362; x_wconf 71' lang='grc' dir='ltr'>διανοίᾳ</span> <span class='ocrx_word' id='word_1_343' title='bbox 1037 4291 1354 4361; x_wconf 89' lang='grc' dir='ltr'>περιλαϐεῖν</span> <span class='ocrx_word' id='word_1_344' title='bbox 1386 4291 1607 4350; x_wconf 89' lang='grc' dir='ltr'>πάντως</span> <span class='ocrx_word' id='word_1_345' title='bbox 1662 4289 1927 4341; x_wconf 83' lang='grc' dir='ltr'>ἀδύνατον</span> <span class='ocrx_word' id='word_1_346' title='bbox 1958 4290 2051 4340; x_wconf 76' lang='grc' dir='ltr'>καὶ</span> <span class='ocrx_word' id='word_1_347' title='bbox 2090 4290 2373 4358; x_wconf 80' lang='grc' dir='ltr'>ἀμήχανον</span> 
     </span>
    </p>
   </div>
   <div class='ocr_carea' id='block_1_45' title="bbox 802 4384 2368 4456">
    <p class='ocr_par' dir='ltr' id='par_1_45' title="bbox 802 4384 2368 4456">
     <span class='ocr_line' id='line_1_45' title="bbox 802 4384 2368 4456; baseline -0.002 -17"><span class='ocrx_word' id='word_1_348' title='bbox 802 4388 876 4456; x_wconf 74' lang='grc' dir='ltr'>μὴ</span> <span class='ocrx_word' id='word_1_349' title='bbox 903 4390 985 4441; x_wconf 83' lang='grc' dir='ltr'>ὅτι</span> <span class='ocrx_word' id='word_1_350' title='bbox 1018 4392 1126 4447; x_wconf 81' lang='grc' dir='ltr'>τοῖς</span> <span class='ocrx_word' id='word_1_351' title='bbox 1163 4386 1769 4453; x_wconf 81' lang='grc' dir='ltr'>καταϐεϐλακευμένοις</span> <span class='ocrx_word' id='word_1_352' title='bbox 1800 4384 1894 4435; x_wconf 71' lang='grc' dir='ltr'>καὶ</span> <span class='ocrx_word' id='word_1_353' title='bbox 1922 4384 2072 4436; x_wconf 84' lang='grc' dir='ltr'>κάτω</span> <span class='ocrx_word' id='word_1_354' title='bbox 2099 4384 2368 4449; x_wconf 77' lang='grc' dir='ltr'>νεύουσιν,</span> 
     </span>
    </p>
   </div>
   <div class='ocr_carea' id='block_1_46' title="bbox 800 4473 2370 4543">
    <p class='ocr_par' dir='ltr' id='par_1_46' title="bbox 800 4473 2370 4543">
     <span class='ocr_line' id='line_1_46' title="bbox 800 4473 2370 4543; baseline -0.001 -14"><span class='ocrx_word' id='word_1_355' title='bbox 800 4477 933 4529; x_wconf 83' lang='grc' dir='ltr'>ἀλλά</span> <span class='ocrx_word' id='word_1_356' title='bbox 963 4479 1058 4529; x_wconf 77' lang='grc' dir='ltr'>καὶ</span> <span class='ocrx_word' id='word_1_357' title='bbox 1091 4479 1203 4537; x_wconf 89' lang='grc' dir='ltr'>τοῖς</span> <span class='ocrx_word' id='word_1_358' title='bbox 1235 4475 1356 4526; x_wconf 89' lang='grc' dir='ltr'>λίαν</span> <span class='ocrx_word' id='word_1_359' title='bbox 1389 4474 1609 4543; x_wconf 78' lang='grc' dir='ltr'>ὑψηλοῖς</span> <span class='ocrx_word' id='word_1_360' title='bbox 1642 4490 1698 4524; x_wconf 93' lang='grc' dir='ltr'>τε</span> <span class='ocrx_word' id='word_1_361' title='bbox 1744 4476 1840 4526; x_wconf 73' lang='grc' dir='ltr'>καὶ</span> <span class='ocrx_word' id='word_1_362' title='bbox 1866 4473 2156 4540; x_wconf 85' lang='grc' dir='ltr'>φιλοθέοις,</span> <span class='ocrx_word' id='word_1_363' title='bbox 2192 4476 2282 4526; x_wconf 74' lang='grc' dir='ltr'>καὶ</span> <span class='ocrx_word' id='word_1_364' title='bbox 2318 4478 2370 4527; x_wconf 84' lang='lat'><strong>0—</strong></span> 
     </span>
    </p>
   </div>
   <div class='ocr_carea' id='block_1_47' title="bbox 2481 627 4056 698">
    <p class='ocr_par' dir='ltr' id='par_1_47' title="bbox 2481 627 4056 698">
     <span class='ocr_line' id='line_1_47' title="bbox 2481 627 4056 698; baseline 0.001 -18"><span class='ocrx_word' id='word_1_365' title='bbox 2481 627 2772 697; x_wconf 81' lang='grc' dir='ltr'>μεθεκτὴν,</span> <span class='ocrx_word' id='word_1_366' title='bbox 2825 629 3008 698; x_wconf 69' lang='grc' dir='ltr'>φησὶν,</span> <span class='ocrx_word' id='word_1_367' title='bbox 3063 628 3175 696; x_wconf 76' lang='grc' dir='ltr'>ἔχει</span> <span class='ocrx_word' id='word_1_368' title='bbox 3207 629 3307 697; x_wconf 81' lang='grc' dir='ltr'>τὴν</span> <span class='ocrx_word' id='word_1_369' title='bbox 3340 627 3572 698; x_wconf 80' lang='grc' dir='ltr'>δωρεὰν,</span> <span class='ocrx_word' id='word_1_370' title='bbox 3603 628 3722 682; x_wconf 80' lang='grc' dir='ltr'>ἀλλ’</span> <span class='ocrx_word' id='word_1_371' title='bbox 3767 630 4056 698; x_wconf 79' lang='grc' dir='ltr'>αὑτοπηγὴ</span> 
     </span>
    </p>
   </div>
   <div class='ocr_carea' id='block_1_48' title="bbox 2476 719 4056 790">
    <p class='ocr_par' dir='ltr' id='par_1_48' title="bbox 2476 719 4056 790">
     <span class='ocr_line' id='line_1_48' title="bbox 2476 719 4056 790; baseline 0 -17"><span class='ocrx_word' id='word_1_372' title='bbox 2476 722 2572 773; x_wconf 73' lang='grc' dir='ltr'>καὶ</span> <span class='ocrx_word' id='word_1_373' title='bbox 2601 720 2901 790; x_wconf 76' lang='grc' dir='ltr'>αὐτορῤίζα</span> <span class='ocrx_word' id='word_1_374' title='bbox 2951 720 3072 772; x_wconf 78' lang='grc' dir='ltr'>ἐστὶ</span> <span class='ocrx_word' id='word_1_375' title='bbox 3109 719 3331 773; x_wconf 85' lang='grc' dir='ltr'>πάντων</span> <span class='ocrx_word' id='word_1_376' title='bbox 3361 720 3470 774; x_wconf 86' lang='grc' dir='ltr'>τῶν</span> <span class='ocrx_word' id='word_1_377' title='bbox 3510 719 3715 775; x_wconf 84' lang='grc' dir='ltr'>καλῶν.</span> <span class='ocrx_word' id='word_1_378' title='bbox 3746 719 3815 774; x_wconf 82' lang='grc' dir='ltr'>Ὀ</span> <span class='ocrx_word' id='word_1_379' title='bbox 3836 721 3891 774; x_wconf 83' lang='grc' dir='ltr'>δὲ</span> <span class='ocrx_word' id='word_1_380' title='bbox 3920 721 4056 787; x_wconf 76' lang='grc' dir='ltr'>ἐγὼ,</span> 
     </span>
    </p>
   </div>
   <div class='ocr_carea' id='block_1_49' title="bbox 2476 810 4056 882">
    <p class='ocr_par' dir='ltr' id='par_1_49' title="bbox 2476 810 4056 882">
     <span class='ocr_line' id='line_1_49' title="bbox 2476 810 4056 882; baseline 0.001 -20"><span class='ocrx_word' id='word_1_381' title='bbox 2476 812 2633 881; x_wconf 76' lang='grc' dir='ltr'>φησὶ,</span> <span class='ocrx_word' id='word_1_382' title='bbox 2669 812 2821 880; x_wconf 76' lang='grc' dir='ltr'>φέρω</span> <span class='ocrx_word' id='word_1_383' title='bbox 2859 810 3126 881; x_wconf 87' lang='grc' dir='ltr'>μεθεκτόν</span> <span class='ocrx_word' id='word_1_384' title='bbox 3155 813 3296 863; x_wconf 75' lang='grc' dir='ltr'>ἐστι·</span> <span class='ocrx_word' id='word_1_385' title='bbox 3322 813 3452 879; x_wconf 80' lang='grc' dir='ltr'>παρ’</span> <span class='ocrx_word' id='word_1_386' title='bbox 3486 811 3673 882; x_wconf 76' lang='grc' dir='ltr'>ἐτέρου</span> <span class='ocrx_word' id='word_1_387' title='bbox 3723 812 3831 882; x_wconf 75' lang='grc' dir='ltr'>γὰρ</span> <span class='ocrx_word' id='word_1_388' title='bbox 3861 812 4056 865; x_wconf 74' lang='grc' dir='ltr'>ἔλαϐον</span> 
     </span>
    </p>
   </div>
   <div class='ocr_carea' id='block_1_50' title="bbox 2477 898 4059 979">
    <p class='ocr_par' dir='ltr' id='par_1_50' title="bbox 2477 898 4059 979">
     <span class='ocr_line' id='line_1_50' title="bbox 2477 898 4059 979; baseline 0.001 -27"><span class='ocrx_word' id='word_1_389' title='bbox 2477 900 2636 961; x_wconf 77' lang='grc' dir='ltr'>αὐτὸ,</span> <span class='ocrx_word' id='word_1_390' title='bbox 2669 901 2763 952; x_wconf 79' lang='grc' dir='ltr'>καὶ</span> <span class='ocrx_word' id='word_1_391' title='bbox 2798 900 2992 969; x_wconf 89' lang='grc' dir='ltr'>μικρόν</span> <span class='ocrx_word' id='word_1_392' title='bbox 3041 917 3094 952; x_wconf 91' lang='grc' dir='ltr'>τι</span> <span class='ocrx_word' id='word_1_393' title='bbox 3126 898 3222 953; x_wconf 89' lang='grc' dir='ltr'>τοῦ</span> <span class='ocrx_word' id='word_1_394' title='bbox 3252 900 3477 979; x_wconf 83' lang='grc' dir='ltr'>παντὸς,</span> <span class='ocrx_word' id='word_1_395' title='bbox 3520 902 3616 954; x_wconf 81' lang='grc' dir='ltr'>καὶ</span> <span class='ocrx_word' id='word_1_396' title='bbox 3641 902 3810 958; x_wconf 75' lang='grc' dir='ltr'>οἱονεὶ</span> <span class='ocrx_word' id='word_1_397' title='bbox 3840 902 4059 969; x_wconf 88' lang='grc' dir='ltr'>σταγὼν</span> 
     </span>
    </p>
   </div>
   <div class='ocr_carea' id='block_1_51' title="bbox 2477 992 4059 1063">
    <p class='ocr_par' dir='ltr' id='par_1_51' title="bbox 2477 992 4059 1063">
     <span class='ocr_line' id='line_1_51' title="bbox 2477 992 4059 1063; baseline 0.001 -18"><span class='ocrx_word' id='word_1_398' title='bbox 2477 993 2703 1062; x_wconf 78' lang='grc' dir='ltr'>εὐτελὴς</span> <span class='ocrx_word' id='word_1_399' title='bbox 2739 994 2874 1063; x_wconf 81' lang='grc' dir='ltr'>πρὸς</span> <span class='ocrx_word' id='word_1_400' title='bbox 2913 992 3153 1047; x_wconf 80' lang='grc' dir='ltr'>ἄϐυσσον</span> <span class='ocrx_word' id='word_1_401' title='bbox 3188 993 3421 1063; x_wconf 78' lang='grc' dir='ltr'>ἄφατον,</span> <span class='ocrx_word' id='word_1_402' title='bbox 3474 994 3573 1047; x_wconf 76' lang='grc' dir='ltr'>καὶ</span> <span class='ocrx_word' id='word_1_403' title='bbox 3625 994 3865 1061; x_wconf 80' lang='grc' dir='ltr'>πέλαγος</span> <span class='ocrx_word' id='word_1_404' title='bbox 3898 995 4059 1048; x_wconf 80' lang='grc' dir='ltr'>ἀπει-</span> 
     </span>
    </p>
   </div>
   <div class='ocr_carea' id='block_1_52' title="bbox 2478 1079 4057 1154">
    <p class='ocr_par' dir='ltr' id='par_1_52' title="bbox 2478 1079 4057 1154">
     <span class='ocr_line' id='line_1_52' title="bbox 2478 1079 4057 1154; baseline 0.001 -19"><span class='ocrx_word' id='word_1_405' title='bbox 2478 1101 2591 1154; x_wconf 90' lang='grc' dir='ltr'>ρον.</span> <span class='ocrx_word' id='word_1_406' title='bbox 2635 1079 2768 1137; x_wconf 79' lang='grc' dir='ltr'>Εἶτα</span> <span class='ocrx_word' id='word_1_407' title='bbox 2822 1085 2916 1136; x_wconf 79' lang='grc' dir='ltr'>καὶ</span> <span class='ocrx_word' id='word_1_408' title='bbox 2960 1084 3022 1136; x_wconf 89' lang='lat'>10</span> <span class='ocrx_word' id='word_1_409' title='bbox 3050 1084 3146 1138; x_wconf 89' lang='grc' dir='ltr'>τοῦ</span> <span class='ocrx_word' id='word_1_410' title='bbox 3191 1084 3368 1153; x_wconf 83' lang='grc' dir='ltr'>πυρὸς</span> <span class='ocrx_word' id='word_1_411' title='bbox 3404 1083 3717 1151; x_wconf 76' lang='grc' dir='ltr'>ἐπενεγκὼν</span> <span class='ocrx_word' id='word_1_412' title='bbox 3745 1086 3921 1137; x_wconf 83' lang='grc' dir='ltr'>ἐκεῖνο</span> <span class='ocrx_word' id='word_1_413' title='bbox 3948 1100 4057 1136; x_wconf 88' lang='grc' dir='ltr'>πα-</span> 
     </span>
    </p>
   </div>
   <div class='ocr_carea' id='block_1_53' title="bbox 2478 1173 4046 1246">
    <p class='ocr_par' dir='ltr' id='par_1_53' title="bbox 2478 1173 4046 1246">
     <span class='ocr_line' id='line_1_53' title="bbox 2478 1173 4046 1246; baseline -0.001 -17"><span class='ocrx_word' id='word_1_414' title='bbox 2478 1178 2773 1245; x_wconf 82' lang='grc' dir='ltr'>ράδειγμα,</span> <span class='ocrx_word' id='word_1_415' title='bbox 2806 1178 2867 1229; x_wconf 76' lang='lat' dir='ltr'>El</span> <span class='ocrx_word' id='word_1_416' title='bbox 2916 1177 2971 1231; x_wconf 80' lang='grc' dir='ltr'>δὲ</span> <span class='ocrx_word' id='word_1_417' title='bbox 3004 1178 3096 1229; x_wconf 75' lang='grc' dir='ltr'>ἐπὶ</span> <span class='ocrx_word' id='word_1_418' title='bbox 3135 1178 3241 1229; x_wconf 86' lang='grc' dir='ltr'>τῶν</span> <span class='ocrx_word' id='word_1_419' title='bbox 3278 1177 3551 1246; x_wconf 86' lang='grc' dir='ltr'>σωμάτων</span> <span class='ocrx_word' id='word_1_420' title='bbox 3585 1176 3696 1228; x_wconf 90' lang='grc' dir='ltr'>τῶν</span> <span class='ocrx_word' id='word_1_421' title='bbox 3747 1173 4046 1246; x_wconf 81' lang='grc' dir='ltr'>μεριστῶν,</span> 
     </span>
    </p>
   </div>
   <div class='ocr_carea' id='block_1_54' title="bbox 2476 1271 4054 1342">
    <p class='ocr_par' dir='ltr' id='par_1_54' title="bbox 2476 1271 4054 1342">
     <span class='ocr_line' id='line_1_54' title="bbox 2476 1271 4054 1342; baseline 0 -20"><span class='ocrx_word' id='word_1_422' title='bbox 2476 1273 2631 1340; x_wconf 73' lang='grc' dir='ltr'>φησὶ,</span> <span class='ocrx_word' id='word_1_423' title='bbox 2680 1272 2790 1323; x_wconf 84' lang='grc' dir='ltr'>τῶν</span> <span class='ocrx_word' id='word_1_424' title='bbox 2823 1271 3236 1339; x_wconf 76' lang='grc' dir='ltr'>ἐλαττουμένων</span> <span class='ocrx_word' id='word_1_425' title='bbox 3276 1272 3384 1324; x_wconf 78' lang='grc' dir='ltr'>ὑπὸ</span> <span class='ocrx_word' id='word_1_426' title='bbox 3424 1272 3525 1340; x_wconf 82' lang='grc' dir='ltr'>τῆς</span> <span class='ocrx_word' id='word_1_427' title='bbox 3579 1272 3928 1342; x_wconf 86' lang='grc' dir='ltr'>ἀφαιρέσεως</span> <span class='ocrx_word' id='word_1_428' title='bbox 3970 1272 4054 1322; x_wconf 63' lang='grc' dir='ltr'>εὑ-</span> 
     </span>
    </p>
   </div>
   <div class='ocr_carea' id='block_1_55' title="bbox 2478 1363 4055 1435">
    <p class='ocr_par' dir='ltr' id='par_1_55' title="bbox 2478 1363 4055 1435">
     <span class='ocr_line' id='line_1_55' title="bbox 2478 1363 4055 1435; baseline -0.001 -18"><span class='ocrx_word' id='word_1_429' title='bbox 2478 1363 2611 1435; x_wconf 83' lang='grc' dir='ltr'>ρέθη</span> <span class='ocrx_word' id='word_1_430' title='bbox 2647 1381 2702 1417; x_wconf 89' lang='grc' dir='ltr'>τι</span> <span class='ocrx_word' id='word_1_431' title='bbox 2734 1363 3009 1431; x_wconf 86' lang='grc' dir='ltr'>τοιοῦτον,’</span> <span class='ocrx_word' id='word_1_432' title='bbox 3029 1365 3058 1417; x_wconf 85' lang='grc' dir='ltr'><strong>ὃ</strong></span> <span class='ocrx_word' id='word_1_433' title='bbox 3087 1369 3183 1419; x_wconf 75' lang='grc' dir='ltr'>καὶ</span> <span class='ocrx_word' id='word_1_434' title='bbox 3238 1364 3379 1433; x_wconf 84' lang='grc' dir='ltr'>μετὰ</span> <span class='ocrx_word' id='word_1_435' title='bbox 3419 1364 3479 1417; x_wconf 87' lang='lat'>10</span> <span class='ocrx_word' id='word_1_436' title='bbox 3507 1368 3814 1435; x_wconf 85' lang='grc' dir='ltr'>παρασχεῖν</span> <span class='ocrx_word' id='word_1_437' title='bbox 3846 1365 4055 1433; x_wconf 70' lang='grc' dir='ltr'>ἑτέροις</span> 
     </span>
    </p>
   </div>
   <div class='ocr_carea' id='block_1_56' title="bbox 2474 1455 4049 1527">
    <p class='ocr_par' dir='ltr' id='par_1_56' title="bbox 2474 1455 4049 1527">
     <span class='ocr_line' id='line_1_56' title="bbox 2474 1455 4049 1527; baseline 0.002 -21"><span class='ocrx_word' id='word_1_438' title='bbox 2474 1457 2545 1510; x_wconf 85' lang='grc' dir='ltr'>τὰ</span> <span class='ocrx_word' id='word_1_439' title='bbox 2575 1456 2707 1526; x_wconf 82' lang='grc' dir='ltr'>παρ’</span> <span class='ocrx_word' id='word_1_440' title='bbox 2746 1456 2943 1509; x_wconf 76' lang='grc' dir='ltr'>ἑαυτοῦ</span> <span class='ocrx_word' id='word_1_441' title='bbox 2984 1458 3136 1509; x_wconf 79' lang='grc' dir='ltr'>οὐδὲν</span> <span class='ocrx_word' id='word_1_442' title='bbox 3171 1457 3646 1527; x_wconf 84' lang='grc' dir='ltr'>παραϐλάπτεται,</span> <span class='ocrx_word' id='word_1_443' title='bbox 3696 1455 3877 1525; x_wconf 88' lang='grc' dir='ltr'>πολλῷ</span> <span class='ocrx_word' id='word_1_444' title='bbox 3908 1457 4049 1525; x_wconf 79' lang='grc' dir='ltr'>μᾶλ-</span> 
     </span>
    </p>
   </div>
   <div class='ocr_carea' id='block_1_57' title="bbox 2476 1548 4056 1619">
    <p class='ocr_par' dir='ltr' id='par_1_57' title="bbox 2476 1548 4056 1619">
     <span class='ocr_line' id='line_1_57' title="bbox 2476 1548 4056 1619; baseline -0.001 -18"><span class='ocrx_word' id='word_1_445' title='bbox 2476 1550 2568 1601; x_wconf 88' lang='grc' dir='ltr'>λον</span> <span class='ocrx_word' id='word_1_446' title='bbox 2594 1552 2687 1603; x_wconf 76' lang='grc' dir='ltr'>ἐπὶ</span> <span class='ocrx_word' id='word_1_447' title='bbox 2720 1551 2816 1618; x_wconf 82' lang='grc' dir='ltr'>τῆς</span> <span class='ocrx_word' id='word_1_448' title='bbox 2847 1549 3142 1618; x_wconf 80' lang='grc' dir='ltr'>ἀσωμάτου</span> <span class='ocrx_word' id='word_1_449' title='bbox 3169 1553 3263 1603; x_wconf 74' lang='grc' dir='ltr'>καὶ</span> <span class='ocrx_word' id='word_1_450' title='bbox 3287 1550 3571 1619; x_wconf 84' lang='grc' dir='ltr'>ἀκηράτου</span> <span class='ocrx_word' id='word_1_451' title='bbox 3596 1550 3879 1618; x_wconf 77' lang='grc' dir='ltr'>δυνάμεως</span> <span class='ocrx_word' id='word_1_452' title='bbox 3910 1548 4056 1600; x_wconf 80' lang='grc' dir='ltr'>ὲκεί-</span> 
     </span>
    </p>
   </div>
   <div class='ocr_carea' id='block_1_58' title="bbox 2476 1641 4052 1713">
    <p class='ocr_par' dir='ltr' id='par_1_58' title="bbox 2476 1641 4052 1713">
     <span class='ocr_line' id='line_1_58' title="bbox 2476 1641 4052 1713; baseline 0 -20"><span class='ocrx_word' id='word_1_453' title='bbox 2476 1657 2574 1709; x_wconf 88' lang='grc' dir='ltr'>νης</span> <span class='ocrx_word' id='word_1_454' title='bbox 2625 1642 2788 1694; x_wconf 89' lang='grc' dir='ltr'>τοῦτο</span> <span class='ocrx_word' id='word_1_455' title='bbox 2824 1642 3169 1713; x_wconf 79' lang='grc' dir='ltr'>συμϐέϐηκε.</span> <span class='ocrx_word' id='word_1_456' title='bbox 3204 1644 3266 1696; x_wconf 80' lang='lat' dir='ltr'>El</span> <span class='ocrx_word' id='word_1_457' title='bbox 3309 1646 3419 1712; x_wconf 87' lang='grc' dir='ltr'>γὰρ</span> <span class='ocrx_word' id='word_1_458' title='bbox 3468 1642 3600 1697; x_wconf 75' lang='grc' dir='ltr'>ἔνθα</span> <span class='ocrx_word' id='word_1_459' title='bbox 3641 1642 3799 1695; x_wconf 69' lang='grc' dir='ltr'>οὐσία</span> <span class='ocrx_word' id='word_1_460' title='bbox 3847 1642 3965 1693; x_wconf 69' lang='grc' dir='ltr'>ἐστὶ</span> <span class='ocrx_word' id='word_1_461' title='bbox 3990 1641 4052 1695; x_wconf 83' lang='lat'>10</span> 
     </span>
    </p>
   </div>
   <div class='ocr_carea' id='block_1_59' title="bbox 2481 1734 4050 1803">
    <p class='ocr_par' dir='ltr' id='par_1_59' title="bbox 2481 1734 4050 1803">
     <span class='ocr_line' id='line_1_59' title="bbox 2481 1734 4050 1803; baseline -0.001 -17"><span class='ocrx_word' id='word_1_462' title='bbox 2481 1734 3044 1803; x_wconf 89' lang='grc' dir='ltr'>μεταλαμϐανόμενον</span> <span class='ocrx_word' id='word_1_463' title='bbox 3077 1738 3173 1788; x_wconf 80' lang='grc' dir='ltr'>καὶ</span> <span class='ocrx_word' id='word_1_464' title='bbox 3204 1736 3388 1802; x_wconf 85' lang='grc' dir='ltr'>σῶμα,</span> <span class='ocrx_word' id='word_1_465' title='bbox 3424 1737 3521 1787; x_wconf 78' lang='grc' dir='ltr'>καὶ</span> <span class='ocrx_word' id='word_1_466' title='bbox 3554 1734 3863 1803; x_wconf 59' lang='grc' dir='ltr'>μερίζεταε</span> <span class='ocrx_word' id='word_1_467' title='bbox 3871 1734 3966 1786; x_wconf 80' lang='grc' dir='ltr'>καὶ</span> <span class='ocrx_word' id='word_1_468' title='bbox 3990 1737 4050 1786; x_wconf 86' lang='grc' dir='ltr'>οὐ</span> 
     </span>
    </p>
   </div>
   <div class='ocr_carea' id='block_1_60' title="bbox 2481 1797 4053 1897">
    <p class='ocr_par' dir='ltr' id='par_1_60' title="bbox 2481 1797 4053 1897">
     <span class='ocr_line' id='line_1_60' title="bbox 2481 1797 4053 1897; baseline -0.003 -17"><span class='ocrx_word' id='word_1_469' title='bbox 2481 1797 2792 1897; x_wconf 75' lang='grc' dir='ltr'>μερίζεται,</span> <span class='ocrx_word' id='word_1_470' title='bbox 2818 1797 3002 1895; x_wconf 78' lang='grc' dir='ltr'>πολλῷ</span> <span class='ocrx_word' id='word_1_471' title='bbox 3040 1828 3242 1897; x_wconf 80' lang='grc' dir='ltr'>μᾶλλον</span> <span class='ocrx_word' id='word_1_472' title='bbox 3270 1797 3401 1880; x_wconf 73' lang='grc' dir='ltr'>δταν</span> <span class='ocrx_word' id='word_1_473' title='bbox 3437 1797 3568 1897; x_wconf 66' lang='grc' dir='ltr'>περί</span> <span class='ocrx_word' id='word_1_474' title='bbox 3605 1797 3888 1895; x_wconf 64' lang='grc' dir='ltr'>ἐνεργείοῖξ</span> <span class='ocrx_word' id='word_1_475' title='bbox 3909 1825 3938 1875; x_wconf 97' lang='lat'>0</span> <span class='ocrx_word' id='word_1_476' title='bbox 3970 1824 4053 1876; x_wconf 82' lang='grc' dir='ltr'>λό-</span> 
     </span>
    </p>
   </div>
   <div class='ocr_carea' id='block_1_61' title="bbox 2475 1916 4051 1994">
    <p class='ocr_par' dir='ltr' id='par_1_61' title="bbox 2475 1916 4051 1994">
     <span class='ocr_line' id='line_1_61' title="bbox 2475 1916 4051 1994; baseline -0.003 -21"><span class='ocrx_word' id='word_1_477' title='bbox 2475 1938 2570 1990; x_wconf 88' lang='grc' dir='ltr'>γος</span> <span class='ocrx_word' id='word_1_478' title='bbox 2598 1918 2654 1994; x_wconf 80' lang='grc' dir='ltr'>ᾖ,</span> <span class='ocrx_word' id='word_1_479' title='bbox 2700 1923 2795 1973; x_wconf 74' lang='grc' dir='ltr'>καὶ</span> <span class='ocrx_word' id='word_1_480' title='bbox 2843 1922 3125 1990; x_wconf 78' lang='grc' dir='ltr'>ἐνεργείας</span> <span class='ocrx_word' id='word_1_481' title='bbox 3158 1921 3259 1989; x_wconf 86' lang='grc' dir='ltr'>τῆς</span> <span class='ocrx_word' id='word_1_482' title='bbox 3289 1920 3350 1984; x_wconf 68' lang='grc' dir='ltr'>ἐξ</span> <span class='ocrx_word' id='word_1_483' title='bbox 3388 1920 3683 1988; x_wconf 86' lang='grc' dir='ltr'>ἀσωμάτου</span> <span class='ocrx_word' id='word_1_484' title='bbox 3719 1916 3929 1981; x_wconf 77' lang='grc' dir='ltr'>οὐσίας,</span> <span class='ocrx_word' id='word_1_485' title='bbox 3962 1918 4051 1968; x_wconf 86' lang='grc' dir='ltr'>ού-</span> 
     </span>
    </p>
   </div>
   <div class='ocr_carea' id='block_1_62' title="bbox 2472 2010 4047 2088">
    <p class='ocr_par' dir='ltr' id='par_1_62' title="bbox 2472 2010 4047 2088">
     <span class='ocr_line' id='line_1_62' title="bbox 2472 2010 4047 2088; baseline -0.004 -20"><span class='ocrx_word' id='word_1_486' title='bbox 2472 2016 2561 2068; x_wconf 77' lang='grc' dir='ltr'>δὲν</span> <span class='ocrx_word' id='word_1_487' title='bbox 2586 2014 2734 2077; x_wconf 82' lang='grc' dir='ltr'>είκδς</span> <span class='ocrx_word' id='word_1_488' title='bbox 2761 2014 3004 2067; x_wconf 85' lang='grc' dir='ltr'>τοιοῦτον</span> <span class='ocrx_word' id='word_1_489' title='bbox 3031 2014 3244 2088; x_wconf 57' lang='grc' dir='ltr'>παθεῖν.</span> <span class='ocrx_word' id='word_1_490' title='bbox 3280 2014 3374 2065; x_wconf 84' lang='grc' dir='ltr'>Διδ</span> <span class='ocrx_word' id='word_1_491' title='bbox 3400 2013 3493 2065; x_wconf 71' lang='grc' dir='ltr'>καλ⁵</span> <span class='ocrx_word' id='word_1_492' title='bbox 3533 2012 3793 2079; x_wconf 85' lang='grc' dir='ltr'>Ἰωάννης</span> <span class='ocrx_word' id='word_1_493' title='bbox 3835 2010 4047 2076; x_wconf 70' lang='grc' dir='ltr'>ἔλεγεν,</span> 
     </span>
    </p>
   </div>
   <div class='ocr_carea' id='block_1_63' title="bbox 2487 2099 4052 2175">
    <p class='ocr_par' dir='ltr' id='par_1_63' title="bbox 2487 2099 4052 2175">
     <span class='ocr_line' id='line_1_63' title="bbox 2487 2099 4052 2175; baseline -0.004 -15"><span class='ocrx_word' id='word_1_494' title='bbox 2487 2106 2591 2160; x_wconf 82' lang='grc' dir='ltr'>Ἐκ</span> <span class='ocrx_word' id='word_1_495' title='bbox 2624 2107 2732 2160; x_wconf 80' lang='grc' dir='ltr'>τοῦ</span> <span class='ocrx_word' id='word_1_496' title='bbox 2761 2105 3153 2175; x_wconf 72' lang='grc' dir='ltr'>πληρώματος</span> <span class='ocrx_word' id='word_1_497' title='bbox 3190 2103 3380 2158; x_wconf 85' lang='grc' dir='ltr'>αὐτοῦ</span> <span class='ocrx_word' id='word_1_498' title='bbox 3414 2103 3587 2172; x_wconf 76' lang='grc' dir='ltr'>ἡμεῖς</span> <span class='ocrx_word' id='word_1_499' title='bbox 3637 2102 3866 2165; x_wconf 81' lang='grc' dir='ltr'>πάντες</span> <span class='ocrx_word' id='word_1_500' title='bbox 3906 2099 4052 2153; x_wconf 71' lang='grc' dir='ltr'>ἐλά-</span> 
     </span>
    </p>
   </div>
   <div class='ocr_carea' id='block_1_64' title="bbox 2474 2204 2676 2270">
    <p class='ocr_par' dir='ltr' id='par_1_64' title="bbox 2474 2204 2676 2270">
     <span class='ocr_line' id='line_1_64' title="bbox 2474 2204 2676 2270; baseline -0.015 -15"><span class='ocrx_word' id='word_1_501' title='bbox 2474 2204 2676 2270; x_wconf 76' lang='grc' dir='ltr'>ϐομεν.</span> 
     </span>
    </p>
   </div>
   <div class='ocr_carea' id='block_1_65' title="bbox 2544 2286 4046 2360">
    <p class='ocr_par' dir='ltr' id='par_1_65' title="bbox 2544 2286 4046 2360">
     <span class='ocr_line' id='line_1_65' title="bbox 2544 2286 4046 2360; baseline -0.003 -16"><span class='ocrx_word' id='word_1_502' title='bbox 2544 2293 2655 2344; x_wconf 73' lang='grc' dir='ltr'>Καὶ</span> <span class='ocrx_word' id='word_1_503' title='bbox 2678 2291 2825 2343; x_wconf 81' lang='grc' dir='ltr'>τοῦτ’</span> <span class='ocrx_word' id='word_1_504' title='bbox 2855 2290 2985 2343; x_wconf 82' lang='grc' dir='ltr'>αὑτό</span> <span class='ocrx_word' id='word_1_505' title='bbox 3011 2291 3159 2341; x_wconf 75' lang='grc' dir='ltr'>ἐστιν</span> <span class='ocrx_word' id='word_1_506' title='bbox 3191 2291 3219 2342; x_wconf 88' lang='lat'>0</span> <span class='ocrx_word' id='word_1_507' title='bbox 3251 2291 3345 2342; x_wconf 73' lang='grc' dir='ltr'>καὶ</span> <span class='ocrx_word' id='word_1_508' title='bbox 3367 2291 3395 2342; x_wconf 92' lang='lat'>0</span> <span class='ocrx_word' id='word_1_509' title='bbox 3422 2289 3679 2357; x_wconf 85' lang='grc' dir='ltr'>θεολόγος</span> <span class='ocrx_word' id='word_1_510' title='bbox 3708 2288 3815 2360; x_wconf 78' lang='grc' dir='ltr'>πρὸ</span> <span class='ocrx_word' id='word_1_511' title='bbox 3843 2286 4046 2359; x_wconf 83' lang='grc' dir='ltr'>μικροῦ</span> 
     </span>
    </p>
   </div>
   <div class='ocr_carea' id='block_1_66' title="bbox 2472 2381 4049 2453">
    <p class='ocr_par' dir='ltr' id='par_1_66' title="bbox 2472 2381 4049 2453">
     <span class='ocr_line' id='line_1_66' title="bbox 2472 2381 4049 2453; baseline -0.001 -16"><span class='ocrx_word' id='word_1_512' title='bbox 2472 2384 2745 2453; x_wconf 86' lang='grc' dir='ltr'>δήπουθεν</span> <span class='ocrx_word' id='word_1_513' title='bbox 2774 2385 2869 2437; x_wconf 86' lang='grc' dir='ltr'>νῦν</span> <span class='ocrx_word' id='word_1_514' title='bbox 2897 2385 2998 2451; x_wconf 78' lang='grc' dir='ltr'>μὲν</span> <span class='ocrx_word' id='word_1_515' title='bbox 3029 2384 3159 2452; x_wconf 77' lang='grc' dir='ltr'>περὶ</span> <span class='ocrx_word' id='word_1_516' title='bbox 3194 2384 3301 2437; x_wconf 81' lang='grc' dir='ltr'>τῶν</span> <span class='ocrx_word' id='word_1_517' title='bbox 3328 2383 3600 2451; x_wconf 85' lang='grc' dir='ltr'>ἀγγέλων,</span> <span class='ocrx_word' id='word_1_518' title='bbox 3633 2381 3902 2450; x_wconf 88' lang='grc' dir='ltr'>Δεύτερον</span> <span class='ocrx_word' id='word_1_519' title='bbox 3932 2382 4049 2450; x_wconf 78' lang='grc' dir='ltr'>φῶς</span> 
     </span>
    </p>
   </div>
   <div class='ocr_carea' id='block_1_67' title="bbox 2472 2466 4044 2544">
    <p class='ocr_par' dir='ltr' id='par_1_67' title="bbox 2472 2466 4044 2544">
     <span class='ocr_line' id='line_1_67' title="bbox 2472 2466 4044 2544; baseline -0.001 -18"><span class='ocrx_word' id='word_1_520' title='bbox 2472 2466 2733 2539; x_wconf 66' lang='grc' dir='ltr'>ἅγγελος,</span> <span class='ocrx_word' id='word_1_521' title='bbox 2774 2472 2951 2539; x_wconf 78' lang='grc' dir='ltr'>ἔλεγε,</span> <span class='ocrx_word' id='word_1_522' title='bbox 2984 2471 3078 2525; x_wconf 91' lang='grc' dir='ltr'>τοῦ</span> <span class='ocrx_word' id='word_1_523' title='bbox 3116 2472 3335 2541; x_wconf 89' lang='grc' dir='ltr'>πρώτου</span> <span class='ocrx_word' id='word_1_524' title='bbox 3366 2473 3544 2541; x_wconf 79' lang='grc' dir='ltr'>φωτὸς</span> <span class='ocrx_word' id='word_1_525' title='bbox 3596 2474 3844 2544; x_wconf 80' lang='grc' dir='ltr'>ἀπορῤοὴ</span> <span class='ocrx_word' id='word_1_526' title='bbox 3887 2490 3971 2536; x_wconf 89' lang='grc' dir='ltr'>τις</span> <span class='ocrx_word' id='word_1_527' title='bbox 4010 2474 4044 2542; x_wconf 80' lang='grc' dir='ltr'>ἦ</span> 
     </span>
    </p>
   </div>
   <div class='ocr_carea' id='block_1_68' title="bbox 2478 2566 4047 2636">
    <p class='ocr_par' dir='ltr' id='par_1_68' title="bbox 2478 2566 4047 2636">
     <span class='ocr_line' id='line_1_68' title="bbox 2478 2566 4047 2636; baseline 0.001 -19"><span class='ocrx_word' id='word_1_528' title='bbox 2478 2568 2769 2633; x_wconf 84' lang='grc' dir='ltr'>μετουσία,</span> <span class='ocrx_word' id='word_1_529' title='bbox 2800 2567 2897 2618; x_wconf 74' lang='grc' dir='ltr'>καὶ</span> <span class='ocrx_word' id='word_1_530' title='bbox 2931 2566 3083 2633; x_wconf 85' lang='grc' dir='ltr'>φῶτα</span> <span class='ocrx_word' id='word_1_531' title='bbox 3114 2566 3345 2636; x_wconf 84' lang='grc' dir='ltr'>δεύτερα</span> <span class='ocrx_word' id='word_1_532' title='bbox 3376 2566 3471 2619; x_wconf 89' lang='grc' dir='ltr'>τοῦ</span> <span class='ocrx_word' id='word_1_533' title='bbox 3518 2566 3739 2635; x_wconf 86' lang='grc' dir='ltr'>πρώτου</span> <span class='ocrx_word' id='word_1_534' title='bbox 3776 2567 3952 2633; x_wconf 67' lang='grc' dir='ltr'>φωτὸς</span> <span class='ocrx_word' id='word_1_535' title='bbox 3982 2568 4047 2619; x_wconf 76' lang='grc' dir='ltr'>ἀο</span> 
     </span>
    </p>
   </div>
   <div class='ocr_carea' id='block_1_69' title="bbox 2473 2657 4047 2728">
    <p class='ocr_par' dir='ltr' id='par_1_69' title="bbox 2473 2657 4047 2728">
     <span class='ocr_line' id='line_1_69' title="bbox 2473 2657 4047 2728; baseline 0.001 -17"><span class='ocrx_word' id='word_1_536' title='bbox 2473 2659 2847 2727; x_wconf 82' lang='grc' dir='ltr'>παυγάσματα</span> <span class='ocrx_word' id='word_1_537' title='bbox 2874 2658 2930 2711; x_wconf 83' lang='grc' dir='ltr'>αί</span> <span class='ocrx_word' id='word_1_538' title='bbox 2963 2658 3089 2724; x_wconf 75' lang='grc' dir='ltr'>περὶ</span> <span class='ocrx_word' id='word_1_539' title='bbox 3113 2657 3277 2709; x_wconf 74' lang='grc' dir='ltr'>αὑτὸν</span> <span class='ocrx_word' id='word_1_540' title='bbox 3310 2659 3570 2727; x_wconf 83' lang='grc' dir='ltr'>δυνάμεις</span> <span class='ocrx_word' id='word_1_541' title='bbox 3590 2659 3677 2710; x_wconf 78' lang='grc' dir='ltr'>καὶ</span> <span class='ocrx_word' id='word_1_542' title='bbox 3700 2659 3769 2710; x_wconf 89' lang='grc' dir='ltr'>τά</span> <span class='ocrx_word' id='word_1_543' title='bbox 3798 2659 4047 2728; x_wconf 86' lang='grc' dir='ltr'>λειτουρ-</span> 
     </span>
    </p>
   </div>
   <div class='ocr_carea' id='block_1_70' title="bbox 2472 2749 4045 2818">
    <p class='ocr_par' dir='ltr' id='par_1_70' title="bbox 2472 2749 4045 2818">
     <span class='ocr_line' id='line_1_70' title="bbox 2472 2749 4045 2818; baseline 0.001 -17"><span class='ocrx_word' id='word_1_544' title='bbox 2472 2751 2606 2814; x_wconf 83' lang='grc' dir='ltr'>γικὰ</span> <span class='ocrx_word' id='word_1_545' title='bbox 2638 2749 2950 2818; x_wconf 84' lang='grc' dir='ltr'>πνεύματα,</span> <span class='ocrx_word' id='word_1_546' title='bbox 2980 2749 3075 2802; x_wconf 89' lang='grc' dir='ltr'>νῦν</span> <span class='ocrx_word' id='word_1_547' title='bbox 3107 2750 3153 2800; x_wconf 85' lang='grc' dir='ltr'>δ’</span> <span class='ocrx_word' id='word_1_548' title='bbox 3186 2749 3343 2811; x_wconf 77' lang='grc' dir='ltr'>αὖθις</span> <span class='ocrx_word' id='word_1_549' title='bbox 3374 2753 3468 2802; x_wconf 75' lang='grc' dir='ltr'>καὶ</span> <span class='ocrx_word' id='word_1_550' title='bbox 3496 2752 3624 2818; x_wconf 70' lang='grc' dir='ltr'>περὶ</span> <span class='ocrx_word' id='word_1_551' title='bbox 3657 2752 3767 2803; x_wconf 87' lang='grc' dir='ltr'>τῶν</span> <span class='ocrx_word' id='word_1_552' title='bbox 3797 2751 3917 2804; x_wconf 84' lang='grc' dir='ltr'>κατ’</span> <span class='ocrx_word' id='word_1_553' title='bbox 3943 2753 4045 2803; x_wconf 84' lang='grc' dir='ltr'>αύ-</span> 
     </span>
    </p>
   </div>
   <div class='ocr_carea' id='block_1_71' title="bbox 2473 2842 4047 2911">
    <p class='ocr_par' dir='ltr' id='par_1_71' title="bbox 2473 2842 4047 2911">
     <span class='ocr_line' id='line_1_71' title="bbox 2473 2842 4047 2911; baseline 0.004 -21"><span class='ocrx_word' id='word_1_554' title='bbox 2473 2842 2565 2891; x_wconf 89' lang='grc' dir='ltr'>τόν</span> <span class='ocrx_word' id='word_1_555' title='bbox 2599 2858 2742 2909; x_wconf 89' lang='grc' dir='ltr'>φημι</span> <span class='ocrx_word' id='word_1_556' title='bbox 2776 2842 2967 2894; x_wconf 87' lang='grc' dir='ltr'>τοῦτον</span> <span class='ocrx_word' id='word_1_557' title='bbox 3005 2843 3165 2908; x_wconf 83' lang='grc' dir='ltr'>ίερῶν</span> <span class='ocrx_word' id='word_1_558' title='bbox 3196 2844 3287 2893; x_wconf 80' lang='grc' dir='ltr'>καὶ</span> <span class='ocrx_word' id='word_1_559' title='bbox 3338 2843 3587 2893; x_wconf 86' lang='grc' dir='ltr'>θεοειδῶν</span> <span class='ocrx_word' id='word_1_560' title='bbox 3616 2843 3943 2911; x_wconf 85' lang='grc' dir='ltr'>ἀνθρώπων,</span> <span class='ocrx_word' id='word_1_561' title='bbox 3974 2845 4047 2897; x_wconf 82' lang='grc' dir='ltr'>Τὺ</span> 
     </span>
    </p>
   </div>
   <div class='ocr_carea' id='block_1_72' title="bbox 2472 2929 4047 3005">
    <p class='ocr_par' dir='ltr' id='par_1_72' title="bbox 2472 2929 4047 3005">
     <span class='ocr_line' id='line_1_72' title="bbox 2472 2929 4047 3005; baseline 0.003 -21"><span class='ocrx_word' id='word_1_562' title='bbox 2472 2934 2527 2985; x_wconf 80' lang='grc' dir='ltr'>δὲ</span> <span class='ocrx_word' id='word_1_563' title='bbox 2556 2931 2653 2985; x_wconf 91' lang='grc' dir='ltr'>νῦν</span> <span class='ocrx_word' id='word_1_564' title='bbox 2678 2929 2838 2999; x_wconf 77' lang='grc' dir='ltr'>εἶναι,</span> <span class='ocrx_word' id='word_1_565' title='bbox 2870 2935 3022 3001; x_wconf 74' lang='grc' dir='ltr'>φησὶ,</span> <span class='ocrx_word' id='word_1_566' title='bbox 3059 2933 3289 3002; x_wconf 85' lang='grc' dir='ltr'>βραχεῖά</span> <span class='ocrx_word' id='word_1_567' title='bbox 3309 2951 3393 2995; x_wconf 88' lang='grc' dir='ltr'>τις</span> <span class='ocrx_word' id='word_1_568' title='bbox 3417 2934 3665 3005; x_wconf 77' lang='grc' dir='ltr'>ἀπορροὴ</span> <span class='ocrx_word' id='word_1_569' title='bbox 3697 2939 3806 2987; x_wconf 72' lang='grc' dir='ltr'>πᾶν</span> <span class='ocrx_word' id='word_1_570' title='bbox 3835 2936 3927 2987; x_wconf 79' lang='grc' dir='ltr'>τὸν</span> <span class='ocrx_word' id='word_1_571' title='bbox 3965 2938 4047 3000; x_wconf 85' lang='grc' dir='ltr'>είς</span> 
     </span>
    </p>
   </div>
   <div class='ocr_carea' id='block_1_73' title="bbox 2474 3020 4049 3095">
    <p class='ocr_par' dir='ltr' id='par_1_73' title="bbox 2474 3020 4049 3095">
     <span class='ocr_line' id='line_1_73' title="bbox 2474 3020 4049 3095; baseline 0.001 -18"><span class='ocrx_word' id='word_1_572' title='bbox 2474 3025 2625 3093; x_wconf 80' lang='grc' dir='ltr'>ἡμᾶς</span> <span class='ocrx_word' id='word_1_573' title='bbox 2655 3025 2878 3094; x_wconf 84' lang='grc' dir='ltr'>φθάνον,</span> <span class='ocrx_word' id='word_1_574' title='bbox 2904 3027 2999 3078; x_wconf 78' lang='grc' dir='ltr'>καὶ</span> <span class='ocrx_word' id='word_1_575' title='bbox 3025 3020 3135 3076; x_wconf 77' lang='grc' dir='ltr'>οἷον</span> <span class='ocrx_word' id='word_1_576' title='bbox 3165 3026 3402 3092; x_wconf 87' lang='grc' dir='ltr'>μεγάλου</span> <span class='ocrx_word' id='word_1_577' title='bbox 3434 3028 3615 3093; x_wconf 81' lang='grc' dir='ltr'>φωτὸς</span> <span class='ocrx_word' id='word_1_578' title='bbox 3648 3020 3841 3095; x_wconf 70' lang='grc' dir='ltr'>μικρὸν</span> <span class='ocrx_word' id='word_1_579' title='bbox 3868 3029 4049 3081; x_wconf 85' lang='grc' dir='ltr'>ἀπαύ-</span> 
     </span>
    </p>
   </div>
   <div class='ocr_carea' id='block_1_74' title="bbox 2472 3116 4048 3187">
    <p class='ocr_par' dir='ltr' id='par_1_74' title="bbox 2472 3116 4048 3187">
     <span class='ocr_line' id='line_1_74' title="bbox 2472 3116 4048 3187; baseline 0.004 -21"><span class='ocrx_word' id='word_1_580' title='bbox 2472 3131 2683 3182; x_wconf 90' lang='grc' dir='ltr'>γασμα,</span> <span class='ocrx_word' id='word_1_581' title='bbox 2714 3116 2844 3185; x_wconf 72' lang='grc' dir='ltr'>περὶ</span> <span class='ocrx_word' id='word_1_582' title='bbox 2874 3116 3042 3183; x_wconf 78' lang='grc' dir='ltr'>αὐτῆς</span> <span class='ocrx_word' id='word_1_583' title='bbox 3075 3117 3277 3182; x_wconf 83' lang='grc' dir='ltr'>ταύτης</span> <span class='ocrx_word' id='word_1_584' title='bbox 3303 3118 3476 3183; x_wconf 86' lang='grc' dir='ltr'>λέγων</span> <span class='ocrx_word' id='word_1_585' title='bbox 3504 3119 3603 3186; x_wconf 82' lang='grc' dir='ltr'>τῆς</span> <span class='ocrx_word' id='word_1_586' title='bbox 3635 3119 3871 3187; x_wconf 78' lang='grc' dir='ltr'>φυσικῆς</span> <span class='ocrx_word' id='word_1_587' title='bbox 3896 3119 4048 3179; x_wconf 89' lang='grc' dir='ltr'>θείας</span> 
     </span>
    </p>
   </div>
   <div class='ocr_carea' id='block_1_75' title="bbox 2472 3199 4045 3277">
    <p class='ocr_par' dir='ltr' id='par_1_75' title="bbox 2472 3199 4045 3277">
     <span class='ocr_line' id='line_1_75' title="bbox 2472 3199 4045 3277; baseline 0.003 -21"><span class='ocrx_word' id='word_1_588' title='bbox 2472 3205 2779 3272; x_wconf 75' lang='grc' dir='ltr'>ἐνεργείας,</span> <span class='ocrx_word' id='word_1_589' title='bbox 2835 3199 2903 3277; x_wconf 79' lang='grc' dir='ltr'>ἧς</span> <span class='ocrx_word' id='word_1_590' title='bbox 2961 3206 3132 3276; x_wconf 76' lang='grc' dir='ltr'>δήπου</span> <span class='ocrx_word' id='word_1_591' title='bbox 3174 3209 3269 3261; x_wconf 77' lang='grc' dir='ltr'>καὶ</span> <span class='ocrx_word' id='word_1_592' title='bbox 3316 3208 3376 3259; x_wconf 84' lang='grc' dir='ltr'>τὸ</span> <span class='ocrx_word' id='word_1_593' title='bbox 3419 3208 3742 3277; x_wconf 75' lang='grc' dir='ltr'>μερίζεσθαί</span> <span class='ocrx_word' id='word_1_594' title='bbox 3793 3226 3955 3276; x_wconf 82' lang='grc' dir='ltr'>φασιν</span> <span class='ocrx_word' id='word_1_595' title='bbox 3997 3212 4045 3262; x_wconf 86' lang='grc' dir='ltr'>οί</span> 
     </span>
    </p>
   </div>
   <div class='ocr_carea' id='block_1_76' title="bbox 2474 3296 2651 3350">
    <p class='ocr_par' dir='ltr' id='par_1_76' title="bbox 2474 3296 2651 3350">
     <span class='ocr_line' id='line_1_76' title="bbox 2474 3296 2651 3350; baseline 0.006 -1"><span class='ocrx_word' id='word_1_596' title='bbox 2474 3296 2651 3350; x_wconf 52' lang='grc' dir='ltr'>αὐτοῇ</span> 
     </span>
    </p>
   </div>
   <div class='ocr_carea' id='block_1_77' title="bbox 2544 3388 4042 3461">
    <p class='ocr_par' dir='ltr' id='par_1_77' title="bbox 2544 3388 4042 3461">
     <span class='ocr_line' id='line_1_77' title="bbox 2544 3388 4042 3461; baseline 0.003 -20"><span class='ocrx_word' id='word_1_597' title='bbox 2544 3389 2654 3441; x_wconf 73' lang='grc' dir='ltr'>Καὶ</span> <span class='ocrx_word' id='word_1_598' title='bbox 2687 3388 2849 3441; x_wconf 88' lang='grc' dir='ltr'>πάλιν</span> <span class='ocrx_word' id='word_1_599' title='bbox 2900 3390 2927 3441; x_wconf 89' lang='lat'>0</span> <span class='ocrx_word' id='word_1_600' title='bbox 2978 3390 3181 3449; x_wconf 79' lang='grc' dir='ltr'>αὐτός·</span> <span class='ocrx_word' id='word_1_601' title='bbox 3228 3390 3425 3443; x_wconf 82' lang='grc' dir='ltr'>Ἰακὼϐ</span> <span class='ocrx_word' id='word_1_602' title='bbox 3459 3391 3515 3443; x_wconf 77' lang='grc' dir='ltr'>δὲ</span> <span class='ocrx_word' id='word_1_603' title='bbox 3547 3391 3791 3459; x_wconf 82' lang='grc' dir='ltr'>κλίμακα</span> <span class='ocrx_word' id='word_1_604' title='bbox 3846 3391 3946 3461; x_wconf 79' lang='grc' dir='ltr'>μὲν</span> <span class='ocrx_word' id='word_1_605' title='bbox 3991 3394 4042 3445; x_wconf 69' lang='lat'>1&#39;)-</span> 
     </span>
    </p>
   </div>
   <div class='ocr_carea' id='block_1_78' title="bbox 2471 3480 4049 3553">
    <p class='ocr_par' dir='ltr' id='par_1_78' title="bbox 2471 3480 4049 3553">
     <span class='ocr_line' id='line_1_78' title="bbox 2471 3480 4049 3553; baseline -0.008 -16"><span class='ocrx_word' id='word_1_606' title='bbox 2471 3483 2651 3553; x_wconf 72' lang='grc' dir='ltr'>ψηλὴν</span> <span class='ocrx_word' id='word_1_607' title='bbox 2677 3482 2993 3553; x_wconf 81' lang='grc' dir='ltr'>ὲφαντάσθη</span> <span class='ocrx_word' id='word_1_608' title='bbox 3018 3482 3160 3546; x_wconf 85' lang='grc' dir='ltr'>τινὰ,</span> <span class='ocrx_word' id='word_1_609' title='bbox 3188 3483 3281 3533; x_wconf 75' lang='grc' dir='ltr'>καὶ</span> <span class='ocrx_word' id='word_1_610' title='bbox 3305 3480 3556 3548; x_wconf 88' lang='grc' dir='ltr'>ἀγγέλων</span> <span class='ocrx_word' id='word_1_611' title='bbox 3589 3482 3775 3535; x_wconf 81' lang='grc' dir='ltr'>ἄνοδον</span> <span class='ocrx_word' id='word_1_612' title='bbox 3805 3485 3896 3534; x_wconf 72' lang='grc' dir='ltr'>καὶ</span> <span class='ocrx_word' id='word_1_613' title='bbox 3922 3486 4049 3551; x_wconf 71' lang='grc' dir='ltr'>στή.</span> 
     </span>
    </p>
   </div>
   <div class='ocr_carea' id='block_1_79' title="bbox 2475 3574 4047 3645">
    <p class='ocr_par' dir='ltr' id='par_1_79' title="bbox 2475 3574 4047 3645">
     <span class='ocr_line' id='line_1_79' title="bbox 2475 3574 4047 3645; baseline -0.001 -17"><span class='ocrx_word' id='word_1_614' title='bbox 2475 3578 2573 3642; x_wconf 91' lang='grc' dir='ltr'>λην</span> <span class='ocrx_word' id='word_1_615' title='bbox 2603 3577 2815 3645; x_wconf 85' lang='grc' dir='ltr'>είλήφει</span> <span class='ocrx_word' id='word_1_616' title='bbox 2853 3575 3157 3644; x_wconf 81' lang='grc' dir='ltr'>μυστικῶς,</span> <span class='ocrx_word' id='word_1_617' title='bbox 3196 3575 3351 3639; x_wconf 76' lang='grc' dir='ltr'>ἴσως,</span> <span class='ocrx_word' id='word_1_618' title='bbox 3406 3575 3492 3626; x_wconf 85' lang='grc' dir='ltr'>ἵνα</span> <span class='ocrx_word' id='word_1_619' title='bbox 3545 3576 3636 3626; x_wconf 77' lang='grc' dir='ltr'>τὸν</span> <span class='ocrx_word' id='word_1_620' title='bbox 3694 3574 3834 3643; x_wconf 81' lang='grc' dir='ltr'>ὑπὲρ</span> <span class='ocrx_word' id='word_1_621' title='bbox 3891 3576 4047 3642; x_wconf 67' lang='grc' dir='ltr'>ἡμῶν</span> 
     </span>
    </p>
   </div>
   <div class='ocr_carea' id='block_1_80' title="bbox 2471 3665 4041 3736">
    <p class='ocr_par' dir='ltr' id='par_1_80' title="bbox 2471 3665 4041 3736">
     <span class='ocr_line' id='line_1_80' title="bbox 2471 3665 4041 3736; baseline -0.001 -16"><span class='ocrx_word' id='word_1_622' title='bbox 2471 3668 2796 3736; x_wconf 80' lang='grc' dir='ltr'>ἀλειφθέντα</span> <span class='ocrx_word' id='word_1_623' title='bbox 2850 3667 2997 3719; x_wconf 86' lang='grc' dir='ltr'>λίθον</span> <span class='ocrx_word' id='word_1_624' title='bbox 3048 3665 3438 3736; x_wconf 85' lang='grc' dir='ltr'>παραδηλώσῃ.</span> <span class='ocrx_word' id='word_1_625' title='bbox 3477 3668 3587 3719; x_wconf 77' lang='grc' dir='ltr'>Καὶ</span> <span class='ocrx_word' id='word_1_626' title='bbox 3644 3670 3760 3735; x_wconf 82' lang='grc' dir='ltr'>μετ’</span> <span class='ocrx_word' id='word_1_627' title='bbox 3822 3667 4041 3733; x_wconf 80' lang='grc' dir='ltr'>ὀλίγον,</span> 
     </span>
    </p>
   </div>
   <div class='ocr_carea' id='block_1_81' title="bbox 2486 3756 4044 3828">
    <p class='ocr_par' dir='ltr' id='par_1_81' title="bbox 2486 3756 4044 3828">
     <span class='ocr_line' id='line_1_81' title="bbox 2486 3756 4044 3828; baseline -0.001 -15"><span class='ocrx_word' id='word_1_628' title='bbox 2486 3763 2692 3813; x_wconf 83' lang='grc' dir='ltr'>Ἐκεῖνο</span> <span class='ocrx_word' id='word_1_629' title='bbox 2716 3761 2795 3822; x_wconf 86' lang='grc' dir='ltr'>δὲ,</span> <span class='ocrx_word' id='word_1_630' title='bbox 2826 3761 3013 3828; x_wconf 79' lang='grc' dir='ltr'>φησὶν,</span> <span class='ocrx_word' id='word_1_631' title='bbox 3048 3756 3174 3809; x_wconf 80' lang='grc' dir='ltr'>οῦτε</span> <span class='ocrx_word' id='word_1_632' title='bbox 3208 3758 3392 3822; x_wconf 82' lang='grc' dir='ltr'>αὐτὸς,</span> <span class='ocrx_word' id='word_1_633' title='bbox 3427 3758 3548 3809; x_wconf 75' lang='grc' dir='ltr'>οὔτε</span> <span class='ocrx_word' id='word_1_634' title='bbox 3588 3776 3669 3819; x_wconf 85' lang='grc' dir='ltr'>τις</span> <span class='ocrx_word' id='word_1_635' title='bbox 3706 3760 3846 3823; x_wconf 81' lang='grc' dir='ltr'>ὑπὲρ</span> <span class='ocrx_word' id='word_1_636' title='bbox 3882 3758 4044 3811; x_wconf 80' lang='grc' dir='ltr'>αὐτὸν</span> 
     </span>
    </p>
   </div>
   <div class='ocr_carea' id='block_1_82' title="bbox 2477 3844 4046 3922">
    <p class='ocr_par' dir='ltr' id='par_1_82' title="bbox 2477 3844 4046 3922">
     <span class='ocr_line' id='line_1_82' title="bbox 2477 3844 4046 3922; baseline -0.001 -18"><span class='ocrx_word' id='word_1_637' title='bbox 2477 3853 2640 3922; x_wconf 79' lang='grc' dir='ltr'>μέχρι</span> <span class='ocrx_word' id='word_1_638' title='bbox 2685 3852 2928 3919; x_wconf 84' lang='grc' dir='ltr'>σήμερον</span> <span class='ocrx_word' id='word_1_639' title='bbox 2954 3851 3301 3919; x_wconf 80' lang='grc' dir='ltr'>ἐκαυχήσατο</span> <span class='ocrx_word' id='word_1_640' title='bbox 3352 3850 3463 3901; x_wconf 87' lang='grc' dir='ltr'>τῶν</span> <span class='ocrx_word' id='word_1_641' title='bbox 3505 3849 3715 3903; x_wconf 86' lang='grc' dir='ltr'>δώδεκα</span> <span class='ocrx_word' id='word_1_642' title='bbox 3761 3850 3942 3918; x_wconf 82' lang='grc' dir='ltr'>φυλῶν</span> <span class='ocrx_word' id='word_1_643' title='bbox 3971 3844 4046 3902; x_wconf 80' lang='grc' dir='ltr'>ὧν</span> 
     </span>
    </p>
   </div>
   <div class='ocr_carea' id='block_1_83' title="bbox 2473 3938 4048 4011">
    <p class='ocr_par' dir='ltr' id='par_1_83' title="bbox 2473 3938 4048 4011">
     <span class='ocr_line' id='line_1_83' title="bbox 2473 3938 4048 4011; baseline 0.001 -19"><span class='ocrx_word' id='word_1_644' title='bbox 2473 3944 2657 4011; x_wconf 76' lang='grc' dir='ltr'>πατὴρ</span> <span class='ocrx_word' id='word_1_645' title='bbox 2685 3938 2773 4006; x_wconf 82' lang='grc' dir='ltr'>ἦν,</span> <span class='ocrx_word' id='word_1_646' title='bbox 2807 3943 2889 3993; x_wconf 84' lang='grc' dir='ltr'>ὅτι</span> <span class='ocrx_word' id='word_1_647' title='bbox 2927 3940 3071 3994; x_wconf 90' lang='grc' dir='ltr'>Θεοῦ</span> <span class='ocrx_word' id='word_1_648' title='bbox 3097 3941 3257 4007; x_wconf 87' lang='grc' dir='ltr'>φύσιν</span> <span class='ocrx_word' id='word_1_649' title='bbox 3288 3940 3415 4007; x_wconf 79' lang='grc' dir='ltr'>ὅλην</span> <span class='ocrx_word' id='word_1_650' title='bbox 3445 3942 3477 4011; x_wconf 85' lang='grc' dir='ltr'>ἣ</span> <span class='ocrx_word' id='word_1_651' title='bbox 3511 3941 3633 4008; x_wconf 77' lang='grc' dir='ltr'>ὄψιν</span> <span class='ocrx_word' id='word_1_652' title='bbox 3665 3944 3931 4011; x_wconf 78' lang='grc' dir='ltr'>ἐχώρησε.</span> <span class='ocrx_word' id='word_1_653' title='bbox 3957 3943 4048 3994; x_wconf 83' lang='grc' dir='ltr'>Διδ</span> 
     </span>
    </p>
   </div>
   <div class='ocr_carea' id='block_1_84' title="bbox 2474 4031 4048 4102">
    <p class='ocr_par' dir='ltr' id='par_1_84' title="bbox 2474 4031 4048 4102">
     <span class='ocr_line' id='line_1_84' title="bbox 2474 4031 4048 4102; baseline 0.001 -17"><span class='ocrx_word' id='word_1_654' title='bbox 2474 4036 2569 4086; x_wconf 80' lang='grc' dir='ltr'>καὶ</span> <span class='ocrx_word' id='word_1_655' title='bbox 2604 4034 2888 4101; x_wconf 84' lang='grc' dir='ltr'>ἀνώνυμος</span> <span class='ocrx_word' id='word_1_656' title='bbox 2936 4031 3059 4084; x_wconf 84' lang='grc' dir='ltr'>καθ’</span> <span class='ocrx_word' id='word_1_657' title='bbox 3094 4032 3297 4098; x_wconf 81' lang='grc' dir='ltr'>ἑαυτὴν</span> <span class='ocrx_word' id='word_1_658' title='bbox 3347 4034 3380 4102; x_wconf 81' lang='grc' dir='ltr'>ἡ</span> <span class='ocrx_word' id='word_1_659' title='bbox 3429 4032 3522 4085; x_wconf 90' lang='grc' dir='ltr'>τοῦ</span> <span class='ocrx_word' id='word_1_660' title='bbox 3562 4033 3698 4085; x_wconf 84' lang='grc' dir='ltr'>Θεοῦ</span> <span class='ocrx_word' id='word_1_661' title='bbox 3746 4034 3909 4102; x_wconf 87' lang='grc' dir='ltr'>φύσις</span> <span class='ocrx_word' id='word_1_662' title='bbox 3954 4034 4048 4087; x_wconf 81' lang='grc' dir='ltr'>καὶ</span> 
     </span>
    </p>
   </div>
   <div class='ocr_carea' id='block_1_85' title="bbox 2474 4121 4045 4191">
    <p class='ocr_par' dir='ltr' id='par_1_85' title="bbox 2474 4121 4045 4191">
     <span class='ocr_line' id='line_1_85' title="bbox 2474 4121 4045 4191; baseline 0.001 -16"><span class='ocrx_word' id='word_1_663' title='bbox 2474 4125 2613 4177; x_wconf 81' lang='grc' dir='ltr'>κατὰ</span> <span class='ocrx_word' id='word_1_664' title='bbox 2643 4123 2830 4175; x_wconf 82' lang='grc' dir='ltr'>τοῦτόν</span> <span class='ocrx_word' id='word_1_665' title='bbox 2859 4140 3003 4191; x_wconf 87' lang='grc' dir='ltr'>φημι</span> <span class='ocrx_word' id='word_1_666' title='bbox 3036 4122 3130 4174; x_wconf 82' lang='grc' dir='ltr'>τὸν</span> <span class='ocrx_word' id='word_1_667' title='bbox 3151 4121 3425 4191; x_wconf 81' lang='grc' dir='ltr'>θεολόγον,</span> <span class='ocrx_word' id='word_1_668' title='bbox 3453 4124 3526 4185; x_wconf 85' lang='grc' dir='ltr'>ὠς</span> <span class='ocrx_word' id='word_1_669' title='bbox 3556 4125 3835 4190; x_wconf 75' lang='grc' dir='ltr'>ἄγνωστός</span> <span class='ocrx_word' id='word_1_670' title='bbox 3861 4142 3920 4176; x_wconf 89' lang='grc' dir='ltr'>τε</span> <span class='ocrx_word' id='word_1_671' title='bbox 3949 4127 4045 4177; x_wconf 76' lang='grc' dir='ltr'>καὶ</span> 
     </span>
    </p>
   </div>
   <div class='ocr_carea' id='block_1_86' title="bbox 2475 4214 4042 4284">
    <p class='ocr_par' dir='ltr' id='par_1_86' title="bbox 2475 4214 4042 4284">
     <span class='ocr_line' id='line_1_86' title="bbox 2475 4214 4042 4284; baseline 0.001 -17"><span class='ocrx_word' id='word_1_672' title='bbox 2475 4214 2859 4284; x_wconf 78' lang='grc' dir='ltr'>ὑπερώνυμος.</span> <span class='ocrx_word' id='word_1_673' title='bbox 2892 4214 2965 4266; x_wconf 82' lang='grc' dir='ltr'>Τὸ</span> <span class='ocrx_word' id='word_1_674' title='bbox 2998 4214 3139 4265; x_wconf 89' lang='grc' dir='ltr'>θεῖον</span> <span class='ocrx_word' id='word_1_675' title='bbox 3181 4216 3310 4283; x_wconf 86' lang='grc' dir='ltr'>γὰρ,</span> <span class='ocrx_word' id='word_1_676' title='bbox 3354 4215 3542 4283; x_wconf 82' lang='grc' dir='ltr'>φησὶν,</span> <span class='ocrx_word' id='word_1_677' title='bbox 3576 4216 4042 4281; x_wconf 81' lang='grc' dir='ltr'>ἀκατονόμαστον.</span> 
     </span>
    </p>
   </div>
   <div class='ocr_carea' id='block_1_87' title="bbox 2473 4300 4046 4372">
    <p class='ocr_par' dir='ltr' id='par_1_87' title="bbox 2473 4300 4046 4372">
     <span class='ocr_line' id='line_1_87' title="bbox 2473 4300 4046 4372; baseline 0.003 -19"><span class='ocrx_word' id='word_1_678' title='bbox 2473 4302 2584 4353; x_wconf 73' lang='grc' dir='ltr'>Καὶ</span> <span class='ocrx_word' id='word_1_679' title='bbox 2620 4302 2810 4353; x_wconf 89' lang='grc' dir='ltr'>τοῦτον</span> <span class='ocrx_word' id='word_1_680' title='bbox 2841 4300 3098 4370; x_wconf 86' lang='grc' dir='ltr'>δηλοῦσιν</span> <span class='ocrx_word' id='word_1_681' title='bbox 3152 4304 3249 4371; x_wconf 74' lang='grc' dir='ltr'>οὐχ</span> <span class='ocrx_word' id='word_1_682' title='bbox 3287 4305 3334 4354; x_wconf 83' lang='grc' dir='ltr'>οἱ</span> <span class='ocrx_word' id='word_1_683' title='bbox 3359 4303 3613 4371; x_wconf 80' lang='grc' dir='ltr'>λογισμοὶ</span> <span class='ocrx_word' id='word_1_684' title='bbox 3672 4304 3859 4372; x_wconf 82' lang='grc' dir='ltr'>μόνον,</span> <span class='ocrx_word' id='word_1_685' title='bbox 3909 4305 4046 4358; x_wconf 84' lang='grc' dir='ltr'>ἀλλά</span> 
     </span>
    </p>
   </div>
   <div class='ocr_carea' id='block_1_88' title="bbox 2474 4394 4041 4462">
    <p class='ocr_par' dir='ltr' id='par_1_88' title="bbox 2474 4394 4041 4462">
     <span class='ocr_line' id='line_1_88' title="bbox 2474 4394 4041 4462; baseline 0.001 -16"><span class='ocrx_word' id='word_1_686' title='bbox 2474 4394 2567 4446; x_wconf 74' lang='grc' dir='ltr'>καὶ</span> <span class='ocrx_word' id='word_1_687' title='bbox 2607 4394 2871 4462; x_wconf 83' lang='grc' dir='ltr'>Ἐϐραίων</span> <span class='ocrx_word' id='word_1_688' title='bbox 2899 4396 2949 4446; x_wconf 90' lang='grc' dir='ltr'>οί</span> <span class='ocrx_word' id='word_1_689' title='bbox 2999 4394 3300 4461; x_wconf 86' lang='grc' dir='ltr'>σοφώτατοι</span> <span class='ocrx_word' id='word_1_690' title='bbox 3340 4396 3436 4447; x_wconf 82' lang='grc' dir='ltr'>καὶ</span> <span class='ocrx_word' id='word_1_691' title='bbox 3470 4394 3848 4448; x_wconf 85' lang='grc' dir='ltr'>παλαιότατοι.</span> <span class='ocrx_word' id='word_1_692' title='bbox 3906 4396 4041 4448; x_wconf 83' lang='grc' dir='ltr'>Οῦτε</span> 
     </span>
    </p>
   </div>
   <div class='ocr_carea' id='block_1_89' title="bbox 2448 4484 4041 4553">
    <p class='ocr_par' dir='ltr' id='par_1_89' title="bbox 2448 4484 4041 4553">
     <span class='ocr_line' id='line_1_89' title="bbox 2448 4484 4041 4553; baseline -0.001 -16"><span class='ocrx_word' id='word_1_693' title='bbox 2448 4484 2582 4553; x_wconf 80' lang='grc' dir='ltr'>.γάρ</span> <span class='ocrx_word' id='word_1_694' title='bbox 2644 4486 2783 4553; x_wconf 84' lang='grc' dir='ltr'>ἀέρα</span> <span class='ocrx_word' id='word_1_695' title='bbox 2819 4485 3048 4536; x_wconf 78' lang='grc' dir='ltr'>ἐπνευσέ</span> <span class='ocrx_word' id='word_1_696' title='bbox 3095 4502 3175 4547; x_wconf 89' lang='grc' dir='ltr'>τις</span> <span class='ocrx_word' id='word_1_697' title='bbox 3233 4485 3353 4536; x_wconf 83' lang='grc' dir='ltr'>ὅλον</span> <span class='ocrx_word' id='word_1_698' title='bbox 3400 4484 3638 4548; x_wconf 85' lang='grc' dir='ltr'>πώποτε,</span> <span class='ocrx_word' id='word_1_699' title='bbox 3688 4485 3812 4537; x_wconf 73' lang='grc' dir='ltr'>οὔτε</span> <span class='ocrx_word' id='word_1_700' title='bbox 3857 4486 4041 4537; x_wconf 74' lang='grc' dir='ltr'>οὐσίαν</span> 
     </span>
    </p>
   </div>
   <div class='ocr_carea' id='block_1_90' title="bbox 803 4564 4041 4646">
    <p class='ocr_par' dir='ltr' id='par_1_90' title="bbox 803 4564 4041 4646">
     <span class='ocr_line' id='line_1_90' title="bbox 803 4564 4041 4646; baseline -0.001 -16"><span class='ocrx_word' id='word_1_701' title='bbox 803 4570 968 4637; x_wconf 82' lang='grc' dir='ltr'>μοίως</span> <span class='ocrx_word' id='word_1_702' title='bbox 993 4570 1141 4636; x_wconf 73' lang='grc' dir='ltr'>πάσῃ</span> <span class='ocrx_word' id='word_1_703' title='bbox 1173 4570 1406 4635; x_wconf 75' lang='grc' dir='ltr'>γεννητῇ</span> <span class='ocrx_word' id='word_1_704' title='bbox 1441 4566 1624 4631; x_wconf 71' lang='grc' dir='ltr'>φύσει·</span> <span class='ocrx_word' id='word_1_705' title='bbox 1673 4564 1918 4622; x_wconf 72' lang='grc' dir='ltr'>’Ᾱκούειε</span> <span class='ocrx_word' id='word_1_706' title='bbox 1946 4582 1959 4628; x_wconf 69' lang='grc' dir='ltr'>ς</span> <span class='ocrx_word' id='word_1_707' title='bbox 1994 4566 2107 4617; x_wconf 68' lang='grc' dir='ltr'>Οὐκ</span> <span class='ocrx_word' id='word_1_708' title='bbox 2134 4566 2372 4636; x_wconf 68' lang='grc' dir='ltr'>ἇρρητον</span> <span class='ocrx_word' id='word_1_709' title='bbox 2406 4586 2446 4638; x_wconf 88' lang='lat' dir='ltr'><strong>D</strong></span> <span class='ocrx_word' id='word_1_710' title='bbox 2476 4576 2612 4629; x_wconf 86' lang='grc' dir='ltr'>Θεοῦ</span> <span class='ocrx_word' id='word_1_711' title='bbox 2645 4577 2925 4639; x_wconf 82' lang='grc' dir='ltr'>παντελῶς</span> <span class='ocrx_word' id='word_1_712' title='bbox 2958 4577 2990 4645; x_wconf 81' lang='grc' dir='ltr'><strong>ἢ</strong></span> <span class='ocrx_word' id='word_1_713' title='bbox 3023 4577 3146 4639; x_wconf 87' lang='grc' dir='ltr'>νοῦς</span> <span class='ocrx_word' id='word_1_714' title='bbox 3201 4575 3546 4646; x_wconf 86' lang='grc' dir='ltr'>κεχώρηκεν,</span> <span class='ocrx_word' id='word_1_715' title='bbox 3580 4576 3612 4645; x_wconf 82' lang='grc' dir='ltr'>ἦ</span> <span class='ocrx_word' id='word_1_716' title='bbox 3667 4575 3821 4643; x_wconf 77' lang='grc' dir='ltr'>φωνὴ</span> <span class='ocrx_word' id='word_1_717' title='bbox 3855 4579 4041 4644; x_wconf 79' lang='grc' dir='ltr'>περιέ-</span> 
     </span>
    </p>
   </div>
   <div class='ocr_carea' id='block_1_91' title="bbox 803 4655 4043 4735">
    <p class='ocr_par' dir='ltr' id='par_1_91' title="bbox 803 4655 4043 4735">
     <span class='ocr_line' id='line_1_91' title="bbox 803 4655 4043 4735; baseline -0.001 -13"><span class='ocrx_word' id='word_1_718' title='bbox 803 4664 964 4729; x_wconf 68' lang='grc' dir='ltr'>μόνον</span> <span class='ocrx_word' id='word_1_719' title='bbox 1024 4656 1146 4713; x_wconf 78' lang='grc' dir='ltr'>εἶπε</span> <span class='ocrx_word' id='word_1_720' title='bbox 1178 4661 1268 4711; x_wconf 55' lang='grc' dir='ltr'>τὸν</span> <span class='ocrx_word' id='word_1_721' title='bbox 1303 4659 1436 4709; x_wconf 78' lang='grc' dir='ltr'>θεδν</span> <span class='ocrx_word' id='word_1_722' title='bbox 1466 4656 1589 4709; x_wconf 66' lang='grc' dir='ltr'>κατ’</span> <span class='ocrx_word' id='word_1_723' title='bbox 1634 4655 1845 4715; x_wconf 58' lang='grc' dir='ltr'>οδεῖανο</span> <span class='ocrx_word' id='word_1_724' title='bbox 1880 4657 2044 4723; x_wconf 65' lang='grc' dir='ltr'>φημὶ.</span> <span class='ocrx_word' id='word_1_725' title='bbox 2092 4656 2226 4707; x_wconf 71' lang='grc' dir='ltr'>ἀλλά</span> <span class='ocrx_word' id='word_1_726' title='bbox 2275 4656 2368 4707; x_wconf 63' lang='grc' dir='ltr'>καὶ</span> <span class='ocrx_word' id='word_1_727' title='bbox 2470 4665 2634 4718; x_wconf 74' lang='grc' dir='ltr'>λαϐεν</span> <span class='ocrx_word' id='word_1_728' title='bbox 2658 4682 2671 4696; x_wconf 88' lang='grc'><strong>·</strong></span> <span class='ocrx_word' id='word_1_729' title='bbox 2716 4667 2830 4718; x_wconf 78' lang='grc' dir='ltr'>ἀλλ’</span> <span class='ocrx_word' id='word_1_730' title='bbox 2881 4668 2945 4719; x_wconf 82' lang='grc' dir='ltr'>ὲκ</span> <span class='ocrx_word' id='word_1_731' title='bbox 2972 4668 3083 4719; x_wconf 86' lang='grc' dir='ltr'>τῶν</span> <span class='ocrx_word' id='word_1_732' title='bbox 3113 4669 3241 4735; x_wconf 73' lang='grc' dir='ltr'>περὶ</span> <span class='ocrx_word' id='word_1_733' title='bbox 3272 4668 3436 4720; x_wconf 81' lang='grc' dir='ltr'>αὑτὸν</span> <span class='ocrx_word' id='word_1_734' title='bbox 3475 4665 3949 4735; x_wconf 86' lang='grc' dir='ltr'>σκιαγραφοῦντες</span> <span class='ocrx_word' id='word_1_735' title='bbox 3974 4669 4043 4719; x_wconf 79' lang='grc' dir='ltr'>τά</span> 
     </span>
    </p>
   </div>
   <div class='ocr_carea' id='block_1_92' title="bbox 803 4747 2370 4820">
    <p class='ocr_par' dir='ltr' id='par_1_92' title="bbox 803 4747 2370 4820">
     <span class='ocr_line' id='line_1_92' title="bbox 803 4747 2370 4820; baseline -0.004 -16"><span class='ocrx_word' id='word_1_736' title='bbox 803 4753 1122 4820; x_wconf 78' lang='grc' dir='ltr'>ἀνεννόητον</span> <span class='ocrx_word' id='word_1_737' title='bbox 1155 4752 1274 4819; x_wconf 77' lang='grc' dir='ltr'>οὐχὶ</span> <span class='ocrx_word' id='word_1_738' title='bbox 1303 4753 1415 4810; x_wconf 84' lang='grc' dir='ltr'>τοῖς</span> <span class='ocrx_word' id='word_1_739' title='bbox 1444 4748 1703 4817; x_wconf 74' lang='grc' dir='ltr'>τυχοῦσιν</span> <span class='ocrx_word' id='word_1_740' title='bbox 1725 4748 1913 4807; x_wconf 82' lang='grc' dir='ltr'>ἁπλῶς</span> <span class='ocrx_word' id='word_1_741' title='bbox 1940 4747 2077 4800; x_wconf 88' lang='grc' dir='ltr'>ἀλλά</span> <span class='ocrx_word' id='word_1_742' title='bbox 2113 4747 2207 4799; x_wconf 80' lang='grc' dir='ltr'>καὶ</span> <span class='ocrx_word' id='word_1_743' title='bbox 2238 4765 2370 4815; x_wconf 69' lang='grc' dir='ltr'>πρ)-</span> 
     </span>
    </p>
   </div>
   <div class='ocr_carea' id='block_1_93' title="bbox 804 4839 2368 4910">
    <p class='ocr_par' dir='ltr' id='par_1_93' title="bbox 804 4839 2368 4910">
     <span class='ocr_line' id='line_1_93' title="bbox 804 4839 2368 4910; baseline -0.003 -17"><span class='ocrx_word' id='word_1_744' title='bbox 804 4847 1002 4910; x_wconf 75' lang='grc' dir='ltr'>φήταις</span> <span class='ocrx_word' id='word_1_745' title='bbox 1024 4845 1117 4895; x_wconf 68' lang='grc' dir='ltr'>καὶ</span> <span class='ocrx_word' id='word_1_746' title='bbox 1149 4842 1490 4905; x_wconf 84' lang='grc' dir='ltr'>ἀποστόλοις,</span> <span class='ocrx_word' id='word_1_747' title='bbox 1517 4840 1609 4891; x_wconf 72' lang='grc' dir='ltr'>καὶ</span> <span class='ocrx_word' id='word_1_748' title='bbox 1642 4841 1811 4892; x_wconf 80' lang='grc' dir='ltr'>πᾶσιν</span> <span class='ocrx_word' id='word_1_749' title='bbox 1841 4839 1976 4906; x_wconf 80' lang='grc' dir='ltr'>ὁμοῦ</span> <span class='ocrx_word' id='word_1_750' title='bbox 2020 4842 2130 4899; x_wconf 88' lang='grc' dir='ltr'>τοῖς</span> <span class='ocrx_word' id='word_1_751' title='bbox 2164 4839 2336 4903; x_wconf 73' lang='grc' dir='ltr'>ἁγίοις</span> <span class='ocrx_word' id='word_1_752' title='bbox 2356 4856 2368 4868; x_wconf 89' lang='grc'><strong>·</strong></span> 
     </span>
    </p>
   </div>
   <div class='ocr_carea' id='block_1_94' title="bbox 806 4929 2374 5003">
    <p class='ocr_par' dir='ltr' id='par_1_94' title="bbox 806 4929 2374 5003">
     <span class='ocr_line' id='line_1_94' title="bbox 806 4929 2374 5003; baseline -0.003 -16"><span class='ocrx_word' id='word_1_753' title='bbox 806 4936 1004 5003; x_wconf 77' lang='grc' dir='ltr'>μᾶλλον</span> <span class='ocrx_word' id='word_1_754' title='bbox 1032 4934 1086 4985; x_wconf 82' lang='grc' dir='ltr'>δὲ</span> <span class='ocrx_word' id='word_1_755' title='bbox 1112 4933 1207 4984; x_wconf 73' lang='grc' dir='ltr'>καὶ</span> <span class='ocrx_word' id='word_1_756' title='bbox 1240 4934 1430 4994; x_wconf 87' lang='grc' dir='ltr'>αὐταῖς</span> <span class='ocrx_word' id='word_1_757' title='bbox 1461 4934 1580 4992; x_wconf 87' lang='grc' dir='ltr'>ταῖς</span> <span class='ocrx_word' id='word_1_758' title='bbox 1603 4931 1927 4997; x_wconf 88' lang='grc' dir='ltr'>ἀγγελικαῖς</span> <span class='ocrx_word' id='word_1_759' title='bbox 1958 4929 2176 4996; x_wconf 87' lang='grc' dir='ltr'>φύσεσι.</span> <span class='ocrx_word' id='word_1_760' title='bbox 2204 4929 2374 4982; x_wconf 77' lang='grc' dir='ltr'>Τοῦτο</span> 
     </span>
    </p>
   </div>
   <div class='ocr_carea' id='block_1_95' title="bbox 804 5021 2371 5093">
    <p class='ocr_par' dir='ltr' id='par_1_95' title="bbox 804 5021 2371 5093">
     <span class='ocr_line' id='line_1_95' title="bbox 804 5021 2371 5093; baseline -0.005 -14"><span class='ocrx_word' id='word_1_761' title='bbox 804 5029 895 5079; x_wconf 67' lang='grc' dir='ltr'>καὶ</span> <span class='ocrx_word' id='word_1_762' title='bbox 928 5027 1037 5093; x_wconf 65' lang='grc' dir='ltr'>γὰρ</span> <span class='ocrx_word' id='word_1_763' title='bbox 1088 5025 1346 5093; x_wconf 76' lang='grc' dir='ltr'>ἐδήλωσε,</span> <span class='ocrx_word' id='word_1_764' title='bbox 1406 5024 1484 5086; x_wconf 88' lang='lat'><strong>10,</strong></span> <span class='ocrx_word' id='word_1_765' title='bbox 1530 5023 1640 5075; x_wconf 72' lang='grc' dir='ltr'>Καὶ</span> <span class='ocrx_word' id='word_1_766' title='bbox 1688 5022 1885 5089; x_wconf 84' lang='grc' dir='ltr'>ὁμοίως</span> <span class='ocrx_word' id='word_1_767' title='bbox 1927 5021 2075 5090; x_wconf 78' lang='grc' dir='ltr'>πάσῃ</span> <span class='ocrx_word' id='word_1_768' title='bbox 2139 5024 2371 5090; x_wconf 84' lang='grc' dir='ltr'>γεννητῇ</span> 
     </span>
    </p>
   </div>
   <div class='ocr_carea' id='block_1_96' title="bbox 738 5112 2374 5187">
    <p class='ocr_par' dir='ltr' id='par_1_96' title="bbox 738 5112 2374 5187">
     <span class='ocr_line' id='line_1_96' title="bbox 738 5112 2374 5187; baseline -0.004 -18"><span class='ocrx_word' id='word_1_769' title='bbox 738 5127 748 5136; x_wconf 87' lang='grc'><strong>’</strong></span> <span class='ocrx_word' id='word_1_770' title='bbox 806 5120 987 5187; x_wconf 80' lang='grc' dir='ltr'>φύσει,</span> <span class='ocrx_word' id='word_1_771' title='bbox 1026 5116 1301 5187; x_wconf 81' lang='grc' dir='ltr'>προσθείς.</span> <span class='ocrx_word' id='word_1_772' title='bbox 1337 5115 1442 5168; x_wconf 78' lang='grc' dir='ltr'>Καὶ</span> <span class='ocrx_word' id='word_1_773' title='bbox 1471 5114 1654 5167; x_wconf 88' lang='grc' dir='ltr'>πάλιν·</span> <span class='ocrx_word' id='word_1_774' title='bbox 1690 5114 1820 5165; x_wconf 77' lang='grc' dir='ltr'>Θεὸν</span> <span class='ocrx_word' id='word_1_775' title='bbox 1844 5114 1869 5164; x_wconf 87' lang='grc' dir='ltr'><strong>ὃ</strong></span> <span class='ocrx_word' id='word_1_776' title='bbox 1901 5130 1953 5164; x_wconf 89' lang='grc' dir='ltr'>τι</span> <span class='ocrx_word' id='word_1_777' title='bbox 1988 5114 2113 5164; x_wconf 84' lang='grc' dir='ltr'>ποτὲ</span> <span class='ocrx_word' id='word_1_778' title='bbox 2142 5112 2237 5177; x_wconf 81' lang='grc' dir='ltr'>μὲν</span> <span class='ocrx_word' id='word_1_779' title='bbox 2261 5113 2374 5163; x_wconf 79' lang='grc' dir='ltr'>ἐστι</span> 
     </span>
    </p>
   </div>
   <div class='ocr_carea' id='block_1_97' title="bbox 805 5203 2376 5277">
    <p class='ocr_par' dir='ltr' id='par_1_97' title="bbox 805 5203 2376 5277">
     <span class='ocr_line' id='line_1_97' title="bbox 805 5203 2376 5277; baseline -0.004 -17"><span class='ocrx_word' id='word_1_780' title='bbox 805 5215 903 5277; x_wconf 79' lang='grc' dir='ltr'>τὴν</span> <span class='ocrx_word' id='word_1_781' title='bbox 940 5208 1098 5275; x_wconf 85' lang='grc' dir='ltr'>φύσιν</span> <span class='ocrx_word' id='word_1_782' title='bbox 1142 5208 1236 5259; x_wconf 75' lang='grc' dir='ltr'>καὶ</span> <span class='ocrx_word' id='word_1_783' title='bbox 1266 5207 1366 5276; x_wconf 81' lang='grc' dir='ltr'>τὴν</span> <span class='ocrx_word' id='word_1_784' title='bbox 1401 5206 1613 5265; x_wconf 72' lang='grc' dir='ltr'>οὐσίαν,</span> <span class='ocrx_word' id='word_1_785' title='bbox 1646 5204 1769 5256; x_wconf 72' lang='grc' dir='ltr'>οὔτε</span> <span class='ocrx_word' id='word_1_786' title='bbox 1815 5221 1899 5264; x_wconf 88' lang='grc' dir='ltr'>τις</span> <span class='ocrx_word' id='word_1_787' title='bbox 1932 5204 2044 5254; x_wconf 85' lang='grc' dir='ltr'>τῶν</span> <span class='ocrx_word' id='word_1_788' title='bbox 2074 5203 2376 5272; x_wconf 82' lang='grc' dir='ltr'>ἀνθρώπων</span> 
     </span>
    </p>
   </div>
   <div class='ocr_carea' id='block_1_98' title="bbox 805 5293 2379 5369">
    <p class='ocr_par' dir='ltr' id='par_1_98' title="bbox 805 5293 2379 5369">
     <span class='ocr_line' id='line_1_98' title="bbox 805 5293 2379 5369; baseline -0.005 -17"><span class='ocrx_word' id='word_1_789' title='bbox 805 5293 930 5369; x_wconf 69' lang='grc' dir='ltr'>εὗρε</span> <span class='ocrx_word' id='word_1_790' title='bbox 972 5298 1211 5360; x_wconf 83' lang='grc' dir='ltr'>πώποτε,</span> <span class='ocrx_word' id='word_1_791' title='bbox 1247 5298 1368 5351; x_wconf 70' lang='grc' dir='ltr'>οὔτε</span> <span class='ocrx_word' id='word_1_792' title='bbox 1408 5298 1482 5367; x_wconf 82' lang='grc' dir='ltr'>μὴ</span> <span class='ocrx_word' id='word_1_793' title='bbox 1514 5297 1670 5366; x_wconf 74' lang='grc' dir='ltr'>εὕρῃ.</span> <span class='ocrx_word' id='word_1_794' title='bbox 1711 5295 1817 5349; x_wconf 75' lang='grc' dir='ltr'>Καὶ</span> <span class='ocrx_word' id='word_1_795' title='bbox 1864 5296 2005 5364; x_wconf 85' lang='grc' dir='ltr'>μετά</span> <span class='ocrx_word' id='word_1_796' title='bbox 2041 5297 2237 5364; x_wconf 87' lang='grc' dir='ltr'>μικρόν</span> <span class='ocrx_word' id='word_1_797' title='bbox 2264 5312 2274 5322; x_wconf 94' lang='grc'><strong>·</strong></span> <span class='ocrx_word' id='word_1_798' title='bbox 2304 5294 2379 5345; x_wconf 87' lang='lat' dir='ltr'><strong>T0</strong></span> 
     </span>
    </p>
   </div>
   <div class='ocr_carea' id='block_1_99' title="bbox 807 5388 2379 5461">
    <p class='ocr_par' dir='ltr' id='par_1_99' title="bbox 807 5388 2379 5461">
     <span class='ocr_line' id='line_1_99' title="bbox 807 5388 2379 5461; baseline -0.003 -15"><span class='ocrx_word' id='word_1_799' title='bbox 807 5395 861 5446; x_wconf 68' lang='grc' dir='ltr'>δὲ</span> <span class='ocrx_word' id='word_1_800' title='bbox 892 5393 984 5444; x_wconf 87' lang='grc' dir='ltr'>νῦν</span> <span class='ocrx_word' id='word_1_801' title='bbox 1016 5388 1155 5445; x_wconf 82' lang='grc' dir='ltr'>εἶναι</span> <span class='ocrx_word' id='word_1_802' title='bbox 1195 5391 1426 5460; x_wconf 80' lang='grc' dir='ltr'>βραχεῖά</span> <span class='ocrx_word' id='word_1_803' title='bbox 1455 5409 1536 5453; x_wconf 88' lang='grc' dir='ltr'>τις</span> <span class='ocrx_word' id='word_1_804' title='bbox 1571 5391 1819 5461; x_wconf 70' lang='grc' dir='ltr'>ἀπορροὴ</span> <span class='ocrx_word' id='word_1_805' title='bbox 1872 5392 1981 5443; x_wconf 78' lang='grc' dir='ltr'>πᾶν</span> <span class='ocrx_word' id='word_1_806' title='bbox 2018 5391 2078 5441; x_wconf 86' lang='lat'>10</span> <span class='ocrx_word' id='word_1_807' title='bbox 2108 5393 2188 5453; x_wconf 80' lang='grc' dir='ltr'>εἰς</span> <span class='ocrx_word' id='word_1_808' title='bbox 2232 5394 2379 5461; x_wconf 81' lang='grc' dir='ltr'>ἡμᾶς</span> 
     </span>
    </p>
   </div>
   <div class='ocr_carea' id='block_1_100' title="bbox 811 5479 2376 5553">
    <p class='ocr_par' dir='ltr' id='par_1_100' title="bbox 811 5479 2376 5553">
     <span class='ocr_line' id='line_1_100' title="bbox 811 5479 2376 5553; baseline 0.001 -18"><span class='ocrx_word' id='word_1_809' title='bbox 811 5487 1032 5552; x_wconf 80' lang='grc' dir='ltr'>φθάνον,</span> <span class='ocrx_word' id='word_1_810' title='bbox 1053 5486 1147 5537; x_wconf 73' lang='grc' dir='ltr'>καὶ</span> <span class='ocrx_word' id='word_1_811' title='bbox 1165 5479 1278 5537; x_wconf 84' lang='grc' dir='ltr'>οἷον</span> <span class='ocrx_word' id='word_1_812' title='bbox 1310 5484 1545 5553; x_wconf 88' lang='grc' dir='ltr'>μεγάλου</span> <span class='ocrx_word' id='word_1_813' title='bbox 1580 5484 1759 5551; x_wconf 82' lang='grc' dir='ltr'>φωτὸς</span> <span class='ocrx_word' id='word_1_814' title='bbox 1784 5484 1983 5552; x_wconf 75' lang='grc' dir='ltr'>μικρὸν</span> <span class='ocrx_word' id='word_1_815' title='bbox 2013 5483 2376 5552; x_wconf 85' lang='grc' dir='ltr'>ἀπαύγασμα.</span> 
     </span>
    </p>
   </div>
   <div class='ocr_carea' id='block_1_101' title="bbox 816 5574 2382 5643">
    <p class='ocr_par' dir='ltr' id='par_1_101' title="bbox 816 5574 2382 5643">
     <span class='ocr_line' id='line_1_101' title="bbox 816 5574 2382 5643; baseline -0.004 -13"><span class='ocrx_word' id='word_1_816' title='bbox 816 5577 882 5630; x_wconf 88' lang='grc' dir='ltr'><strong>Ὃ</strong></span> <span class='ocrx_word' id='word_1_817' title='bbox 913 5577 1084 5643; x_wconf 78' lang='grc' dir='ltr'>δήπου</span> <span class='ocrx_word' id='word_1_818' title='bbox 1114 5577 1209 5629; x_wconf 65' lang='grc' dir='ltr'>καὶ</span> <span class='ocrx_word' id='word_1_819' title='bbox 1255 5577 1281 5628; x_wconf 89' lang='lat'>0</span> <span class='ocrx_word' id='word_1_820' title='bbox 1311 5576 1411 5643; x_wconf 82' lang='grc' dir='ltr'>τὴν</span> <span class='ocrx_word' id='word_1_821' title='bbox 1443 5574 1687 5641; x_wconf 85' lang='grc' dir='ltr'>γλῶτταν</span> <span class='ocrx_word' id='word_1_822' title='bbox 1724 5574 1958 5641; x_wconf 82' lang='grc' dir='ltr'>χρυσοῦς</span> <span class='ocrx_word' id='word_1_823' title='bbox 1992 5574 2249 5643; x_wconf 80' lang='grc' dir='ltr'>Ἰωάννης</span> <span class='ocrx_word' id='word_1_824' title='bbox 2289 5574 2382 5624; x_wconf 80' lang='grc' dir='ltr'>τὸν</span> 
     </span>
    </p>
   </div>
   <div class='ocr_carea' id='block_1_102' title="bbox 811 5664 2383 5738">
    <p class='ocr_par' dir='ltr' id='par_1_102' title="bbox 811 5664 2383 5738">
     <span class='ocr_line' id='line_1_102' title="bbox 811 5664 2383 5738; baseline -0.003 -17"><span class='ocrx_word' id='word_1_825' title='bbox 811 5667 1100 5738; x_wconf 75' lang='grc' dir='ltr'>ὁμώνυμον</span> <span class='ocrx_word' id='word_1_826' title='bbox 1146 5666 1549 5734; x_wconf 71' lang='grc' dir='ltr'>Εὐαγγελιστήν</span> <span class='ocrx_word' id='word_1_827' title='bbox 1590 5681 1649 5715; x_wconf 89' lang='grc' dir='ltr'>τε</span> <span class='ocrx_word' id='word_1_828' title='bbox 1686 5667 1780 5716; x_wconf 73' lang='grc' dir='ltr'>καὶ</span> <span class='ocrx_word' id='word_1_829' title='bbox 1822 5664 2086 5731; x_wconf 89' lang='grc' dir='ltr'>Θεολόγον</span> <span class='ocrx_word' id='word_1_830' title='bbox 2118 5664 2222 5733; x_wconf 80' lang='grc' dir='ltr'>πρὸ</span> <span class='ocrx_word' id='word_1_831' title='bbox 2249 5665 2383 5733; x_wconf 85' lang='grc' dir='ltr'>βρα-</span> 
     </span>
    </p>
   </div>
   <div class='ocr_carea' id='block_1_103' title="bbox 816 5755 2382 5827">
    <p class='ocr_par' dir='ltr' id='par_1_103' title="bbox 816 5755 2382 5827">
     <span class='ocr_line' id='line_1_103' title="bbox 816 5755 2382 5827; baseline -0.003 -16"><span class='ocrx_word' id='word_1_832' title='bbox 816 5759 934 5827; x_wconf 79' lang='grc' dir='ltr'>χέος</span> <span class='ocrx_word' id='word_1_833' title='bbox 964 5758 1327 5827; x_wconf 75' lang='grc' dir='ltr'>ἐξηγούμενος</span> <span class='ocrx_word' id='word_1_834' title='bbox 1384 5758 1560 5825; x_wconf 73' lang='grc' dir='ltr'>ἔλεγε.</span> <span class='ocrx_word' id='word_1_835' title='bbox 1598 5755 1801 5808; x_wconf 85' lang='grc' dir='ltr'>Τούτου</span> <span class='ocrx_word' id='word_1_836' title='bbox 1840 5757 1933 5808; x_wconf 74' lang='grc' dir='ltr'>καὶ</span> <span class='ocrx_word' id='word_1_837' title='bbox 1968 5756 2076 5825; x_wconf 85' lang='grc' dir='ltr'>γὰρ</span> <span class='ocrx_word' id='word_1_838' title='bbox 2107 5756 2234 5826; x_wconf 70' lang='grc' dir='ltr'>περὶ</span> <span class='ocrx_word' id='word_1_839' title='bbox 2289 5755 2382 5807; x_wconf 89' lang='grc' dir='ltr'>τοῦ</span> 
     </span>
    </p>
   </div>
   <div class='ocr_carea' id='block_1_104' title="bbox 817 5846 2384 5914">
    <p class='ocr_par' dir='ltr' id='par_1_104' title="bbox 817 5846 2384 5914">
     <span class='ocr_line' id='line_1_104' title="bbox 817 5846 2384 5914; baseline -0.004 -9"><span class='ocrx_word' id='word_1_840' title='bbox 817 5851 1051 5914; x_wconf 80' lang='grc' dir='ltr'>Χριστοῦ</span> <span class='ocrx_word' id='word_1_841' title='bbox 1110 5851 1384 5914; x_wconf 84' lang='grc' dir='ltr'>λέγοντος,</span> <span class='ocrx_word' id='word_1_842' title='bbox 1441 5851 1534 5902; x_wconf 80' lang='grc' dir='ltr'>Ἐκ</span> <span class='ocrx_word' id='word_1_843' title='bbox 1588 5848 1693 5902; x_wconf 76' lang='grc' dir='ltr'>τοῦ</span> <span class='ocrx_word' id='word_1_844' title='bbox 1749 5846 2143 5911; x_wconf 72' lang='grc' dir='ltr'>πληρώματος</span> <span class='ocrx_word' id='word_1_845' title='bbox 2200 5846 2384 5900; x_wconf 74' lang='grc' dir='ltr'>αὑτοῦ</span> 
     </span>
    </p>
   </div>
   <div class='ocr_carea' id='block_1_105' title="bbox 2472 4757 4043 4829">
    <p class='ocr_par' dir='ltr' id='par_1_105' title="bbox 2472 4757 4043 4829">
     <span class='ocr_line' id='line_1_105' title="bbox 2472 4757 4043 4829; baseline 0.003 -21"><span class='ocrx_word' id='word_1_846' title='bbox 2472 4759 2592 4809; x_wconf 81' lang='grc' dir='ltr'>κατ’</span> <span class='ocrx_word' id='word_1_847' title='bbox 2618 4757 2801 4822; x_wconf 73' lang='grc' dir='ltr'>αὐτὸν,</span> <span class='ocrx_word' id='word_1_848' title='bbox 2832 4758 3084 4826; x_wconf 87' lang='grc' dir='ltr'>ἀμυδράν</span> <span class='ocrx_word' id='word_1_849' title='bbox 3111 4775 3231 4810; x_wconf 86' lang='grc' dir='ltr'>τινα</span> <span class='ocrx_word' id='word_1_850' title='bbox 3258 4759 3351 4811; x_wconf 79' lang='grc' dir='ltr'>καὶ</span> <span class='ocrx_word' id='word_1_851' title='bbox 3384 4759 3609 4826; x_wconf 79' lang='grc' dir='ltr'>ἀσθενῆ,</span> <span class='ocrx_word' id='word_1_852' title='bbox 3637 4761 3731 4813; x_wconf 70' lang='grc' dir='ltr'>καὶ</span> <span class='ocrx_word' id='word_1_853' title='bbox 3762 4760 3931 4829; x_wconf 83' lang='grc' dir='ltr'>ἀλλην</span> <span class='ocrx_word' id='word_1_854' title='bbox 3953 4763 4043 4812; x_wconf 76' lang='grc' dir='ltr'>ἀπ’</span> 
     </span>
    </p>
   </div>
   <div class='ocr_carea' id='block_1_106' title="bbox 2472 4844 4047 4920">
    <p class='ocr_par' dir='ltr' id='par_1_106' title="bbox 2472 4844 4047 4920">
     <span class='ocr_line' id='line_1_106' title="bbox 2472 4844 4047 4920; baseline 0.002 -20"><span class='ocrx_word' id='word_1_855' title='bbox 2472 4847 2637 4900; x_wconf 78' lang='grc' dir='ltr'>ἄλλου</span> <span class='ocrx_word' id='word_1_856' title='bbox 2692 4850 3005 4916; x_wconf 86' lang='grc' dir='ltr'>φαντασίαν</span> <span class='ocrx_word' id='word_1_857' title='bbox 3053 4849 3405 4917; x_wconf 83' lang='grc' dir='ltr'>συλλέγομεν.</span> <span class='ocrx_word' id='word_1_858' title='bbox 3460 4851 3570 4902; x_wconf 75' lang='grc' dir='ltr'>Καὶ</span> <span class='ocrx_word' id='word_1_859' title='bbox 3610 4844 3767 4912; x_wconf 78' lang='grc' dir='ltr'>οὗτος</span> <span class='ocrx_word' id='word_1_860' title='bbox 3823 4851 4047 4920; x_wconf 80' lang='grc' dir='ltr'>ἄριστος</span> 
     </span>
    </p>
   </div>
   <div class='ocr_carea' id='block_1_107' title="bbox 2473 4932 4045 5011">
    <p class='ocr_par' dir='ltr' id='par_1_107' title="bbox 2473 4932 4045 5011">
     <span class='ocr_line' id='line_1_107' title="bbox 2473 4932 4045 5011; baseline 0.003 -21"><span class='ocrx_word' id='word_1_861' title='bbox 2473 4940 2604 5007; x_wconf 82' lang='grc' dir='ltr'>ἡμῖν</span> <span class='ocrx_word' id='word_1_862' title='bbox 2630 4940 2899 5005; x_wconf 88' lang='grc' dir='ltr'>θεολόγος,</span> <span class='ocrx_word' id='word_1_863' title='bbox 2939 4942 3036 5007; x_wconf 83' lang='grc' dir='ltr'>οὐχ</span> <span class='ocrx_word' id='word_1_864' title='bbox 3076 4939 3135 5000; x_wconf 85' lang='lat'>0;</span> <span class='ocrx_word' id='word_1_865' title='bbox 3164 4932 3290 5009; x_wconf 76' lang='grc' dir='ltr'>εὗρε</span> <span class='ocrx_word' id='word_1_866' title='bbox 3314 4938 3375 4991; x_wconf 90' lang='lat'>10</span> <span class='ocrx_word' id='word_1_867' title='bbox 3405 4941 3533 5002; x_wconf 79' lang='grc' dir='ltr'>πᾶν,</span> <span class='ocrx_word' id='word_1_868' title='bbox 3563 4942 3685 4993; x_wconf 76' lang='grc' dir='ltr'>οὐδὲ</span> <span class='ocrx_word' id='word_1_869' title='bbox 3715 4942 3822 5011; x_wconf 74' lang='grc' dir='ltr'>γὰρ</span> <span class='ocrx_word' id='word_1_870' title='bbox 3858 4942 4045 5011; x_wconf 76' lang='grc' dir='ltr'>ἔχεται</span> 
     </span>
    </p>
   </div>
   <div class='ocr_carea' id='block_1_108' title="bbox 2475 5030 4045 5102">
    <p class='ocr_par' dir='ltr' id='par_1_108' title="bbox 2475 5030 4045 5102">
     <span class='ocr_line' id='line_1_108' title="bbox 2475 5030 4045 5102; baseline 0.001 -19"><span class='ocrx_word' id='word_1_871' title='bbox 2475 5032 2535 5083; x_wconf 82' lang='lat'>10</span> <span class='ocrx_word' id='word_1_872' title='bbox 2564 5032 2672 5083; x_wconf 66' lang='grc' dir='ltr'>πᾶν</span> <span class='ocrx_word' id='word_1_873' title='bbox 2705 5033 2733 5083; x_wconf 91' lang='lat'>0</span> <span class='ocrx_word' id='word_1_874' title='bbox 2755 5031 2978 5100; x_wconf 80' lang='grc' dir='ltr'>δεσμὸς,</span> <span class='ocrx_word' id='word_1_875' title='bbox 3011 5031 3129 5083; x_wconf 83' lang='grc' dir='ltr'>ἀλλ’</span> <span class='ocrx_word' id='word_1_876' title='bbox 3162 5031 3218 5092; x_wconf 85' lang='grc' dir='ltr'>ὃς</span> <span class='ocrx_word' id='word_1_877' title='bbox 3246 5031 3312 5083; x_wconf 85' lang='grc' dir='ltr'>ἂν</span> <span class='ocrx_word' id='word_1_878' title='bbox 3341 5030 3502 5084; x_wconf 79' lang='grc' dir='ltr'>ἄλλου</span> <span class='ocrx_word' id='word_1_879' title='bbox 3537 5033 3819 5102; x_wconf 83' lang='grc' dir='ltr'>φαντασθῇ</span> <span class='ocrx_word' id='word_1_880' title='bbox 3855 5034 4045 5099; x_wconf 87' lang='grc' dir='ltr'>πλέον,</span> 
     </span>
    </p>
   </div>
   <div class='ocr_carea' id='block_1_109' title="bbox 2478 5114 4048 5191">
    <p class='ocr_par' dir='ltr' id='par_1_109' title="bbox 2478 5114 4048 5191">
     <span class='ocr_line' id='line_1_109' title="bbox 2478 5114 4048 5191; baseline 0.005 -24"><span class='ocrx_word' id='word_1_881' title='bbox 2478 5114 2574 5167; x_wconf 69' lang='grc' dir='ltr'>καὶ</span> <span class='ocrx_word' id='word_1_882' title='bbox 2598 5116 2780 5167; x_wconf 86' lang='grc' dir='ltr'>πλεῖον</span> <span class='ocrx_word' id='word_1_883' title='bbox 2809 5118 2867 5168; x_wconf 85' lang='grc' dir='ltr'>ὲν</span> <span class='ocrx_word' id='word_1_884' title='bbox 2904 5116 3082 5185; x_wconf 81' lang='grc' dir='ltr'>ἑαυτῷ</span> <span class='ocrx_word' id='word_1_885' title='bbox 3132 5117 3419 5187; x_wconf 85' lang='grc' dir='ltr'>συναγάγῃ</span> <span class='ocrx_word' id='word_1_886' title='bbox 3456 5117 3517 5170; x_wconf 86' lang='lat'>10</span> <span class='ocrx_word' id='word_1_887' title='bbox 3552 5121 3647 5180; x_wconf 77' lang='grc' dir='ltr'>τῆς</span> <span class='ocrx_word' id='word_1_888' title='bbox 3680 5120 3937 5191; x_wconf 78' lang='grc' dir='ltr'>ἀληθείας</span> <span class='ocrx_word' id='word_1_889' title='bbox 3972 5124 4048 5175; x_wconf 88' lang='grc' dir='ltr'>ῐν-</span> 
     </span>
    </p>
   </div>
   <div class='ocr_carea' id='block_1_110' title="bbox 2478 5201 3905 5279">
    <p class='ocr_par' dir='ltr' id='par_1_110' title="bbox 2478 5201 3905 5279">
     <span class='ocr_line' id='line_1_110' title="bbox 2478 5201 3905 5279; baseline 0.006 -22"><span class='ocrx_word' id='word_1_890' title='bbox 2478 5205 2659 5272; x_wconf 88' lang='grc' dir='ltr'>δαλμα</span> <span class='ocrx_word' id='word_1_891' title='bbox 2687 5205 2720 5274; x_wconf 82' lang='grc' dir='ltr'><strong>ἢ</strong></span> <span class='ocrx_word' id='word_1_892' title='bbox 2751 5207 3125 5274; x_wconf 86' lang='grc' dir='ltr'>ἀποσκίασμα,</span> <span class='ocrx_word' id='word_1_893' title='bbox 3158 5209 3190 5276; x_wconf 79' lang='grc' dir='ltr'>ἦ</span> <span class='ocrx_word' id='word_1_894' title='bbox 3224 5201 3255 5259; x_wconf 76' lang='grc' dir='ltr'>ὅ</span> <span class='ocrx_word' id='word_1_895' title='bbox 3281 5226 3333 5260; x_wconf 91' lang='grc' dir='ltr'>τι</span> <span class='ocrx_word' id='word_1_896' title='bbox 3369 5209 3465 5260; x_wconf 74' lang='grc' dir='ltr'>καὶ</span> <span class='ocrx_word' id='word_1_897' title='bbox 3508 5211 3905 5279; x_wconf 82' lang='grc' dir='ltr'>ὀνομάσαιμεν.</span> 
     </span>
    </p>
   </div>
   <div class='ocr_carea' id='block_1_111' title="bbox 2553 5297 4048 5374">
    <p class='ocr_par' dir='ltr' id='par_1_111' title="bbox 2553 5297 4048 5374">
     <span class='ocr_line' id='line_1_111' title="bbox 2553 5297 4048 5374; baseline 0.005 -26"><span class='ocrx_word' id='word_1_898' title='bbox 2553 5297 2688 5364; x_wconf 73' lang='grc' dir='ltr'>Περὶ</span> <span class='ocrx_word' id='word_1_899' title='bbox 2720 5297 2928 5350; x_wconf 87' lang='grc' dir='ltr'>τούτων</span> <span class='ocrx_word' id='word_1_900' title='bbox 2958 5300 3051 5350; x_wconf 78' lang='grc' dir='ltr'>καὶ</span> <span class='ocrx_word' id='word_1_901' title='bbox 3081 5300 3358 5361; x_wconf 83' lang='grc' dir='ltr'>Διονύσιος</span> <span class='ocrx_word' id='word_1_902' title='bbox 3391 5302 3417 5353; x_wconf 90' lang='lat'>0</span> <span class='ocrx_word' id='word_1_903' title='bbox 3450 5301 3624 5368; x_wconf 81' lang='grc' dir='ltr'>μέγας</span> <span class='ocrx_word' id='word_1_904' title='bbox 3656 5302 3866 5370; x_wconf 82' lang='grc' dir='ltr'>φθάσας</span> <span class='ocrx_word' id='word_1_905' title='bbox 3896 5305 4048 5374; x_wconf 74' lang='grc' dir='ltr'>εἴρη-</span> 
     </span>
    </p>
   </div>
   <div class='ocr_carea' id='block_1_112' title="bbox 2480 5391 4048 5463">
    <p class='ocr_par' dir='ltr' id='par_1_112' title="bbox 2480 5391 4048 5463">
     <span class='ocr_line' id='line_1_112' title="bbox 2480 5391 4048 5463; baseline 0.004 -22"><span class='ocrx_word' id='word_1_906' title='bbox 2480 5407 2575 5441; x_wconf 84' lang='grc' dir='ltr'>κεν</span> <span class='ocrx_word' id='word_1_907' title='bbox 2609 5391 2730 5460; x_wconf 71' lang='grc' dir='ltr'>ἤδη,</span> <span class='ocrx_word' id='word_1_908' title='bbox 2768 5392 2953 5445; x_wconf 84' lang='grc' dir='ltr'>Πάντα</span> <span class='ocrx_word' id='word_1_909' title='bbox 2987 5394 3055 5444; x_wconf 84' lang='grc' dir='ltr'>τὰ</span> <span class='ocrx_word' id='word_1_910' title='bbox 3080 5392 3225 5455; x_wconf 75' lang='grc' dir='ltr'>θεῖα,</span> <span class='ocrx_word' id='word_1_911' title='bbox 3269 5393 3366 5444; x_wconf 77' lang='grc' dir='ltr'>καὶ</span> <span class='ocrx_word' id='word_1_912' title='bbox 3398 5394 3497 5444; x_wconf 83' lang='grc' dir='ltr'>ὅσα</span> <span class='ocrx_word' id='word_1_913' title='bbox 3528 5396 3662 5463; x_wconf 74' lang='grc' dir='ltr'>ἡμῖν</span> <span class='ocrx_word' id='word_1_914' title='bbox 3690 5397 4048 5462; x_wconf 80' lang='grc' dir='ltr'>ἐκπέφανται,</span> 
     </span>
    </p>
   </div>
   <div class='ocr_carea' id='block_1_113' title="bbox 2481 5484 4049 5553">
    <p class='ocr_par' dir='ltr' id='par_1_113' title="bbox 2481 5484 4049 5553">
     <span class='ocr_line' id='line_1_113' title="bbox 2481 5484 4049 5553; baseline 0.005 -20"><span class='ocrx_word' id='word_1_915' title='bbox 2481 5484 2601 5543; x_wconf 82' lang='grc' dir='ltr'>ταῖς</span> <span class='ocrx_word' id='word_1_916' title='bbox 2664 5487 2919 5552; x_wconf 71' lang='grc' dir='ltr'>μετοχαῖς</span> <span class='ocrx_word' id='word_1_917' title='bbox 2958 5484 3147 5553; x_wconf 88' lang='grc' dir='ltr'>μόναις</span> <span class='ocrx_word' id='word_1_918' title='bbox 3199 5484 3554 5551; x_wconf 84' lang='grc' dir='ltr'>γινώσκεται.</span> <span class='ocrx_word' id='word_1_919' title='bbox 3592 5486 3740 5539; x_wconf 86' lang='grc' dir='ltr'>Αὺτά</span> <span class='ocrx_word' id='word_1_920' title='bbox 3772 5488 3848 5548; x_wconf 83' lang='grc' dir='ltr'>δὲ,</span> <span class='ocrx_word' id='word_1_921' title='bbox 3892 5490 4049 5542; x_wconf 79' lang='grc' dir='ltr'>όποῖά</span> 
     </span>
    </p>
   </div>
   <div class='ocr_carea' id='block_1_114' title="bbox 2486 5574 4048 5649">
    <p class='ocr_par' dir='ltr' id='par_1_114' title="bbox 2486 5574 4048 5649">
     <span class='ocr_line' id='line_1_114' title="bbox 2486 5574 4048 5649; baseline 0.006 -26"><span class='ocrx_word' id='word_1_922' title='bbox 2486 5574 2616 5624; x_wconf 81' lang='grc' dir='ltr'>ποτέ</span> <span class='ocrx_word' id='word_1_923' title='bbox 2649 5576 2766 5625; x_wconf 85' lang='grc' dir='ltr'>ὲστι</span> <span class='ocrx_word' id='word_1_924' title='bbox 2803 5575 2945 5627; x_wconf 67' lang='grc' dir='ltr'>κατὰ</span> <span class='ocrx_word' id='word_1_925' title='bbox 2974 5575 3072 5643; x_wconf 76' lang='grc' dir='ltr'>τὴν</span> <span class='ocrx_word' id='word_1_926' title='bbox 3103 5576 3313 5629; x_wconf 76' lang='grc' dir='ltr'>οἰκείαν</span> <span class='ocrx_word' id='word_1_927' title='bbox 3335 5576 3509 5645; x_wconf 81' lang='grc' dir='ltr'>ἀρχὴν</span> <span class='ocrx_word' id='word_1_928' title='bbox 3535 5579 3627 5629; x_wconf 65' lang='grc' dir='ltr'>καλ¹</span> <span class='ocrx_word' id='word_1_929' title='bbox 3659 5578 3886 5649; x_wconf 79' lang='grc' dir='ltr'>ἵδρυσιν,</span> <span class='ocrx_word' id='word_1_930' title='bbox 3912 5580 4048 5645; x_wconf 75' lang='grc' dir='ltr'>ὑπὲρ</span> 
     </span>
    </p>
   </div>
   <div class='ocr_carea' id='block_1_115' title="bbox 2485 5664 4048 5732">
    <p class='ocr_par' dir='ltr' id='par_1_115' title="bbox 2485 5664 4048 5732">
     <span class='ocr_line' id='line_1_115' title="bbox 2485 5664 4048 5732; baseline 0.003 -14"><span class='ocrx_word' id='word_1_931' title='bbox 2485 5664 2610 5718; x_wconf 81' lang='grc' dir='ltr'>νοῦν</span> <span class='ocrx_word' id='word_1_932' title='bbox 2643 5667 2761 5718; x_wconf 78' lang='grc' dir='ltr'>ἐστι</span> <span class='ocrx_word' id='word_1_933' title='bbox 2795 5667 2890 5718; x_wconf 64' lang='grc' dir='ltr'>καὶ</span> <span class='ocrx_word' id='word_1_934' title='bbox 2919 5670 3098 5720; x_wconf 83' lang='grc' dir='ltr'>πᾶσαν</span> <span class='ocrx_word' id='word_1_935' title='bbox 3128 5666 3319 5719; x_wconf 79' lang='grc' dir='ltr'>οὐσίαν</span> <span class='ocrx_word' id='word_1_936' title='bbox 3346 5669 3439 5718; x_wconf 75' lang='grc' dir='ltr'>καὶ</span> <span class='ocrx_word' id='word_1_937' title='bbox 3465 5668 3667 5732; x_wconf 85' lang='grc' dir='ltr'>γνῶσιν</span> <span class='ocrx_word' id='word_1_938' title='bbox 3694 5686 3706 5698; x_wconf 86' lang='grc'>·</span> <span class='ocrx_word' id='word_1_939' title='bbox 3739 5665 3851 5724; x_wconf 73' lang='grc' dir='ltr'>οἷον</span> <span class='ocrx_word' id='word_1_940' title='bbox 3878 5674 3925 5723; x_wconf 88' lang='grc' dir='ltr'>εί</span> <span class='ocrx_word' id='word_1_941' title='bbox 3959 5672 4048 5723; x_wconf 64' lang='grc' dir='ltr'>τό.</span> 
     </span>
    </p>
   </div>
   <div class='ocr_carea' id='block_1_116' title="bbox 2489 5754 4047 5827">
    <p class='ocr_par' dir='ltr' id='par_1_116' title="bbox 2489 5754 4047 5827">
     <span class='ocr_line' id='line_1_116' title="bbox 2489 5754 4047 5827; baseline 0.003 -22"><span class='ocrx_word' id='word_1_942' title='bbox 2489 5754 2813 5821; x_wconf 82' lang='grc' dir='ltr'>ύπερούσιον</span> <span class='ocrx_word' id='word_1_943' title='bbox 2844 5756 3188 5825; x_wconf 84' lang='grc' dir='ltr'>κρυφιότητα</span> <span class='ocrx_word' id='word_1_944' title='bbox 3221 5755 3352 5808; x_wconf 75' lang='grc' dir='ltr'>Θεὸν</span> <span class='ocrx_word' id='word_1_945' title='bbox 3380 5755 3413 5824; x_wconf 79' lang='grc' dir='ltr'><strong>ἢ</strong></span> <span class='ocrx_word' id='word_1_946' title='bbox 3440 5757 3586 5824; x_wconf 74' lang='grc' dir='ltr'>ζωὴν</span> <span class='ocrx_word' id='word_1_947' title='bbox 3616 5759 3859 5826; x_wconf 82' lang='grc' dir='ltr'>ἦούσίαν</span> <span class='ocrx_word' id='word_1_948' title='bbox 3882 5759 3914 5827; x_wconf 77' lang='grc' dir='ltr'><strong>ἦ</strong></span> <span class='ocrx_word' id='word_1_949' title='bbox 3941 5760 4047 5825; x_wconf 69' lang='grc' dir='ltr'>φῶς</span> 
     </span>
    </p>
   </div>
   <div class='ocr_carea' id='block_1_117' title="bbox 2487 5847 4047 5914">
    <p class='ocr_par' dir='ltr' id='par_1_117' title="bbox 2487 5847 4047 5914">
     <span class='ocr_line' id='line_1_117' title="bbox 2487 5847 4047 5914; baseline 0.002 -18"><span class='ocrx_word' id='word_1_950' title='bbox 2487 5847 2520 5911; x_wconf 78' lang='grc' dir='ltr'>ἦ</span> <span class='ocrx_word' id='word_1_951' title='bbox 2560 5847 2717 5911; x_wconf 83' lang='grc' dir='ltr'>λόγον</span> <span class='ocrx_word' id='word_1_952' title='bbox 2741 5847 3136 5913; x_wconf 80' lang='grc' dir='ltr'>όνομάσαιμεν,</span> <span class='ocrx_word' id='word_1_953' title='bbox 3179 5847 3333 5899; x_wconf 66' lang='grc' dir='ltr'>οὐδὲν</span> <span class='ocrx_word' id='word_1_954' title='bbox 3378 5847 3566 5914; x_wconf 69' lang='grc' dir='ltr'>ἕτερον</span> <span class='ocrx_word' id='word_1_955' title='bbox 3607 5849 3833 5912; x_wconf 82' lang='grc' dir='ltr'>νοοῦμεν</span> <span class='ocrx_word' id='word_1_956' title='bbox 3880 5852 3909 5910; x_wconf 72' lang='grc' dir='ltr'>ἦ</span> <span class='ocrx_word' id='word_1_957' title='bbox 3958 5852 4047 5911; x_wconf 73' lang='grc' dir='ltr'>τὰς</span> 
     </span>
    </p>
   </div>
  </div>
