4426 6458
467 441 593 507 ιιοι

1161 433 1450 495 CONTRA
1494 423 1921 490 GREGORAM
1962 416 2723 479 ANTIRRHETICORUM
2786 416 2894 477 Χῐ.

3557 406 3695 471 1102

461 559 698 631 Χριστοῦ
731 558 888 626 λόγος
919 556 979 607 οὺ
1007 553 1369 611 διαπεσεῖται,
1400 545 1496 598 καὶ
1524 542 1632 597 τῶν
1681 540 1953 597 θεολόγων
1984 537 2018 602 ἡ
2047 536 2097 595 Α
2122 534 2376 603 ὁδηγοῦσι
2404 534 2758 601 κατανόησιν.
2805 526 2942 585 Εἶτα
2977 528 3072 583 καὶ
3125 527 3185 581 τὸ
3224 524 3409 631 κακῶς
3464 525 3526 575 ἐκ
3560 524 3694 631 Ιτῶν

462 629 589 719 δόξα
622 653 682 704 οῦ
713 648 1192 720 διαψευσθήσεται.
1224 636 1325 694 ⁷ον
1351 640 1504 691 οὐδὲν
1530 635 1734 694 συνιεὶς
1760 629 2024 688 Εὐσέϐιος

465 744 533 798 τὰ
563 742 671 795 ἀπὸ
704 740 913 801 κοιλίας
962 736 1185 808 ῥυπαρά
1217 735 1309 786 καὶ
1342 726 1554 794 δυσώδη
1591 726 1679 777 ἀεί⁵
1725 720 2028 808 ἀπερεύγε-

466 850 576 896 ται,
601 830 709 884 τῶν
751 806 1089 897 βλασφήμων
1137 821 1429 892 δογμάτων
1487 811 1740 882 οὐδαμῶς
1791 806 2028 897 ἀφιστάέ

472 939 651 993 μενος.
684 896 844 980 Ἴσως
873 932 963 978 τις
981 914 1084 967 οὐκ
1122 912 1369 981 ἀκαίρως
1413 906 1749 986 ὑπολήψεται
1795 901 1933 967 πρὸς
1967 896 2030 950 τὸ

469 1018 666 1085 γεῶδες
694 1015 791 1067 καὶ
817 1011 1003 1066 ὑλικὸν
1028 1008 1283 1079 φρόνημα
1318 1004 1426 1057 τῶν
1460 1004 1529 1072 τῇ
1587 997 1901 1068 Ἀρειανικῇ
1932 1009 2031 1045 πο-

470 1110 658 1179 λυθεῖᾳ
686 1110 719 1179 ἢ
750 1108 926 1177 ἀθεῖα,
962 1106 1136 1158 εἰπεῖν
1181 1099 1545 1165 δικαιότερον,
1600 1087 2033 1179 κεκρατημένων

473 1178 819 1261 ἀποϐλέπων,
861 1199 939 1250 δτι
970 1196 1104 1248 Θεὸν
1156 1195 1366 1245 ἐκεῖνον
1401 1184 1792 1252 ἀπεκδέχεται,
1828 1178 1887 1230 δν
1917 1192 2033 1229 κτι-

476 1295 598 1345 στὸν
639 1288 778 1345 εἶναι
809 1289 1117 1355 δοξάζουσι,
1149 1286 1247 1337 καὶ
1281 1281 1469 1335 τοῦτον
1503 1278 1579 1339 ὼς
1608 1275 1818 1342 κτίσμα
1844 1269 2035 1336 αἰσθη-

473 1382 579 1439 τῶς
609 1381 899 1449 πρόσωπον
929 1378 1064 1446 πρὸς
1094 1375 1389 1441 πρόσωπον
1421 1369 1547 1423 ίδείν
1596 1362 2023 1431 ἐπαγγέλλεται.

487 1472 646 1524 Ἀλλὰ
672 1471 827 1522 ταυτὶ
869 1470 970 1538 μὲν
1004 1462 1107 1520 ὧδε
1146 1465 1343 1535 ἐχέτω.

541 1565 609 1617 Τί
636 1562 770 1633 πρὸς
783 1559 957 1615 ταῦτά
984 1575 1151 1627 φασιν
1184 1558 1231 1610 οί
1256 1556 1322 1608 τά
1347 1551 1614 1623 Βαρλαάμ
1642 1563 1703 1602 τε
1738 1548 1829 1600 καὶ
1863 1544 2035 1597 ’Δκιν-

475 1656 631 1709 δύνου
685 1652 1078 1713 διεκδικοῦντες
1127 1648 1225 1701 σύν
1264 1662 1328 1715 γε
1372 1645 1450 1714 τῷ
1492 1640 1750 1712 Γρηγορᾷ
1808 1633 2032 1704 τουτῳῒ,

476 1747 533 1808 δς
562 1748 654 1798 καὶ⁵
679 1745 768 1798 τὸν
810 1744 975 1811 σοφὸν
1002 1741 1275 1807 θεολόγον,
1311 1733 1588 1803 Θίοδωρόν
1641 1748 1784 1800 φημι
1851 1727 2038 1780 τοῦτον

2128 624 2410 693 κυριακῶν
2431 625 2763 693 εἰλημμένον
2797 640 2856 675 τε
2897 622 2994 675 καὶ
3045 616 3463 688 τεθεωρημένον
3516 615 3690 680 λόγων

2127 716 2207 783 τῷ
2239 714 2506 782 Εὐσεδίῳ,
2542 714 2622 778 τὸ,
2654 713 2945 781 Μακάριοι
2965 714 3020 766 οἱ
3053 709 3303 779 καθαροὶ
3340 707 3416 777 τῇ
3451 707 3692 776 καρδίᾳ,

2128 806 2218 859 ὅτι
2251 804 2420 860 αὐτοὶ
2476 806 2584 858 τόν
2645 803 2797 858 Θεὸν
2853 803 3129 871 ὄψονται,
3182 800 3348 870 φημὶ,
3415 798 3595 858 καλῶς
3638 814 3699 849 τε

2129 898 2226 952 καὶ
2262 900 2374 960 τοῖς
2411 896 2663 966 ἀρχαίοις
2713 896 2986 963 θεολόγοις
3038 894 3349 962 συμφώνως
3388 890 3551 953 αὐτὸς
3579 889 3702 953 ἑξη-

2130 988 2417 1056 γούμενος,
2448 989 2513 1039 Τί
2546 984 2639 1041 οὖν
2669 989 2812 1051 ἐστι,
2852 988 3038 1056 φησιν,
3080 987 3218 1054 ὅπερ
3256 985 3285 1037 6
3316 982 3553 1053 καθαρὸς
3601 980 3702 1048 τὴν

2134 1079 2363 1150 καρδίαν
2406 1078 2737 1148 κατόψεται;
2766 1080 2887 1133 Τῶν
2914 1077 3162 1148 όρεκτῶν
3200 1076 3261 1129 τὸ
3292 1076 3547 1145 ἔσχατον,
3601 1074 3702 1141 τῆς

2137 1172 2543 1243 μακαριότητος
2599 1172 2660 1223 τὸ
2690 1172 3017 1240 ἀκρότατον,
3040 1169 3151 1222 τῶν
3198 1168 3421 1235 ἀγαθῶν
3470 1169 3504 1237 η
3548 1166 3702 1237 πηγὴ

2136 1268 2374 1329 πάντων,
2404 1268 2437 1336 ἠ
2466 1258 2958 1325 ἀνελάττωτος’καὶ
2990 1264 3266 1327 ἀκένωτος
3318 1302 3333 1327 ,
3366 1261 3427 1315 τὸ
3462 1261 3703 1332 ἄρρητον

2136 1359 2272 1428 φῶς,
2304 1357 2651 1429 ήάπρόσιτος
2684 1357 2832 1423 δόξα.

2207 1452 2272 1503 Τί
2303 1450 2396 1503 οὖν
2425 1453 2543 1503 ἐστι
2573 1450 2768 1515 ταῦτα,
2798 1449 2922 1501 κενὲ
2970 1448 3211 1514 θεολόγε,
3251 1446 3347 1498 καὶ
3395 1444 3504 1497 τῶν
3540 1444 3707 1513 οὐρα-

2137 1544 2265 1596 νίων
2317 1543 2632 1613 μυστηρίων
2682 1543 2922 1612 ἐξηγητά
2973 1541 3309 1610 ὑποχθόνιε;
3379 1538 3600 1608 Ἐπειδὴ
3642 1555 3705 1604 γε

2138 1636 2238 1706 τὴν
2264 1635 2452 1688 οὐσίαν
2476 1635 2571 1688 τοῦ
2599 1634 2736 1686 Θεοῦ
2779 1634 2873 1687 καὶ
2906 1634 3185 1703 ἄφραστον
3227 1632 3321 1685 καὶ
3384 1631 3705 1699 ἀνεννόητον

2141 1726 2505 1795 καὶοᾶληπτον
2529 1725 2784 1791 καθάπαξ
2830 1724 2968 1793 πρός
3002 1742 3065 1791 γε
3111 1727 3227 1789 τοῖς
3268 1726 3489 1785 λοιποῖς
3526 1723 3707 1776 θεολό-

475 1838 565 1888 τὸν
600 1835 798 1905 μέγαν,
834 1809 959 1887 καθ’
1000 1831 1158 1900 ἡμῶν
1202 1831 1282 1891 είς
1333 1824 1642 1895 μαρτυρίαν
1668 1820 2034 1889 προήνεγκεν,
2070 1867 2113 1924 Β
2141 1834 2259 1886 γοις
2298 1818 2393 1871 καὶ
2424 1820 2451 1870 6
2486 1817 2806 1879 διδάσκαλος
2829 1809 2985 1880 οῦτός
3026 1834 3211 1887 φησιν.
3250 1816 3529 1886 Ἀληπτος
3569 1817 3703 1885 γὰρ,

478 1927 536 1978 εὖ
570 1926 760 1989 ποιῶν,
795 1926 856 1977 οὐ
886 1922 1030 1993 μάλα
1058 1938 1139 1974 τοι
1176 1918 1585 1987 γινωσκόμενον
1613 1917 1705 1967 καὶ
1742 1914 1875 1981 ἡμῖν
1906 1909 2039 1979 πρό-

478 2036 657 2085 τερον,
689 2019 812 2071 ὅσον
858 2018 949 2068 ἐπὶ
996 2017 1113 2075 τοῖς
1168 2013 1503 2080 θαυμαστοῖς
1536 2024 1680 2076 φημι
1727 2005 1863 2066 τέως
1914 2002 2040 2055 τού-

478 2128 588 2171 τοις
612 2111 1081 2179 συγγράμμασινς
1136 2105 1271 2159 Οὐδὲ
1321 2103 1428 2172 γάρ
1479 2100 1584 2153 οὐδ’
1636 2093 1792 2160 οὗτος
1855 2096 2043 2164 ἀνέχε-

481 2222 570 2271 ται
602 2203 665 2254 τὸ
716 2201 1002 2271 παράπαν,
1053 2198 1312 2265 καθάπερ
1372 2192 1615 2256 ἀκούεις,
1684 2190 1779 2242 σύν
1813 2204 1875 2256 γε
1928 2189 2043 2249 τοϊς

483 2298 589 2363 πρὸ
620 2295 786 2347 αὑτοῦ
834 2292 1110 2359 θεολόγοις
1154 2289 1455 2356 Πατράσιν,
1506 2284 1598 2348 οὒς
1629 2283 1691 2353 δὴ
1748 2281 1840 2335 καὶ
1896 2282 2041 2350 μαρ-

479 2404 651 2455 τυρας
684 2386 779 2439 καὶ
807 2374 1140 2453 συνηγόρους
1173 2382 1279 2432 τῶν
1328 2378 1524 2432 ἑαυτοῦ
1573 2376 1902 2446 προΐσταται
1960 2373 2043 2423 λό-

482 2478 677 2547 γων,ἢ
728 2477 914 2546 ῥητὸν,
953 2476 987 2544 ἢ
1021 2473 1237 2542 ὁρατὸν,
1285 2471 1317 2539 ἢ
1377 2468 1586 2538 διανοίᾳ
1630 2466 1856 2536 ληπτὸν,
1922 2464 2041 2517 κατ’

482 2567 667 2620 οὐσίαν
689 2568 822 2626 ὅλως
856 2566 946 2618 τὸν
977 2564 1110 2616 Θεὸν
1147 2562 1450 2630 πεφυκέναι
1480 2575 1492 2589 ·
1524 2560 1614 2611 καὶ
1645 2558 1705 2609 οὐ
1744 2556 1904 2626 μόνον
1933 2556 2044 2617 τοῖς

482 2661 591 2712 τῶν
628 2656 931 2723 ἀνθρώπων
960 2653 1218 2706 θεοειδέσι
1246 2655 1341 2708 καίΙ
1387 2651 1485 2720 τὴν
1511 2649 1751 2702 διάνοιαν
1794 2647 2041 2715 ὑψηλοῖς,

486 2751 621 2804 ἀλλά
645 2751 739 2803 καὶ
767 2751 879 2811 τοῖς
931 2745 1261 2816 προῦχουσιν
1292 2745 1495 2806 αὐτοῖς,
1536 2742 1688 2809 φησι,
1720 2740 1829 2793 τῶν
1876 2737 2044 2805 ἀγγέ-

484 2843 588 2897 λων
616 2840 898 2912 Χερουαμ
928 2856 987 2890 τε
1012 2838 1107 2890 καὶ⁵
1162 2836 1435 2905 Σεραφὶμ,
1487 2835 1581 2886 καὶ
1639 2832 1829 2893 ἁπλῶς
1895 2832 2043 2899 πάσῃ

485 2937 685 3003 γενητῇ
711 2933 886 3000 φύσει.
920 2931 999 2983 Δι’
1025 2928 1061 2982 ἀ
1087 2929 1258 2998 δήπου
1290 2928 1384 2979 καὶ
1414 2927 1597 2980 ἀνοιαν
1622 2922 1757 2994 ὁμοῦ
1790 2922 1883 2975 καὶ
1906 2922 2043 2973 ἀπόο

484 3043 634 3079 νοιαν
660 3026 757 3094 τὴν
783 3022 1018 3092 ἐσχάτην
1046 3021 1152 3073 τῶν
1183 3019 1311 3086 περὶ
1363 3016 1620 3070 Εὑσέὅιον
1652 3017 1679 3067 6
1712 3015 1882 3082 μέγας
1916 3030 2046 3064 κατ-

486 3121 697 3189 ηγορεῖ,
738 3117 939 3185 μᾶλλον
973 3114 1029 3166 δὲ
1077 3114 1172 3165 καὶ
1236 3110 1526 3163 πολυθεῒαν
1593 3126 1650 3161 τε
1700 3110 1793 3160 καὶ
1854 3105 2043 3158 ἀθεῒαν

2143 1909 2332 1979 φησὶν,
2376 1909 2626 1962 ἐστικαὶ
2678 1908 3053 1977 ἁνέκφραστος
3112 1911 3205 1961 καὶ
3263 1909 3705 1980 ἀνεπιχείρητος,

2142 2002 2234 2054 καὶ
2270 2002 2450 2067 πάσης
2497 2001 2784 2071 ἀοριστίας
2837 2000 3201 2069 ὑπερέκειναο
3259 2001 3395 2069 πρὸς
3438 2002 3506 2069 ἢν
3558 2002 3708 2052 πᾶσα

2144 2094 2307 2163 νοερά
2357 2094 2587 2162 δύναμις
2647 2092 3019 2155 ἀποπαύεται,
3071 2094 3164 2146 καὶ
3228 2094 3380 2144 πᾶσα
3429 2092 3710 2159 γνωστικὴ

2145 2186 2366 2254 πρόοδος
2398 2185 2644 2238 ἵσταται·
2682 2185 2805 2237 οὔτε
2830 2186 2936 2255 γὰρ
2971 2186 3149 2250 λόγος,
3182 2183 3307 2236 οῦτε
3337 2182 3562 2250 γνῶσις,
3583 2183 3711 2236 οὔτε

2142 2279 2289 2344 δόξα,
2318 2279 2442 2330 οὔτε
2462 2278 2729 2345 φαντασία
2749 2279 2915 2346 αὐτῆς
2939 2280 3055 2328 ἐστι
3078 2293 3091 2306 ·
3120 2276 3210 2328 καὶ
3241 2276 3414 2338 οὐδεὶς
3436 2275 3521 2341 ἂν,
3554 2277 3709 2345 φησὶ,

2144 2374 2299 2441 λόγος
2332 2375 2505 2441 αὐτῆς
2531 2372 2772 2441 ἐφίκοιτο
2798 2389 2809 2402 ο
2850 2373 3135 2440 ἀμήχανον
3166 2370 3272 2439 γὰρ
3311 2372 3420 2433 τοῖς
3455 2369 3597 2437 ὑπὲρ
3630 2368 3717 2419 λό-

2146 2485 2240 2525 γον
2275 2467 2643 2521 ἐπιϐατεύειν.

2230 2561 2382 2615 Ἐπεὶ
2411 2561 2502 2613 οὖν
2534 2561 2566 2629 ἡ
2593 2561 2746 2613 οὐσία
2784 2564 2884 2614 οὐκ
2910 2563 3027 2614 ἔστι
3056 2558 3229 2614 ταῦτα
3259 2558 3353 2613 τοῦ
3383 2558 3546 2624 Θεοῦ,
3592 2560 3716 2614 ἐπεὶ

2150 2651 2286 2720 μηδὲ
2326 2650 2528 2717 γνῶσις
2561 2653 2697 2721 μηδὲ
2727 2652 2997 2719 φαντασία
3033 2653 3168 2720 μηδὲ
3201 2653 3358 2719 λόγος
3399 2652 3551 2704 ἐστὶν
3578 2651 3715 2711 ὅλως

2147 2744 2340 2813 αὐτῆς,
2370 2744 2495 2812 λέγε
2523 2747 2674 2797 ποῖόν
2705 2748 2820 2797 ἐστι
2854 2744 2913 2796 τὸ
2947 2745 3054 2797 τῶν
3088 2745 3331 2815 ὀρεκτῶν
3352 2744 3715 2813 ἕσχατον,κα“ι

2149 2837 2291 2889 κατὰ
2338 2836 2529 2890 τοῦτον
2562 2836 2651 2889 τὸν
2710 2834 2981 2902 θεολόγον,
3037 2835 3139 2901 τῆς
3194 2834 3599 2905 μακαριότητος
3651 2834 3713 2885 τὸ

2146 2930 2470 2998 ἀκρότατον,
2508 2931 2539 2998 ἡ
2576 2930 2851 2989 ἀκένωτος
2878 2927 3034 2998 πηγὴ
3073 2926 3185 2979 τῶν
3233 2926 3481 2994 ἀγαθῶν,
3519 2926 3579 2978 τὸ
3614 2928 3713 2997 ἄῤ-

2150 3024 2312 3090 ρητον
2336 3022 2471 3087 φῶς,
2493 3023 2525 3090 ἡ
2550 3022 2849 3090 ἀπρόσιτος
2881 3020 3029 3084 δόξα,
3054 3022 3122 3072 τὰ
3155 3018 3328 3085 οὕτως
3381 3020 3561 3088 ὑψηλά
3622 3024 3716 3072 καὶ

2150 3112 2404 3181 ὑπερφυᾶ
2433 3114 2628 3178 ταῦτα,
2661 3117 2752 3167 καὶ
2773 3116 2891 3166 οὐδὲ
2922 3116 3034 3176 τοῖς
3058 3111 3315 3184 τυχοῦσιν
3333 3114 3519 3175 ἀπλῶς
3546 3131 3714 3181 προσο

487 3210 780 3275 καθάπαξ,
819 3208 912 3261 καὶ
949 3203 1251 3275 Ἀρειανῶν
1289 3197 1431 3253 εἷναί
1481 3201 1641 3253 τοῦτό
1695 3195 1858 3268 φησιν
1913 3198 2041 3250 ἴδιον
2070 3196 2116 3256 C
2150 3208 2236 3259 ιτά
2278 3205 2400 3275 δίχα
2439 3205 2778 3275 Πνεῦματος.
2815 3208 3091 3269 Ἤκουσας
3137 3208 3236 3276 μὲν
3283 3209 3376 3262 καὶ
3411 3206 3579 3261 πάλαι
3619 3209 3713 3260 καὶ

486 3301 596 3353 τῶν
628 3300 849 3370 ’κτίσμα
867 3298 958 3350 τὸν
982 3296 1115 3348 Θεὸν
1145 3292 1526 3369 ύπειληφότων
1577 3290 1784 3350 κακῶς.
1843 3289 2043 3341 Τοῦτον

488 3393 731 3463 καὶγὰρ,
770 3391 923 3459 φασὶ,
972 3388 1063 3441 τὸν
1111 3386 1238 3454 παρ’
1276 3383 1453 3437 αὐτῶν
1505 3383 1703 3435 οὑτωσὶ
1752 3382 2045 3447 δοξαζόμε-

489 3505 598 3547 νον,
637 3487 731 3538 κα“ι
757 3483 1051 3549 πρόσωπον
1077 3479 1217 3549 πρὸς
1257 3476 1569 3546 πρόσωπον,
1603 3473 1726 3528 κατ’
1754 3473 1925 3542 αὐτὴν
1948 3474 2043 3538 δη·-

488 3577 621 3646 λαδὴ
654 3576 751 3646 τὴν
772 3573 962 3627 οὐσίαν
985 3572 1113 3624 ἰδεῖν
1136 3570 1472 3638 ἐκδέχονται,
1506 3568 1601 3620 ἆτε
1624 3566 1687 3632 δὴ
1717 3568 1810 3616 καὶ
1834 3566 2040 3630 κτίσμα

488 3668 610 3722 κατ’
640 3668 838 3728 αὐτοὺς
866 3663 1169 3733 πεφυκότα.
1208 3659 1300 3723 OL;
1325 3660 1389 3729 δὴ
1424 3660 1518 3711 καὶ
1551 3661 1597 3710 οί
1625 3659 1753 3725 περὶ
1787 3655 2037 3708 Ἀκίνδυο

488 3762 579 3812 νόν
604 3776 663 3812 τε
691 3758 783 3810 καὶ
815 3756 1104 3825 Γρηγορᾶν
1136 3751 1327 3817 ὥσπερ
1360 3750 1612 3819 ἐπίτηδες
1646 3750 1870 3809 ἑαυτοὺς
1912 3762 2043 3813 συγ-

490 3849 805 3913 κατέλεξαν.
838 3849 947 3900 Καὶ
974 3846 1180 3912 ταύτης
1221 3840 1359 3896 εἷναί
1393 3859 1451 3895 τε
1501 3842 1595 3893 καὶ
1648 3842 1889 3905 ἀκούειν,
1928 3839 2044 3901 πῶς

490 3943 557 3994 ἂν
582 3944 747 3995 εἴποι.
773 3957 874 4003 τις,
905 3937 1358 4005 ἐφιλοτιμήσαντο
1386 3934 1485 4003 τῆς
1518 3933 1829 4001 συμμορίας
1861 3949 1921 3983 τε
1949 3932 2043 3983 καὶ

490 4034 588 4099 τῆς
619 4032 842 4093 τάξεως,
869 4029 1073 4097 κτίσμα
1113 4030 1208 4080 σὺν
1233 4027 1415 4088 αὐτοῖς
1475 4026 1611 4093 μετὰ
1666 4024 1776 4075 τῶν
1829 4023 2044 4075 θεοκτό-

491 4142 597 4178 νων
639 4122 911 4176 Ἰουδαίων
980 4122 1425 4190 βλασφημοῦντες
1485 4117 1577 4169 τὸν
1618 4116 1894 4183 Δεσπότην
1943 4115 2044 4183 τῆς

493 4216 720 4276 κτίσεως
751 4215 1006 4276 κάκιστα,
1069 4211 1355 4272 καὶδόξαν
1414 4211 1578 4262 αὑτὸν
1642 4211 1738 4262 καὶ
1789 4210 1904 4277 φῶς
1952 4216 2045 4263 καὶ

493 4304 722 4373 θεότητα
753 4303 1100 4372 περικεῖσθαι
1139 4302 1363 4370 κτιστὴν
1403 4300 1705 4368 φάσκοντες
1763 4300 1819 4353 ἐν
1873 4319 1931 4353 τε
1976 4306 2041 4372 τῇ

497 4396 765 4465 μελλούσῃ
793 4398 993 4465 φρικτῇ
1034 4396 1312 4464 παρουσίᾳ
1342 4394 1557 4455 τούτου,
1603 4397 1693 4445 καὶ
1720 4393 1784 4462 δὴ
1819 4395 1922 4444 κάν
1976 4396 2042 4462 τῇ

494 4486 784 4555 θεοφανείᾳ
812 4486 980 4539 πάλαι
1013 4488 1077 4555 τῇ
1130 4488 1187 4537 ὲν
1221 4485 1300 4549 τῷ
1360 4483 1652 4553 Θαδωρίῳ.
1697 4481 1917 4552 Ἐπειδὴ
1954 4485 2046 4535 καὶ

494 4579 733 4632 τοιοῦτον
765 4579 918 4649 ἥξειν
952 4578 1000 4629 οἱ
1040 4578 1194 4630 αὐτοὶ
1225 4578 1427 4638 πάντες
1479 4577 1611 4645 ὁμοῦ
1651 4576 1893 4643 θεολόγοι
1924 4576 2047 4628 τοῦ-

493 4673 584 4724 τόν
613 4688 799 4737 φασιν,
824 4667 935 4733 οἶος
962 4670 1121 4739 ῶφθη
1159 4672 1271 4732 τοῖς
1321 4670 1589 4739 μαθηταῖς
1623 4671 1710 4721 ἐπὶ
1739 4670 1833 4722 τοῦ
1865 4670 2043 4739 ὅρους,

494 4763 873 4833 ὑπερνικώσης
904 4765 964 4816 τὸ
1012 4764 1234 4834 σαρκίον
1266 4765 1367 4832 τῆς
1401 4763 1674 4834 θεότητος.
1730 4765 1870 4818 ’Λλλ⁹
1901 4762 2047 4819 οὗτοι

494 4856 699 4922 κτίσμα
722 4856 811 4906 καὶ
844 4854 1001 4907 τοῦτο
1026 4855 1248 4907 κάκεῖνό
1300 4873 1453 4923 φασι,
1513 4857 1605 4909 καὶ
1644 4856 1907 4926 κτίσματι
1956 4872 2044 4909 τε-

493 4944 723 4997 θεῶσθαι
760 4946 885 5006 τοὺς
939 4946 1310 5014 τεθεωμένους
1372 4946 1465 4998 καὶ
1504 4946 1622 4998 τότε
1676 4948 1770 4999 καὶ
1807 4947 1901 5010 νῦν
1956 4951 2046 5001 καὶ

491 5037 790 5101 είσέπειτα,
817 5039 917 5089 οὐκ
937 5033 1056 5089 οἶδα
1086 5042 1193 5089 τίνι
1245 5038 1420 5107 τούτῳ
1454 5040 1546 5091 καὶ
1593 5039 1709 5100 πῶς
1765 5040 2045 5110 θεουργεῖν

490 5126 772 5196 δυναμένῳ
826 5127 895 5179 τὰ
971 5126 1395 5198 θεουργούμενα.
1440 5128 1585 5181 Ἀλλ’
1642 5131 1669 5181 6
1724 5129 2044 5193 διδάσκαλος

491 5209 663 5279 οὗτος,
694 5218 827 5295 ὁμοῦ
860 5221 955 5280 καὶ
985 5222 1102 5281 ταῖς
1134 5218 1307 5281 θείαις
1336 5220 1578 5290 Γραφαίς
1627 5222 1721 5273 καὶ⁵
1773 5225 1884 5284 τοῖς
1938 5224 2045 5291 πρὸ

491 5311 653 5362 αὑτοῦ
686 5310 1024 5372 διδασκάλοις
1046 5327 1103 5363 τε
1136 5311 1230 5364 καὶ
1282 5310 1551 5379 θεολόγοις
1606 5311 1867 5380 ἑπόμενος
1919 5313 2043 5382 ἄρι-

492 5416 613 5465 στα,
652 5402 771 5453 κατ’
835 5402 1025 5455 οὐσίαν
1084 5403 1207 5473 μὲν,
1264 5404 1402 5473 ὅπερ
1446 5404 1602 5473 ἔφην,
1665 5406 1758 5457 καὶ
1808 5406 2044 5475 ἀρῥητον

494 5492 587 5542 κει)⁸
619 5493 869 5561 ἀόρατον,
897 5494 1139 5563 ἄληπτόν
1159 5513 1219 5548 τε
1260 5498 1352 5550 καὶ
1412 5487 1733 5566 ἀνεννόητον
1778 5494 1919 5550 εἶναι
1952 5500 2044 5551 τὸν

493 5583 623 5634 Θεὸν
644 5584 1028 5653 ὲθεολόγησεν·
1081 5588 1278 5656 ὁρατὸν
1338 5588 1382 5639 δ’
1431 5591 1493 5641 ὲκ
1547 5590 1652 5640 τῶν
1716 5590 1842 5661 περὶ
1880 5591 2043 5645 αὐτὸν

495 5667 650 5720 θείων
680 5671 968 5739 ἐνεργειῶν
990 5674 1083 5725 καὶ
1113 5674 1417 5743 δυνάμεων,
1454 5676 1575 5726 ὅσαι
1616 5675 1749 5744 πρὸς
1805 5677 1864 5727 τὸ
1890 5676 2043 5747 ὑψη-

490 5756 579 5808 λὸν
615 5762 1062 5831 κα“ιὰνηγμένον,
1120 5769 1301 5836 φησὶν,
1368 5766 1682 5834 ἐπαίρουσιν
1728 5767 1882 5835 ἡμῶν
1939 5768 2035 5837 τὴν

489 5846 747 5916 διάνοιαν,
802 5854 895 5906 καὶ
946 5854 1079 5924 πρὸς
1136 5859 1234 5927 τὴν
1282 5858 1380 5923 τῆς
1413 5857 1561 5919 θείας
1619 5858 2036 5926 μεγαλειότητος

2151 3297 2368 3359 ἀκούεις
2401 3297 2508 3350 τῶν
2554 3298 2721 3367 πείρα
2777 3302 2937 3352 ταυτὶ
2981 3299 3075 3350 καὶ
3111 3299 3392 3352 παθόντων
3441 3301 3577 3369 ὁμοῦ
3620 3309 3715 3354 και

2154 3388 2432 3455 μαθόντων
2490 3387 2777 3455 θεολόγων,
2831 3391 3014 3442 ἐκεῖνα
3068 3390 3133 3443 τὰ
3186 3392 3517 3461 μυριόλεκτα
3572 3398 3714 3447 κατά

2150 3479 2239 3530 τὸν
2295 3477 2517 3531 εἰπόντα
2552 3480 2821 3546 λεγόντων
2855 3482 2983 3551 περὶ
3016 3482 3198 3534 αὐτῶν
3237 3483 3293 3534 ἕν
3324 3500 3385 3550 γε
3419 3486 3529 3545 τοῖς
3578 3490 3711 3555 περὶ

2150 3570 2248 3639 τῆς
2281 3570 2431 3632 θείας
2465 3573 2947 3642 μεταμορφώσεως
2983 3592 3127 3643 φημι
3163 3573 3364 3641 λόγοις,
3403 3577 3458 3641 ἐξ
3492 3570 3566 3631 ὧν
3613 3578 3712 3645 δή-

2153 3679 2255 3714 που
2303 3664 2393 3715 καὶ
2426 3660 2494 3715 τὰ
2555 3666 2758 3732 φυσικά
2810 3667 3117 3734 πεφυκέναι
3161 3670 3255 3719 καὶ
3308 3669 3563 3736 λέγεσθαι
3618 3671 3713 3723 τοῦ

2151 3755 2286 3807 Θεοῦ
2315 3758 2472 3807 ταυτὶ
2530 3758 2678 3825 παρά
2710 3756 2819 3808 τῶν
2856 3758 3016 3828 ἱερῶν
3049 3756 3387 3813 διδασκάλων
3443 3762 3715 3830 μανθάνο-

2155 3864 2253 3917 μεν
2288 3864 2299 3877 ’
2331 3847 2410 3899 διὸ
2440 3848 2531 3901 καὶ
2558 3850 2584 3901 ὁ
2625 3849 2757 3911 Θεός
2794 3851 2908 3902 ὲστι
2941 3851 3116 3904 ταῦτα
3147 3854 3196 3903 εί
3244 3855 3333 3905 καὶ
3364 3854 3438 3924 μὴ
3485 3856 3604 3908 κατ’
3627 3857 3716 3907 οὐ-

2156 3940 2298 4001 σίαν,
2337 3939 2472 3993 ἀλλὰ
2499 3940 2636 3992 κατά
2666 3942 2829 4010 χάριν
2870 3960 2927 3993 τε
2957 3942 3048 3994 καὶ
3075 3944 3376 4013 ἐνέργειαν.
3421 3947 3714 4013 Μακάριοι

2153 4031 2279 4098 γὰρ,
2315 4033 2478 4098 φησὶν
2524 4034 2550 4083 6
2600 4033 2926 4093 Δεσποτικὸς
2987 4033 3165 4098 λόγος,
3222 4038 3275 4087 οὶ
3342 4037 3583 4104 καθαροὶ
3641 4039 3714 4107 τῇ

2154 4120 2386 4187 καρδίᾳ,
2413 4120 2501 4173 ὅτι
2532 4121 2700 4175 αὐτοὶ
2735 4123 2840 4175 τὸν
2878 4126 3025 4175 Θεὸν
3075 4125 3361 4191 ὄψονταν
3411 4132 3529 4180 κατ’
3574 4130 3714 4182 αὐτα

2152 4213 2215 4280 δὴ
2248 4212 2420 4264 ταῦτα
2444 4214 2617 4279 λέγων
2652 4214 2715 4265 τὰ
2764 4208 2865 4283 τῆς
2901 4216 3159 4285 θεότητος
3185 4218 3412 4284 φυσικὰ,
3449 4221 3571 4271 καθ’
3597 4222 3712 4290 ἆδὴ

2155 4302 2247 4354 καὶ
2282 4303 2472 4370 ὁρατὸς
2507 4303 2591 4354 διὰ
2615 4302 3026 4373 φιλανθρωπίαν
3053 4309 3162 4369 τοῖς
3190 4310 3631 4379 κεκαθαρμένοις
3687 4316 3714 4367 6

2154 4396 2293 4447 κατά
2327 4397 2485 4463 φύσιν
2516 4398 2742 4465 ἀόρατος
2777 4400 3046 4466 γίγνεται.

2223 4488 2296 4541 Οὐ
2337 4488 2442 4557 μὴν
2492 4489 2628 4539 ἀλλὰ
2661 4490 2753 4541 καὶ
2798 4490 3016 4541 τουτουῒ
3069 4490 3161 4542 τοῦ
3211 4491 3534 4545 διδασκάὶου
3583 4496 3714 4564 περὶ

2153 4580 2262 4631 τῶν
2297 4580 2473 4633 αὐτῶν
2490 4578 2756 4643 ὡσαύτως
2791 4581 3151 4651 πρὸβραχέος
3172 4582 3422 4650 λέγοντος
3442 4585 3707 4654 ἤκουσας.

2152 4670 2225 4723 Τὸ
2256 4671 2363 4739 γὰρ
2393 4669 2484 4721 τοῦ
2515 4670 2780 4738 θεηγόρου
2811 4671 3034 4741 Νύσσης
3067 4674 3244 4726 ἐκεῖνο
3289 4674 3490 4741 λαϐὼν,
3546 4678 3619 4729 Οὐ
3652 4678 3712 4729 τὸ

2152 4761 2357 4831 γνῶναί
2391 4779 2442 4815 τι
2470 4764 2597 4832 περὶ
2636 4761 2796 4826 Θεοῦ,
2834 4762 2989 4831 φησὶ,
3020 4763 3181 4831 μόνον
3213 4770 3508 4835 μακάριον,
3553 4771 3712 4819 τοῦτο

2150 4855 2257 4922 γὰρ
2295 4858 2386 4907 καὶ
2413 4853 2501 4905 διὰ
2531 4854 2628 4920 τῆς
2665 4851 2759 4904 τοῦ
2797 4853 3003 4922 κόσμου
3040 4855 3232 4922 σοφίας
3264 4856 3481 4919 πολλοῖς
3525 4855 3708 4925 ἐξεγέ-

2151 4963 2290 5007 νετο,
2327 4944 2459 4997 ἀλλὰ
2486 4944 2545 4996 τὸ
2576 4946 2634 4997 ἐν
2657 4944 2838 5014 ἑαυτῷ
2872 4962 2995 4998 τινα
3030 4946 3175 5014 ἔχειν
3207 4947 3297 4998 τὸν
3353 4948 3486 5000 Θεὸν
3530 4951 3714 5015 μακά-

2155 5054 2291 5104 ριον,
2326 5036 2466 5088 κατά
2496 5035 2554 5088 τὸ
2580 5038 2734 5099 ἐντὸς
2766 5036 2921 5103 ἡμῶν
2949 5033 3093 5089 εἶναι
3120 5038 3218 5107 τὴν
3268 5039 3548 5107 βασιλείαν
3612 5040 3707 5093 τοῦ

2150 5129 2283 5181 Θεοῦ
2324 5129 2756 5198 κηρυσσόμενον.
2782 5129 2853 5180 Τὸ
2885 5128 2992 5198 γὰρ
3045 5130 3178 5198 ἡμῖν
3230 5132 3498 5201 χωρητὸν,
3552 5133 3708 5201 φησὶ,

2150 5221 2247 5290 τῆς
2277 5221 2659 5287 κατανοήσεως
2695 5218 2896 5288 μέτρον
2928 5222 2984 5272 ὲν
3011 5222 3144 5290 ἡμῖν
3174 5223 3344 5274 ἐστιν.
3378 5221 3566 5287 Οὖτως
3601 5225 3708 5294 γὰρ

2149 5316 2176 5366 6
2211 5313 2420 5374 πλάσας
2456 5313 2603 5382 ἡμᾶς
2635 5312 2869 5382 ὲξαρχῆς
2909 5314 3039 5375 Θεὸς
3091 5317 3154 5383 τῇ
3192 5314 3289 5383 τῆς
3316 5315 3530 5382 φύσεως
3551 5317 3707 5385 ἡμῶν

2149 5406 2463 5471 κατασκευῇ
2491 5443 2505 5467 ,
2533 5403 2631 5470 τῆς
2681 5404 2815 5465 ἰδίας
2844 5405 3057 5470 φύσεως
3074 5404 3381 5457 ἐνετύπωσε
3406 5406 3517 5457 τῶν
3568 5409 3711 5475 ἀγα-

2149 5494 2255 5545 θῶν
2289 5494 2413 5556 τοὺς
2462 5494 2817 5562 χαρακτῆρας
2854 5494 2945 5544 καὶ
2976 5495 3043 5545 τὰ
3078 5495 3396 5563 μιμήματα.
3434 5497 3495 5548 El
3529 5498 3710 5550 τοίνυν

2146 5584 2236 5637 τὸν
2272 5584 2659 5636 ἐπεισελθόντα
2698 5602 2778 5645 τις
2810 5584 3003 5651 ῥύπον,
3037 5586 3190 5654 φησὶ,
3224 5584 3314 5638 διὰ
3377 5587 3476 5655 τῆς
3536 5588 3709 5656 ἁμαρ.

2146 5675 2263 5736 τίας
2287 5674 2353 5726 δι’
2392 5673 2711 5742 ἐπιμελείας
2744 5672 2861 5741 βίου
2899 5675 3294 5742 ἀποκλύσεται,
3324 5678 3419 5729 καὶ
3446 5677 3534 5730 τὸν
3556 5679 3707 5741 ἐντὸς

2144 5767 2432 5835 ἄνθρωπον
2457 5767 2516 5819 ὃν
2555 5766 2779 5835 καρδίαν
2811 5768 2839 5819 6
2878 5766 3034 5834 λόγος
3095 5770 3458 5838 κατσνομάζει
3516 5769 3711 5823 διακα-

2145 5850 2325 5926 θάροι,
2370 5856 2677 5925 ἀναλάμψει
2724 5856 2885 5911 πάλιν
2931 5856 2990 5910 τὸ
3031 5858 3263 5923 θεοειδὲς
3311 5860 3544 5929 κάλλος,
3612 5862 3705 5913 καὶ
