4488 6444
722 419 868 483 1103

1785 413 2204 474 PIIILOTHEI
2245 413 2351 475 CP.
2397 414 2617 474 PATRI
2635 418 2671 470 Λ
2686 412 2832 472 RC1]
2847 409 2906 468 ,Ε

3828 405 3959 468 1104

720 541 778 591 ἐν
800 536 878 606 τῷ
909 536 1026 604 ἰδίῳ
1058 534 1243 585 κάλλει
1267 532 1365 600 τῆς
1401 530 1615 599 φύσεως
1639 528 1737 598 τῆς
1767 527 1919 591 θείας
1954 527 2166 598 καθορᾷ
2191 527 2288 597 τὴν
2321 535 2364 591 Α
2393 529 2732 597 κεκτημένος
2759 529 2942 580 ἐκεῖνα
2972 526 3105 589 Θεὸς
3156 525 3391 579 ἐνοικεῖν
3447 523 3599 592 παρά
3650 522 3748 590 τῆς
3806 523 3958 586 θείας

722 630 932 687 εἰκόνα.
955 627 1057 696 τὴν
1083 624 1218 695 πρὸς
1244 623 1306 676 τὸ
1367 623 1599 691 ἀρχαῖον
1660 619 2060 689 ἀναλαμϐάνων
2109 619 2294 687 ὁμοιό-

720 738 862 791 τητα
893 718 1074 780 πάλιν,
1116 713 1440 782 καὶ.ἀγαθὸς
1474 712 1570 766 ῶν.
1605 711 1698 779 Τῷ
1734 711 1842 780 γὰρ
1874 709 2068 779 ἀγαθῷ
2101 709 2292 777 ὅμοιον

723 812 786 863 τὸ
823 808 1024 875 ἀγαθὸν
1064 806 1308 865 πάντως.
1335 802 1548 854 Οὐκοῦν
1577 801 1713 854 αὐτὸ
1737 800 1954 866 βλέπων
2003 800 2062 851 ἐν
2088 798 2292 866 ἐαυτῷ,

727 904 787 954 τὸ
831 898 1170 967 ποθούμενον
1220 894 1429 964 βλέπει.
1493 892 1603 945 Καὶ
1635 891 1808 951 οὔτως
1849 889 2059 956 γίνεται
2113 887 2298 956 μακά-

730 1010 844 1062 ριος
869 994 898 1044 ὁ
933 989 1167 1059 καθαρὸς
1194 989 1262 1057 τῇ
1294 985 1516 1053 καρδία,
1541 984 1624 1036 ὅτι
1656 982 1793 1052 πρὸς
1820 981 1922 1051 τὴν
1953 979 2091 1032 ἰδίαν
2124 977 2300 1032 καθα-

733 1087 937 1156 ρότητα
972 1083 1209 1152 βλέπων,
1239 1082 1296 1131 ἐν
1330 1082 1397 1148 τῇ
1429 1077 1597 1130 εἰκόνι
1649 1074 1864 1145 καθορᾷ
1905 1073 1965 1125 τὸ
1993 1070 2301 1142 ἀρχέτυπον

731 1176 876 1230 κατά
899 1191 963 1241 γε
1013 1174 1138 1236 τοὺς
1181 1171 1448 1242 δρῶντας,
1500 1170 1690 1237 φησὶν,
1729 1166 1788 1217 ἐν
1841 1163 2174 1230 κατόπτροις
2209 1159 2301 1212 τὸν

729 1269 902 1340 ἥλιον,
938 1266 1044 1320 κᾶν
1077 1268 1124 1318 εί
1166 1265 1300 1334 πρὸς
1339 1261 1571 1330 οὐρανὸν
1627 1257 1704 1328 μὴ
1764 1256 2034 1326 βλέποιεν.
2079 1253 2143 1304 ’0
2195 1250 2303 1320 γὰρ

731 1360 961 1421 ἀτονῶν,
997 1360 1155 1427 φησὶ,
1191 1357 1326 1426 πρὸς
1359 1351 1690 1418 κατανόησιν
1721 1348 1818 1400 τοῦ
1864 1344 2164 1414 ἀπροσίτου
2189 1359 2304 1410 φω-

731 1452 845 1516 τὸς,
878 1449 1050 1516 αὐτῆς
1083 1446 1329 1518 δηλονότι
1361 1445 1458 1512 τῆς
1487 1441 1642 1504 θείας
1697 1437 1940 1507 φύσεως,
1982 1437 2032 1488 εἰ
2085 1434 2178 1486 ἐπὶ
2204 1437 2304 1500 τὴν

734 1542 977 1613 έξαρχῆς
1024 1534 1636 1608 ἐγκατασκευασθεῖσαν
1697 1529 1858 1601 χάριν
1930 1528 2031 1596 τῆς
2094 1526 2307 1587 εἰκόνος

736 1634 1157 1702 ἀναδραμεῐται,
1194 1631 1251 1682 ἐν
1283 1627 1464 1696 ἐαυτῷ
1495 1624 1554 1677 τὸ
1580 1622 1914 1691 ζητούμενον
1937 1617 2071 1689 ἔχει.
2136 1619 2305 1671 Ὅταν

739 1719 856 1786 οὖν,
897 1723 1086 1790 φησὶν,
1125 1718 1335 1788 ἀμιγὴς·
1365 1716 1570 1778 παντὸς
1605 1711 1806 1774 κακοῦ,
1845 1711 1939 1762 καὶ
1969 1709 2170 1770 παντὸς
2208 1723 2307 1776 μο-

738 1811 948 1884 λυσμοῦ
978 1810 1384 1882 κεχωρισμένος
1423 1809 1449 1859 ὁ
1474 1809 1532 1859 ἐν
1573 1803 1722 1872 αὐτῷ
1753 1800 2015 1871 λογισμὸς
2043 1794 2101 1870 ᾗ,
2138 1797 2308 1851 καθα-

746 1907 834 1975 ρός
869 1923 928 1958 τε
959 1905 1054 1958 καὶ
1102 1903 1320 1970 ἀπαθὴς
1378 1899 1473 1953 καὶ
1517 1895 1692 1952 κακοῦ
1736 1895 1939 1956 παντὸς
1998 1889 2305 1958 ἐλεύθερος,
2346 1879 2382 1937 Β

745 1998 1017 2068 μακάριος
1049 1994 1202 2056 οὗτος
1232 1994 1329 2062 τῆς
1364 1990 1660 2054 ὀξυωπίας,
1688 1989 1771 2041 ὅτι
1811 1985 1872 2038 τὸ
1901 1986 2012 2046 τοῖς
2045 1979 2120 2052 μὴ
2141 1979 2308 2034 καθα-

745 2093 854 2160 ροῖς
885 2087 1112 2143 ἀθέατον
1132 2085 1495 2152 ἐκκαθαρθεὶς
1532 2080 1854 2149 κατενόησε.
1885 2075 2082 2129 Βλέπει
2113 2072 2310 2141 τηλαυ-

742 2179 850 2247 γῶς
883 2178 943 2230 τὸ
971 2175 1241 2247 μακάριον
1273 2172 1470 2241 θέαμα.

827 2357 968 2413 Ἀλλ’
1005 2356 1190 2424 ἡμεῖς,
1229 2350 1395 2420 φασὶν
1429 2351 1478 2402 οἰ
1509 2347 1638 2418 περὶ
1669 2345 1956 2416 Γρηγορᾶν
1993 2346 2091 2398 καὶ
2138 2341 2314 2394 ’Δκίν-

745 2451 925 2512 δυνον,
953 2442 1305 2515 καθαρότητα
1345 2441 1442 2494 καὶ
1468 2439 1763 2502 ἀπάθειαν,
1796 2437 1893 2490 καὶ
1953 2433 2124 2488 κακοῦ
2176 2449 2314 2485 παν-

748 2542 834 2604 τὸς
869 2538 1226 2606 ἀλλοτρίωσιν
1277 2535 1372 2586 καὶ
1405 2532 1546 2584 κο.τά
1597 2528 1790 2582 τοῦτον
1847 2527 1938 2581 τὸν
1993 2524 2313 2579 διδάσκαλον

747 2631 1034 2691 ἀκούοντες
1069 2623 1331 2693 εἶναιτὴν
1376 2625 1592 2685 θέωσιν,
1617 2623 1713 2680 καὶ
1745 2621 1971 2691 προσέσι
1999 2617 2093 2672 καὶ
2153 2617 2313 2684 ἁγια-

752 2723 889 2790 σμὸν
938 2719 1031 2771 καὶ
1086 2716 1369 2784 ἁπλότητα
1398 2751 1413 2777 ,
1467 2711 1762 2780 ἐπειδήπερ
1816 2705 2121 2778 ἀνθρώπων
2177 2700 2315 2756 εἶναι

752 2810 1056 2864 σπουδαίων
1090 2809 1227 2877 ἔργα
1264 2805 1437 2857 ταῦτα
1493 2802 1856 2870 γινώσκομεν,
1891 2801 1986 2852 καὶ
2017 2797 2108 2851 διά
2159 2796 2316 2848 τοῦτο

754 2906 846 2958 καὶ
878 2902 1178 2970 κτίσματα,
1214 2897 1331 2950 ἀλλ’
1373 2893 1494 2963 οὐχὶ
1531 2893 1738 2960 φυσικά
1771 2891 1862 2944 τοῦ
1893 2887 2050 2956 Θεοῦ,
2093 2889 2186 2941 καὶ
2216 2904 2318 2938 κα-

754 2998 930 3064 θάπερ
962 2994 1118 3063 ὑμεῖς
1145 3008 1300 3059 φατε,
1337 2989 1437 3056 τῆς
1484 2986 1635 3049 θείας
1675 2985 1890 3054 φύσεως
1924 2980 2192 3050 ἰδιώματα
2225 2979 2317 3031 καὶ

754 3089 852 3158 τὴν
885 3087 1079 3138 θέωσιν
1112 3085 1420 3150 ἐξάνάγκης
1456 3080 1665 3147 κτίσμα
1695 3073 1832 3128 Θεοῦ
1859 3072 2162 3141 πεφυκέναι
2193 3088 2319 3122 συν-

754 3180 983 3248 ἀγομεν,
1025 3176 1214 3244 ἐπειδὴ
1282 3173 1377 3225 καὶ
1426 3169 1632 3236 ταύτην
1687 3163 1827 3219 εἶναι
1883 3164 1991 3217 τῶν
2051 3160 2319 3228 θεολόγων

755 3275 942 3326 ἐκεῖνα
975 3270 1246 3338 λεγόντων
1279 3265 1574 3333 ἀκούομεν,
1599 3261 1692 3313 νῦν
1735 3260 1895 3328 ἡμεῖς
1931 3255 2191 3323 ἐοίκαμεν
2226 3256 2319 3305 ἀν-

757 3365 962 3434 θρώπῳ
992 3363 1129 3431 πρὸς
1157 3378 1206 3413 τι
1232 3358 1420 3428 θηρίον
1437 3351 1830 3423 ἀγωνιζομένῳ
1851 3347 2049 3410 δεινὸν,
2081 3347 2177 3399 καὶ
2198 3361 2326 3414 χερ-

759 3453 846 3505 σὶν
876 3450 1110 3510 οἰκείαις
1143 3449 1304 3509 ἑλεῖν,
1336 3446 1368 3516 ἦ
1398 3445 1492 3497 καὶ
1526 3443 1736 3495 ἀνελεῖν
1769 3439 2073 3492 σπεύδοντι.
2112 3436 2208 3496 ’ος
2260 3434 2326 3505 δὴ

760 3544 852 3596 καὶ
887 3541 1024 3610 μετά
1055 3539 1179 3599 τοὺς
1211 3535 1456 3607 μακροὺς
1512 3531 1746 3602 δρόμους
1793 3529 1887 3582 καὶ
1924 3527 2046 3588 τοὺς
2105 3523 2325 3593 ἀγῶνας

760 3638 818 3685 ἐν
846 3632 1076 3700 οἰκίσκῳ
1129 3628 1191 3680 τὸ
1245 3625 1435 3694 θηρίον
1471 3621 1841 3682 κατακλείσας
1905 3614 2106 3686 μικρῷ,
2141 3615 2325 3674 διττὰς

764 3725 984 3795 φέροντι
1019 3723 1118 3784 τὰς
1151 3717 1390 3783 ἐξόδους,
1426 3712 1706 3784 δυσχερῶς
1736 3711 1847 3780 ἔχει
1879 3709 2019 3761 πάνυ
2057 3707 2154 3759 καὶ
2183 3706 2329 3774 ἀμην

762 3817 940 3884 χάνως
974 3811 1110 3882 πρὸς
1147 3811 1244 3879 τὴν
1277 3807 1485 3860 ἐκείνου
1519 3801 1804 3870 σύλληψιν,
1829 3799 1924 3853 νῦν
1960 3798 2062 3870 μὲν
2102 3799 2170 3867 τῇ
2204 3795 2326 3865 μιᾷ,

762 3907 856 3959 νῦν
890 3904 946 3955 δὲ
1003 3903 1206 3972 θατέρᾳ
1263 3899 1376 3952 τῶν
1415 3896 1607 3963 ἐξόδων
1671 3891 2047 3962 ἐπιπηδῶντος
2079 3889 2174 3941 τοῦ
2233 3886 2330 3957 θη-

767 3999 904 4068 ρίου,
929 3996 1022 4048 καὶ
1042 3994 1235 4060 διπλῆν
1270 4007 1385 4050 πως
1437 3989 1515 4057 τῷ
1547 3986 1822 4054 ἀγωνιστῇ
1885 3981 1985 4052 τὴν
2029 3980 2204 4049 πάλην
2234 3980 2330 4032 καὶ

761 4062 853 4144 τὸν
888 4088 1073 4156 ἀγῶνα
1125 4078 1654 4142 κατασκευάζοντος.
1714 4075 1787 4128 Τὸ
1823 4072 1931 4143 γάρ
1987 4069 2330 4140 ψυχοφθόρον

764 4181 913 4233 τουτὶ
945 4177 1188 4245 θηρίονή
1215 4169 1591 4236 πολυκέφαλος
1631 4166 1865 4236 αἵρεσις,
1908 4163 2078 4231 αὐτὴν
2125 4161 2332 4214 ἄνωθεν

764 4274 998 4338 λέγουσα
1034 4269 1135 4337 τὴν
1167 4267 1320 4318 θείαν
1351 4262 1543 4314 οὐσίαν
1583 4259 1814 4312 ἐνοικεῖν
1853 4257 1965 4318 τοῖς
1996 4252 2332 4324 ἀνθρώποις,

769 4361 864 4415 καὶ
892 4358 1094 4429 ὁρατὴν
1125 4356 1215 4410 καὶ
1255 4354 1470 4423 ληπτὴν
1500 4353 1613 4411 τοῖς
1657 4348 2097 4416 κεκαθαρμένοις
2155 4344 2337 4412 γίγνε-

770 4453 917 4514 σθαι,
953 4453 1048 4503 καὶ
1073 4447 1216 4501 τοῦτ’
1247 4445 1380 4500 αὐτὸ
1413 4444 1505 4495 καὶ
1533 4442 1634 4494 οὐκ
1663 4440 1792 4494 ἀλλο
1821 4440 1915 4491 καὶ
1962 4437 2022 4490 τὸ
2065 4435 2334 4506 κυριακὸν

2397 619 2672 684 θεολογίας
2703 620 2796 670 καί
2819 617 3043 684 λέγεται
3068 618 3162 668 καὶ
3189 614 3535 668 πιστεύεται.

2479 710 2620 763 Ἀλλ’
2647 709 2836 778 ὥσπερ
2871 708 2957 761 ἐπ’
2992 708 3202 760 ἑκείνου
3228 711 3322 759 τοῦ
3371 705 3560 775 θηρίου
3605 704 3700 758 καὶ
3747 700 3844 755 τοῦ
3875 701 3956 755 οί-

2399 803 2614 865 κίσκου,
2651 802 2701 854 εἰ
2732 801 2877 854 λίθον
2917 815 2999 861 τις
3061 798 3260 864 ἔξωθεν
3308 797 3657 862 ἐπικυλίσας,
3713 796 3813 866 τὴν
3852 795 3961 848 τῶν

2399 895 2594 959 ἐξόδων
2626 895 2823 963 ἑτέραν
2849 894 3064 964 εὐφυῶς
3099 893 3466 963 ἀποφράξειε,
3500 893 3707 964 ῥᾴστην
3757 889 3825 945 ἀν
3874 891 3963 942 ἐν·

2401 987 2590 1040 τεῦθεν
2618 985 2696 1056 τῷ
2749 987 3024 1057 ἀγωνιστῇ
3069 987 3168 1055 τὴν
3214 986 3357 1040 κατά
3415 984 3510 1038 τοῦ
3563 983 3754 1052 θηρίου
3805 981 3964 1050 νίκην

2401 1080 2724 1148 ἐργάσαιτο,
2751 1079 2850 1147 τῆς
2875 1079 3068 1147 ἐτέρας
3125 1077 3235 1131 τῶν
3291 1076 3490 1142 ἐξόδων
3543 1074 3787 1144 εὐχερῶς
3847 1075 3965 1143 ἑχο-

2407 1172 2573 1241 μένῳ,
2647 1169 2945 1224 κάντεῦθεν
3013 1170 3208 1239 ἐκείνῳ
3267 1169 3358 1222 τὸν
3405 1167 3651 1238 δρασμὸν
3703 1165 3967 1234 γενναίως

2405 1262 2748 1332 ἀπείργοντι,
2779 1257 2922 1314 οὕτω
2981 1260 3280 1324 κάνταῦθα,
3321 1260 3416 1312 τὸν
3459 1259 3855 1325 άκρογωνιαῖον
3888 1254 3964 1304 λί-

2405 1353 2496 1405 θον
2521 1352 2778 1422 Χριστὸν,
2808 1352 2896 1404 διά
2920 1352 3017 1421 τῆς
3048 1351 3256 1404 ἑαυτῶν
3310 1348 3592 1416 θεολογίας
3646 1345 3698 1401 οἰ
3751 1345 3967 1398 ἐκείνου

2410 1442 2609 1511 μύσται
2637 1442 2732 1494 καί⁵
2760 1442 3044 1511 σύμμαχοι
3076 1441 3286 1510 θατέρᾳ
3314 1440 3424 1492 τῶν
3451 1438 3646 1504 ἐξόδων
3704 1437 3967 1505 ἀσφαλῶς

2408 1535 2826 1604 ἐπιστήσαντες,
2864 1534 3014 1587 Θεὸν
3053 1529 3256 1598 οὐδεὶς
3292 1531 3516 1600 ἑώρακε
3568 1529 3830 1589 πώποτε,
3887 1526 3975 1580 λέ-

2408 1643 2597 1696 γοντα,
2631 1625 2727 1678 καὶ
2773 1625 2836 1677 τὸ
2864 1623 2964 1692 τῆς
3019 1623 3170 1688 θείας
3224 1623 3413 1686 οὐσίας
3467 1619 3861 1688 ἀκατάληπτόν
3912 1635 3972 1670 τε

2407 1717 2502 1768 καὶ
2551 1714 2793 1784 ἄρρητον
2865 1713 3078 1767 ἐκεῖθεν
3138 1711 3230 1766 διὰ
3283 1711 3381 1781 τῆς
3426 1711 3636 1765 ἑαυτῶν
3693 1707 3974 1775 θεολογίας

2412 1803 2769 1872 πολυτρόπως
2791 1797 3308 1864 κατασκευάσαντές
3333 1816 3394 1853 τε
3417 1804 3516 1854 καὶ
3562 1795 3974 1862 ἀποδείξαντες,

2411 1894 2583 1957 οὐτως
2614 1891 2789 1946 ἔπειθ’
2816 1893 2949 1962 ἡμῖν
2984 1893 3084 1962 τὴν
3120 1893 3221 1962 τῆς
3247 1892 3491 1962 πονηράς
3515 1889 3784 1960 αίρέσεως
3813 1887 3972 1941 ἀναί-

2415 2002 2589 2056 ρεσιν,
2627 1987 2724 2040 σὺν
2760 1983 2880 2056 Θεῷ
2905 1983 2951 2038 δ’
2979 1984 3007 2036 ὁ
3026 1984 3204 2051 λόγος,
3229 1982 3434 2052 εὐπετῆ
3491 1981 3587 2035 καὶ
3631 1980 3840 2050 ῥᾴστην
3871 1995 3976 2030 κα-

2413 2077 2838 2144 τασκευάσουσι,
2878 2076 2976 2147 τῆς
3038 2074 3236 2146 ἐτέρας
3286 2073 3675 2144 ἀντεχομένοις
3732 2068 3976 2140 εὐχερῶς

2413 2168 2520 2220 τῶν
2583 2168 2804 2234 ἐξόδων,
2870 2167 3162 2236 Μακάριοι
3214 2168 3268 2222 οι
3301 2164 3551 2234 καθαροί
3614 2161 3689 2232 τῇ
3739 2160 3977 2229 καρδίᾳ,

2414 2258 2707 2329 λεγούσης,
2741 2258 2832 2314 ὅτι
2873 2259 3044 2314 αὐτοὶ
3083 2259 3189 2314 τὸν
3250 2258 3400 2314 Θεὸν
3448 2258 3724 2327 ὄψονται.
3778 2256 3858 2310 Δι’
3911 2251 3980 2329 ἧς

2414 2352 2585 2421 δήπου
2608 2352 2704 2404 καὶ
2746 2351 3010 2422 μεθεκτὸν
3049 2351 3142 2406 τὸν
3198 2352 3330 2405 Θεὸν
3377 2351 3445 2406 ὀὐ
3507 2351 3598 2406 διά
3638 2351 3977 2421 κτισμάτων,

2419 2445 2534 2509 πῶς
2572 2446 2716 2515 γάρ;
2745 2444 2882 2499 ἀλλά
2911 2445 2999 2499 διά
3050 2444 3159 2498 τῶν
3205 2444 3418 2499 ἐκείνου
3468 2443 3671 2513 δηλαδὴ
3728 2443 3980 2511 φυσικῶν

2420 2535 2728 2603 ἰδιωμάτων
2790 2535 2840 2587 οἰ
2876 2534 3031 2590 αὐτοὶ
3059 2533 3299 2599 δείξουσι
3349 2533 3596 2603 θεολόγοι
3659 2534 3757 2586 καὶ
3799 2531 3978 2596 αὐθις.

2417 2626 2634 2678 Μᾶλλον
2670 2625 2716 2677 δ’
2754 2624 2988 2689 ἐκείνοις
3013 2626 3108 2685 καὶ
3132 2625 3308 2680 ταῦτα
3370 2623 3462 2681 διὰ
3519 2623 3734 2678 πολλῶν
3798 2625 3982 2684 αὐτοῖς

2419 2718 2520 2787 ήδη
2549 2718 2646 2770 καὶ
2689 2717 2952 2781 πολλάκις
2997 2717 3480 2772 συναποδέδεικται
3519 2716 3808 2772 κάλλιστα.
3855 2717 3980 2767 Δει-

2419 2810 2689 2880 χθήσεται
2723 2809 2768 2863 δ’
2793 2811 2904 2863 ἀπὸ
2939 2810 3136 2880 μέρους
3187 2810 3450 2873 ὡσαύτως
3491 2809 3675 2880 ὥσπερ
3704 2811 3762 2862 ἐν
3797 2807 3982 2862 ἐπιλό⁶

2421 2917 2537 2969 γοις
2566 2900 2664 2953 καὶ
2693 2899 2814 2954 νῦν.
2847 2900 3073 2970 Πρῶτον
3097 2900 3198 2970 μὲν
3221 2895 3318 2955 οῦν
3347 2902 3440 2954 καὶ
3481 2900 3694 2970 γελοίον
3751 2899 3819 2954 ἂν
3868 2897 3984 2969 εῖη,

2423 2994 2519 3047 καὶ
2550 2993 2735 3057 ἀνοίας
2768 2992 2800 3062 ἢ
2834 2994 2928 3047 καὶ
2962 2991 3162 3062 μανίας
3184 2993 3366 3046 ἐκεῖνό
3395 2995 3461 3060 γε
3500 2995 3601 3063 τῆς
3629 2991 3889 3062 ἐσχάτης,
3923 2991 3986 3044 τὸ

2420 3085 2510 3138 τὸν
2538 3083 2804 3152 μονογενῆ
2826 3083 2921 3136 τοῦ
2953 3082 3090 3137 Θεοῦ
3119 3084 3248 3137 Υίὸν
3276 3085 3372 3138 καὶ
3402 3083 3536 3137 Θεὸν
3569 3084 3733 3138 αὐτὸν
3777 3085 3986 3137 ἐκεῖνον

2422 3176 2632 3229 οἴεσθαι
2661 3174 2730 3227 δι’
2766 3173 2964 3228 ἐαυτοῦ
3006 3174 3380 3243 μακαρίζοντα
3426 3176 3554 3238 τοὺς
3598 3175 3700 3245 τὴν
3757 3175 3987 3245 καρδίαν

2425 3268 2895 3337 κεκαθαρμένους,
2926 3266 3012 3319 ὅτι
3042 3265 3197 3320 αὐτοὶ
3227 3266 3320 3319 τὸν
3341 3265 3479 3319 Θεὸν
3533 3265 3777 3335 ὕψονται,
3850 3265 3987 3335 πρὸς

2423 3361 2522 3431 τὴν
2547 3363 2808 3429 τοιαύτην
2832 3360 3026 3412 ἔπειτα
3059 3358 3294 3428 θεωρίαν
3328 3360 3422 3412 καὶ
3469 3359 3661 3429 ὅρασιν
3713 3359 3988 3429 κτίσματα

2425 3453 2564 3507 κατά
2623 3453 2907 3522 Γρηγορᾶν
2962 3451 3149 3515 αὐτοῖς
3213 3451 3553 3521 προτιθέναι.
3625 3453 3697 3506 Ἢ
3760 3451 3871 3522 γὰρ
3921 3453 3992 3506 τὰ

2425 3546 2705 3614 κτίσματα
2727 3544 2899 3599 ταῦτα
2925 3545 3076 3609 Θεὸς,
3099 3547 3148 3598 εί
3179 3544 3334 3598 ταῦθ’
3372 3543 3548 3608 οὕτως
3587 3543 3733 3614 ἐχειν
3762 3545 3991 3614 δοίημεν

2427 3635 2552 3689 κατ’
2583 3635 2766 3700 αὐτὸν,
2798 3636 2893 3688 καὶ
2914 3635 2999 3697 τίς
3036 3633 3102 3688 ἂν
3139 3635 3248 3688 τῶν
3301 3634 3547 3687 εὐσεϐεῖν
3596 3634 3868 3705 ἑλομένων
3919 3637 3988 3706 τῇ

2429 3729 2605 3781 κτίσει
2653 3727 2926 3798 λατρεύση
2980 3727 3132 3797 παρά
3189 3728 3280 3780 τὸν
3326 3727 3622 3788 κτίσαντα;
3689 3728 3866 3781 καίτοι
3919 3745 3983 3794 γε

2429 3820 2523 3872 καὶ
2549 3819 2659 3873 τῶν
2682 3817 2963 3886 αἰσθητῶν
2993 3818 3218 3871 πάντων
3253 3815 3572 3886 κτισμάτων
3618 3818 3782 3880 αὐτὸς
3817 3834 3995 3885 πεφυ-

2431 3908 2542 3972 κὼς
2570 3909 2632 3962 τὸ
2663 3909 2920 3978 μέγιστόν
2939 3927 2998 3963 τε
3031 3909 3126 3964 καὶ
3161 3911 3493 3980 τιμιώτατον
3517 3924 3534 3942 ⁶
3567 3911 3601 3981 ἦ
3626 3913 3652 3964 ό
3685 3911 3817 3975 Θεὸς
3841 3913 3994 3964 ἔσται

2432 4000 2644 4070 κτίσμα
2688 4001 2809 4054 κατ’
2836 4000 3099 4056 Εὐσέόιόν
3147 4019 3208 4055 τε
3263 4003 3360 4057 καὶ
3398 4003 3527 4066 τοὺς
3565 4004 3901 4072 ’Δρειανούς,
3963 4008 3991 4058 ὁ

2431 4095 2528 4147 καὶ
2550 4091 3002 4162 προσδοκώμενος
3054 4094 3284 4158 ἐκείνοις
3339 4094 3460 4148 κατ’
3520 4095 3711 4148 οὐσίαν
3761 4096 3991 4164 ὀφθήσε-

2436 4182 2583 4245 σθαι,
2611 4181 2753 4234 καθά
2786 4181 2851 4251 δὴ
2897 4184 2991 4235 καὶ
3038 4182 3366 4253 Θεόδωροςό
3418 4185 3578 4253 σοφὸς
3631 4185 3732 4255 ἤδη
3783 4185 3993 4252 φθάσας

2434 4272 2564 4342 ἔφη.
2599 4274 2709 4326 Καὶ
2734 4275 2783 4326 οἰ
2805 4273 2896 4326 τὸν
2925 4273 3058 4328 Θεὸν
3098 4275 3510 4346 ἰσχυριζόμενοι
3555 4279 3826 4348 πρότερον
3875 4280 3996 4332 κατ’

2434 4363 2627 4417 οὐσίαν
2653 4380 2713 4416 τε
2741 4365 2835 4417 καὶ
2866 4365 3166 4419 ὑπόστασιν
3220 4369 3332 4429 τοῖς
3378 4369 3677 4438 κτίσμασιν
3739 4371 3992 4433 ἐνοικεῖν,

2439 4454 2533 4506 καὶ
2588 4455 2747 4507 πάνθ’
2799 4455 2936 4524 ὁμοῦ
2987 4459 3489 4521 κατασκευάζοντες
3537 4461 3742 4529 όμόθεά
3796 4479 3854 4514 τε
3901 4464 3997 4515 καὶ

769 4547 944 4597 ἐκεῖνο
980 4541 1074 4594 καὶ
1103 4540 1166 4609 δὴ
1218 4536 1525 4608 βούλεσθαι,
1557 4533 1639 4596 τὸ,
1716 4530 1861 4600 Ἐγὼ
1914 4529 2010 4583 καὶ
2052 4530 2085 4582 δ
2106 4527 2332 4620 -Πατὴρ
2365 4556 2410 4612 ι)
2439 4545 2722 4614 όμοούσια,
2754 4545 2850 4599 νῦν
2879 4549 2961 4610 εἰς
2983 4550 3188 4620 κτίσμα
3215 4552 3310 4604 καὶ
3337 4551 3431 4604 τὸν
3455 4527 3587 4605 Θεὸν
3637 4554 3800 4606 αὐτὸν
3823 4571 3997 4608 κατα-

767 4633 1163 4701 ἐλευσόμεθα,
1214 4630 1312 4681 καὶ
1348 4625 1550 4695 μονὴν
1605 4622 1740 4691 παρ’
1767 4620 1926 4685 αὐτῷ
1978 4618 2331 4686 ποιήσομεν,

769 4727 940 4793 αὐτὴν
969 4722 1066 4793 τὴν
1095 4722 1196 4790 τῆς
1232 4716 1508 4788 μακαρίας
1538 4714 1768 4783 Τριάδος
1801 4711 1942 4765 κατά
1976 4728 2036 4764 τε
2079 4710 2176 4773 τὰς
2207 4711 2338 4762 ὐπο-

773 4813 994 4874 στάσεις
1031 4815 1125 4864 καὶ
1177 4810 1277 4878 τὴν
1329 4805 1518 4859 οὐσίαν
1575 4805 1854 4872 ἐνοίκησιν
1889 4800 2137 4854 διδάσκον
2185 4800 2336 4866 ἡμᾶς

770 4909 1051 4975 ἄντικρυς.
1090 4902 1224 4972 Περὶ
1269 4894 1343 4952 ὧν
1390 4898 1563 4967 δήπου
1616 4897 1710 4948 καὶ
1751 4894 1840 4946 τὸν
1907 4893 2076 4945 πολὺν
2129 4893 2338 4944 ἐκεῖνον

772 5003 908 5069 προς
957 5000 1083 5058 τοὺς
1115 4994 1284 5063 αὐτῆς
1320 4991 1547 5062 εὑρετάς
1580 5006 1636 5042 τε
1661 4989 1754 5040 καὶ
1791 4989 2001 5058 μύστας
2055 4984 2160 5054 πρὸ
2205 4984 2339 5053 βρα-

772 5094 894 5160 χέος
921 5085 1252 5155 ἐποιούμεθα
1278 5083 1460 5150 λόγον,
1498 5082 1567 5133 τά
1605 5097 1664 5132 τε
1704 5079 1840 5132 ἄλλα
1873 5079 1968 5129 καὶ
2010 5076 2073 5146 δὴ
2123 5077 2219 5127 καὶ
2270 5077 2339 5127 τὰ

773 5178 1132 5236 Μασαλιανῶν
1156 5177 1356 5237 αὐτοὺς
1385 5175 1601 5244 φρονεῖν
1636 5169 1882 5241 ἐναργῶς
1905 5172 1969 5221 ἐκ
2005 5168 2113 5222 τῶν
2142 5185 2338 5238 πατρι-

773 5277 888 5329 κῶν
919 5276 1015 5327 καὶ
1042 5268 1419 5325 ἁποστολικῶν
1465 5265 1845 5333 ἐξελέγξαντες
1865 5263 2064 5331 λόγων.
2109 5262 2174 5314 Ἠ
2207 5260 2337 5328 γοῦν

775 5369 961 5419 ἐκεῖνα
988 5364 1074 5416 διὰ
1105 5361 1319 5414 πολλῶν
1359 5357 1746 5429 ἰσχυριζομένη
1807 5356 2072 5425 πρότερον
2101 5355 2336 5422 αἵρεσις,

775 5459 870 5511 καὶ
903 5455 1197 5509 πολυθείαν
1235 5449 1571 5504 ἐπικαλοῦσα
1601 5449 1712 5510 τοῖς
1747 5448 1821 5516 μὴ
1856 5447 1916 5498 τὸ
1961 5444 2220 5505 δυσσεῦἐς
2247 5443 2341 5495 καὶ

776 5549 1063 5601 ἀλλόκοτον
1093 5547 1267 5597 ἐκεῖνο
1292 5542 1686 5612 πρεσϐεύουσι,
1737 5539 1831 5591 νῦν
1884 5537 2127 5603 ὡσπερεὶ
2167 5552 2337 5606 μετα-

777 5640 1038 5704 ϋαλοῦσα,
1094 5637 1127 5707 ἢ
1185 5637 1277 5689 καὶ
1340 5635 1544 5703 ἑαυτῆς
1604 5629 1715 5685 οἷον
1777 5629 2140 5699 ἐκλαθομὲνη,

785 5747 970 5798 σματα
997 5731 1141 5797 λέγει
1195 5727 1263 5780 τά
1299 5727 1398 5796 τῆς
1447 5725 1599 5787 θείας
1632 5723 1845 5792 φύσεως
1899 5722 2153 5791 ὑπερφυᾶ
2193 5721 2338 5773 ἰδιώ-

786 5838 949 5890 ματα.
1006 5817 1107 5874 Ὧν
1168 5818 1522 5874 ἐνοικούντων
1579 5817 1691 5877 τοῖς
1761 5814 1955 5879 ἀξίοις,
2001 5815 2027 5864 ὀ
2092 5814 2340 5880 φυσικῶς

2227 5629 2341 5680 κτί-

2440 4637 2603 4706 σπᾷν,
2639 4637 3012 4706 ἐπιχειροῦσιν
3061 4639 3249 4710 ὥσπερ
3293 4643 3351 4705 ἐξ
3373 4643 3754 4712 ἀντιστρόφου.
3783 4645 3994 4698 Ἔπειθ’

2437 4728 2520 4781 ὅτι
2551 4727 2858 4798 καθαρότης
2892 4730 2994 4799 μὲν
3027 4734 3122 4784 καὶ
3148 4733 3386 4786 ἀπάθεια
3431 4735 3528 4788 καὶ
3573 4737 3844 4805 ἁγιασμὸς
3902 4744 3998 4792 καὶ

2439 4819 2682 4888 ἁπλότης
2708 4822 2740 4888 ἡ
2771 4821 2990 4885 θέωσις,
3031 4821 3108 4884 ὡς
3135 4823 3266 4892 φῄς,
3306 4825 3546 4894 ἤκουσας
3571 4843 3583 4855 '
3621 4829 3683 4880 τὸ
3721 4830 3766 4880 δ’
3812 4831 3890 4883 ὅτι
3940 4835 3998 4884 τὸ

2440 4912 2553 4972 τοῖς
2613 4912 2690 4984 μὴ
2740 4912 3177 4982 κεκαθαρμένοις
3222 4915 3453 4968 ἀθέατον
3505 4920 3532 4970 ὁ
3585 4921 3996 4990 κεκαθαρμένος

2439 5002 2560 5071 ὁρᾷ,
2607 5002 2702 5054 καὶ
2725 5003 2807 5054 ὅτι
2836 5002 2972 5072 πρὸς
2999 5004 3096 5072 τὴν
3126 5005 3339 5060 οἰκείαν
3394 5007 3748 5078 καθαρότητα
3786 5013 3998 5080 βλέπων

2442 5092 2500 5144 ἐν
2538 5095 2604 5162 τῇ
2633 5093 2806 5145 εἰκόνι
2837 5093 3046 5164 καθορᾷ
3073 5095 3134 5147 τὸ
3184 5097 3514 5167 ἀρχέτυπον,
3555 5099 3647 5152 καὶ
3677 5102 3758 5153 ὅτι
3793 5104 3850 5154 ἐν
3895 5121 3997 5156 κα-

2446 5183 2588 5253 θαρᾲ
2619 5186 2683 5253 τῇ
2715 5184 2818 5250 τῆς
2854 5185 3082 5254 καρδίας
3131 5187 3324 5257 αἰθρία
3383 5189 3666 5258 τηλαυγῶς
3709 5192 3894 5261 βλέπει
3939 5197 4002 5248 τὸ

2446 5276 2718 5342 μακάριον
2750 5274 2956 5345 θέαμα,
2985 5280 3081 5328 καὶ
3111 5278 3189 5340 ὡς
3211 5281 3397 5332 ἐκεῖνα
3429 5283 3609 5338 πάντα
3639 5286 3707 5337 τά
3738 5287 4001 5356 φωτοειδῆ

2443 5365 2544 5432 τῆς
2568 5367 2716 5428 θείας
2741 5369 2956 5435 φύσεως
2980 5371 3394 5441 άπαυγάσματα
3449 5376 3541 5428 τὸν
3571 5377 3701 5430 Θεὸν
3749 5379 3814 5430 δι’
3870 5380 4002 5431 tau-

2446 5459 2553 5508 τῶν
2588 5458 2854 5520 δείκνυσι,
2915 5461 3032 5525 πῶς
3086 5465 3186 5515 οὐκ
3233 5466 3496 5533 ᾕκουσας,
3553 5471 3728 5521 καίτοι
3794 5485 3852 5536 γε
3909 5473 4003 5523 καὶ

2446 5551 2601 5603 πάντ’
2641 5552 2872 5615 ἐκείνοις
2897 5555 3032 5624 ὁμοῦ
3087 5559 3426 5625 συγκείμενα
3478 5575 3535 5612 τε
3571 5562 3666 5612 καὶ
3718 5561 4004 5614 συλλαλού-

2447 5659 2611 5710 μενα;
2650 5641 2772 5705 Πῶς
2816 5645 2872 5696 δέ
2925 5648 3020 5698 καὶ
3050 5650 3176 5712 τούς
3211 5649 3500 5716 θεολόγους
3557 5652 3647 5704 διὰ
3691 5653 3900 5704 πολλῶν
3944 5657 4002 5706 ἐν

2443 5734 2553 5794 τοῖς
2589 5732 2858 5800 φθάσασιν
2891 5737 3146 5801 εἰπόντας
3172 5739 3355 5804 ἁῖδίως
3377 5742 3518 5810 ἒχειν
3541 5745 3708 5796 ταῦτα
3738 5747 3827 5794 τὸν
3844 5743 3999 5808 Θεὸν,

2449 5825 2536 5877 καὶ
2563 5825 2729 5893 μηδὲν
2756 5826 3045 5897 ἐπίκτητον
3075 5827 3212 5884 εἶναι
3247 5834 3373 5887 παρ’
3405 5835 3548 5887 αὐτῶ
3586 5835 3685 5888 τῶν
3724 5836 3997 5896 τοιούτων,
