4488 6444
509 382 646 447 1113

1215 379 1513 437 CONTRA
1554 380 1986 440 GllEGORAM
2041 382 2787 447 ANTIRRHETICORUM
2825 386 2965 450 XII.

3597 386 3727 443 ιιιι

504 503 612 555 τῶν
660 499 932 571 μάρτυρες
989 500 1080 550 καὶ
1129 499 1269 551 αὑτά
1316 514 1457 566 φημι
1504 500 1670 551 ταῦτα
1709 498 1779 551 τὰ
1828 501 2073 568 προῤῥη-
2106 505 2142 557 Α
2176 504 2404 569 φυκέναι
2432 506 2554 557 κατ’
2589 507 2800 561 ἐκεῖνον
2846 502 3214 559 καθόσον-οἷόν
3242 520 3320 568 τε,
3349 503 3406 563 ὃς
3452 503 3735 556 ἀνατέλλει

506 593 701 645 θέντα”
735 591 833 657 τῆς
881 588 939 641 δέ
994 590 1129 657 πρὸς
1180 589 1271 639 τὸν
1325 588 1566 656 πλησίον,
1606 588 1951 656 θαυμάσαιμ’
2000 587 2067 641 ἀν

502 683 700 750 ἔγωγε,
723 683 777 735 εί
801 697 943 743 τινες
969 680 1077 755 τῶν
1112 679 1255 747 ὑπὲρ
1288 681 1387 747 γῆς
1416 677 1512 731 νῦν
1540 680 1707 732 ὄντων
1737 678 2064 750 ἀνθρώπων,

501 776 583 838 είς
615 774 844 844 ἀμιλλάν
884 771 1002 825 ποτ’
1023 771 1198 823 ἐλθεῖν
1221 770 1287 823 ἂν
1316 771 1543 832 ἐκείνοις
1588 770 2064 840 φιλοτιμήσαιντο.

505 866 656 920 Ὣστ⁹
704 867 752 918 εί
811 866 904 919 καὶ
968 863 1133 933 μηδέν
1198 880 1251 916 τι
1312 862 1420 915 τῶν
1472 862 1779 931 εἰρημένων
1850 862 2068 924 τούτοις

504 959 735 1029 προσῆν,
771 959 834 1010 ἐκ
864 946 1068 1026 ταύτης
1099 957 1166 1009 ἂν
1204 954 1483 1025 πανταχοῦ
1521 953 1837 1023 βεϐοῆσθαι.
1867 953 1981 1006 Νῦν
2010 952 2067 1006 δέ

504 1050 795 1119 πρόσεστιν
839 1048 1066 1110 ἐκείνρις
1120 1048 1184 1100 ἐκ
1235 1045 1433 1099 πολλοῦ
1493 1047 1588 1099 τοῦ
1639 1046 1921 1115 περιόντος
1970 1046 2067 1099 καὶ

506 1145 681 1215 αῦτη,
720 1143 864 1197 οὕτω
907 1144 971 1211 δή
1029 1161 1110 1196 τοι
1159 1143 1387 1212 λαμπρά
1433 1144 1526 1196 καὶ
1576 1143 1779 1211 μανική
1825 1158 1929 1204 τις,
1971 1142 2066 1194 καὶ

507 1238 705 1297 ἄτοπος
752 1237 1008 1307 χρῆσθαι,
1041 1237 1115 1298 ὡς
1158 1237 1291 1305 μηδὲ
1327 1236 1507 1303 λέγειν
1554 1234 1979 1304 εῦχερῶςέχειν
2007 1235 2066 1286 ἐν

504 1331 646 1390 ὅσοις
681 1329 882 1396 μᾶλλον
925 1328 1303 1396 εὐδοκιμοῦσιν
1330 1329 1377 1380 οἱ
1418 1330 1738 1395 περιφανεῖς
1782 1323 1926 1380 οὗτοι
1957 1325 2066 1377 τῶν

503 1418 760 1473 τοιούτων
799 1419 1051 1489 ἐργάται,
1084 1420 1314 1486 πότερον
1343 1418 1401 1471 ἐν
1435 1417 1668 1478 ἐκείνοις
1705 1416 1842 1485 ὁμοῦ
1874 1419 2062 1484 πᾶσιν,

504 1513 536 1579 ἢ
565 1515 677 1574 τοῖς
705 1511 806 1579 τῆς
838 1510 1111 1579 μακαρίας
1133 1509 1336 1578 ταύτης
1368 1508 1848 1578 ἀγάπης.Μᾶλλον
1872 1509 1919 1561 δ’
1943 1509 2064 1561 ἐπεὶ

504 1602 808 1669 φθάσαντες
846 1603 1032 1654 ἐκεῖνα
1059 1600 1240 1664 καλῶς
1285 1617 1345 1652 τε
1386 1601 1482 1654 καὶ
1509 1600 1585 1662 ὡς
1616 1600 1782 1669 ἐχρῆν
1812 1600 2063 1669 ἢσκησαν

504 1691 644 1744 κατὰ
693 1689 879 1761 μέρος,
918 1690 997 1752 ὡς
1045 1690 1210 1760 μηδὲν
1252 1707 1305 1741 τι
1347 1690 1441 1742 καὶ
1490 1689 1693 1760 ὁπηοῦν
1724 1688 1819 1743 τοῦ
1852 1691 2063 1759 προσή-

504 1800 692 1843 κοντος
746 1781 1115 1849 ἐλλελεῖφθαι,
1150 1782 1238 1834 διὰ
1284 1780 1439 1835 ταῦτ’
1471 1782 1579 1851 ἀρα
1633 1780 1727 1835 καὶ
1771 1781 1863 1834 τοῦ
1902 1799 2063 1853 κορυ-

2170 596 2261 647 τδν
2310 598 2465 666 ἣλιον
2505 598 2671 651 αὐτοῦ
2732 600 2825 651 ἐπὶ
2871 598 3144 666 πονηροὺς
3190 596 3285 650 καὶ
3335 597 3598 663 ἀγαθοὺς,
3642 599 3737 650 καί

2169 685 2354 755 βρέχει
2384 687 2476 739 ἐπὶ
2505 687 2747 750 δικαίους
2774 687 2868 741 καὶ
2891 687 3134 748 ἀδίκους.

2239 779 2349 831 Καὶ
2375 777 2552 831 ταῦτα
2586 780 2684 845 μέν
2717 781 2830 833 ὅσοι
2858 776 3001 831 κατά
3031 781 3377 849 συστήματα,
3411 776 3523 833 καί
3550 779 3740 833 συλλό-

2168 886 2298 937 γους
2337 871 2435 924 καὶ
2478 871 2755 932 συνοικίας
2788 870 2949 941 ίεράς
2996 871 3108 924 τῶν
3164 871 3450 940 μακαρίων
3477 869 3739 935 διαξῶσιν

2170 964 2427 1016 ἐκείνων·
2452 964 2500 1017 εί
2531 963 2587 1015 δέ
2632 947 2728 1017 xi!
2762 965 2900 1032 πρδς
2932 965 3061 1027 τοὺς
3095 963 3277 1033 πάντη
3311 964 3740 1033 μεμονωμένους

2168 1072 2229 1107 τε
2263 1057 2356 1107 καὶ
2395 1057 2699 1125 ἐρημικοὺς
2730 1056 2964 1119 ἀπίδοις,
2994 1055 3110 1109 ὅσοι
3141 1073 3200 1109 τε
3248 1058 3397 1125 παρὰ
3427 1059 3540 1119 τοῖς
3582 1060 3743 1125 εἰρη-

2173 1149 2357 1217 μένοις
2390 1149 2851 1219 φροντιστηρίοις,
2891 1149 2986 1201 καὶ
3026 1150 3141 1202 ὅσοι
3188 1149 3329 1202 κατά
3386 1147 3486 1220 τὴν
3529 1148 3736 1219 ἔρημον

2172 1237 2447 1307 ἐπήξαντο
2496 1236 2597 1299 τὰς
2636 1236 2901 1300 καλύϐας,
2940 1237 2999 1289 ἐν
3036 1240 3188 1310 δρεσι
3242 1238 3612 1308 πλανώμενοι,
3647 1239 3738 1291 καὶ

2170 1328 2488 1398 σπηλαίοιςζ
2545 1335 2641 1383 καὶ
2692 1332 2815 1394 ταῖς
2860 1330 3027 1395 ὀπαῖς
3073 1330 3179 1401 τῆς
3205 1332 3344 1398 γῆς,
3393 1331 3740 1401 όρεσίτροφςί

2166 1436 2333 1485 τινες,
2360 1421 2457 1473 καὶ
2482 1419 2650 1491 θηρσί
2693 1438 2753 1473 τε
2804 1421 2903 1475 κάὶ
2933 1422 3160 1491 πτηνοῖς
3187 1422 3289 1490 τὴν
3317 1417 3531 1474 δίαιταν
3564 1420 3737 1478 ὅντως

2167 1512 2478 1581 ἐφάμιλλοι,
2508 1512 2811 1583 θαυμάσεις
2869 1512 2971 1583 μέν
3030 1514 3124 1566 καὶ
3179 1512 3279 1581 τὴν
3335 1512 3591 1581 μόνωσιν,
3642 1512 3741 1563 καὶ

2166 1604 2265 1675 τὴν
2297 1604 2553 1673 ἐρημίαν,
2585 1604 2679 1657 καὶ
2718 1595 3006 1673 ἀκτησίαν,
3049 1604 3144 1656 καὶ
3176 1603 3464 1671 ἀτροφίαν,
3494 1603 3591 1654 καί
3638 1604 3739 1669 τὴν

2168 1695 2304 1763 πρδς
2354 1695 2542 1749 Ἠλίαν
2601 1712 2660 1747 τε
2723 1697 2816 1748 καὶ
2870 1694 3157 1761 Ἰωάννην,
3190 1694 3284 1747 καὶ
3343 1692 3407 1761 δὴ
3462 1694 3552 1745 καὶ
3609 1689 3740 1753 τοῦς

2169 1786 2493 1856 ἀσωμάτους
2543 1786 2727 1856 σχεδὸν
2771 1786 3004 1855 ἅμιλλαν
3046 1787 3159 1839 τῶν
3216 1784 3501 1854 γενναίων,
3535 1782 3740 1837 ἐκπλα-

505 1874 665 1942 φαίου
698 1871 911 1925 τουτουῒ
940 1874 1036 1941 τῆς
1066 1873 1289 1941 ἀγάπης
1320 1874 1495 1943 ῥᾷστα
1557 1872 1652 1925 καὶ
1683 1873 1822 1941 μετά
1864 1875 2065 1937 παντὸς
2106 1864 2144 1921 Β
2170 1879 2314 1948 γήσῃ
2370 1878 2429 1929 δὲ
2476 1877 2675 1946 μᾶλλον
2733 1879 2833 1949 τὴν
2880 1880 2980 1947 τῆς
3035 1877 3241 1946 σαρκὸς
3289 1878 3465 1946 τῆξιν,
3499 1877 3594 1929 καὶ
3639 1874 3740 1945 τὴν

503 1964 598 2016 τοῦ
650 1966 1018 2035 προσήκοντος
1074 1966 1232 2035 ἐσχον
1295 1962 1687 2029 ἐπιλαϐέσθαι,
1763 1967 1899 2035 μηδέ
1958 1966 2069 2036 γάρ

504 2057 705 2120 ἐξεῖναι
753 2058 853 2124 τῆς
896 2058 1072 2128 ἄκρας
1096 2056 1356 2124 ἐπιϐῆναι
1384 2058 1483 2127 τῆς
1531 2056 1819 2127 κλίμακος,
1858 2059 1949 2128 μὴ,
1978 2060 2066 2112 διά

505 2146 611 2198 τῶν
644 2145 918 2214 βαθμίδων
966 2146 1086 2198 καθ’
1128 2146 1317 2216 είρμόν
1350 2164 1473 2200 τινα
1496 2147 1591 2199 καὶ
1614 2147 1768 2213 τάξιν
1800 2149 2079 2219 πρότερον“

505 2236 739 2299 ἀνιόντα,
782 2234 918 2305 μηδέ
948 2234 1045 2304 τὴν
1072 2235 1278 2305 ὀροφὴν
1302 2235 1621 2304 ἐπιτεθῆναι
1660 2237 1737 2306 τῷ
1768 2236 1924 2306 οἴκῳ,
1952 2237 2067 2290 τῶν

509 2327 713 2380 στύλων
751 2343 809 2379 τε
842 2328 938 2380 κο.)⁸
977 2326 1085 2378 τῶν
1139 2326 1333 2395 τοίχων
1375 2326 1640 2390 άνενδεῶς
1681 2327 1779 2397 οὐχ
1828 2326 2067 2397 ὑποϐλη-

505 2422 724 2476 θέντων.

576 2515 685 2568 Καὶ
721 2514 821 2582 ὅρα
863 2530 955 2582 μοι
993 2513 1103 2574 πᾶς
1140 2528 1225 2574 τις
1256 2512 1284 2563 ὁ
1315 2512 1384 2563 τά
1412 2511 1521 2564 τῶν
1566 2510 1892 2579 θαυμασίων
1922 2511 2066 2563 ἐκεί-

506 2618 610 2654 νων
660 2601 871 2671 ἁνδρῶν
929 2600 1422 2670 περιεργαζόμενος
1474 2601 1570 2654 καὶ
1620 2601 1950 2669 φιλοκρινῶν
2003 2602 2067 2655 τὸ

507 2688 818 2740 κοινωνικὸν
867 2688 1051 2741 αὐτῶν
1095 2688 1155 2740 ἐν
1210 2688 1380 2742 ἀπασι
1428 2689 1524 2741 καὶ
1568 2689 1913 2758 φιλάλληλον,
1965 2690 2065 2757 τὴν

508 2779 832 2849 φιλοξενίαν,
871 2778 968 2850 τὴν
1011 2779 1384 2849 φιλαδελφίαν,
1428 2780 1528 2850 τὴν
1578 2780 1903 2850 ἐπιμέλειαν
1954 2784 2067 2840 τῶν

506 2872 822 2935 νοσούντων,
854 2872 955 2942 τὴν
984 2873 1114 2939 περί
1142 2873 1269 2934 τοῦς
1318 2873 1569 2942 πτωχούς
1609 2889 1668 2926 τε
1702 2876 1794 2927 καὶ
1825 2876 2066 2945 ἀπόρους

508 2960 742 3030 σπουδὴν
768 2960 861 3013 καὶ
913 2961 1264 3030 παντοδαπὴν
1309 2963 1678 3031 προμήθειαν,
1706 2964 1807 3034 τὴν
1844 2965 1952 3018 τῶν
1982 2966 2068 3031 ξέ-

507 3070 611 3104 νων
640 3054 778 3120 μετά
812 3052 911 3121 τῆς
954 3053 1128 3121 ἄκρας
1156 3054 1466 3121 φιλοτιμίας
1521 3055 1786 3126 ὑποδοχὴν
1833 3058 1927 3111 καὶ
1973 3077 2064 3128 φιο

2167 1970 2434 2039 νέκρωσιν
2463 1970 2571 2023 τῶν
2602 1969 2802 2039 μελῶν,
2837 1970 2934 2047 τάς
2958 1986 3018 2037 τε
3049 1970 3160 2023 τῶν
3195 1969 3447 2039 δακρύων
3478 1968 3739 2029 ἀεννάους

2168 2063 2311 2131 φημί
2359 2061 2563 2129 πηγάς,
2612 2063 2709 2115 καὶ
2760 2062 2821 2114 τὸ
2870 2062 2971 2130 τῆς
3020 2060 3285 2129 θεουργοῦ
3341 2058 3735 2122 ταπεινώσεως

2167 2154 2302 2224 ὁμοῦ
2356 2155 2451 2207 καὶ
2485 2156 2710 2223 ἀγάπης
2764 2155 2956 2224 ἀκρον,
2988 2154 3059 2208 δι’
3097 2147 3173 2207 ῶν
3221 2154 3419 2207 ἐκεῖνοι
3467 2151 3604 2219 μετά
3638 2152 3739 2219 τῆς

2167 2249 2489 2317 σωματικῆς
2530 2248 2626 2300 καί.
2656 2246 2756 2324 την
2775 2245 3019 2315 ψυχικὴν
3058 2243 3292 2314 ἡσυχίαν
3329 2242 3422 2296 καὶ
3458 2243 3558 2311 τὴν
3585 2241 3739 2310 εἰρή-

2166 2355 2265 2407 νην
2314 2337 2421 2390 τῶν
2454 2337 2730 2406 λογισμῶν
2769 2337 2864 2389 καὶ
2910 2337 3019 2389 πᾶν
3049 2336 3076 2388 ὁ
3114 2352 3166 2389 τι
3213 2334 3359 2386 θεῖον
3405 2333 3499 2387 καὶ
3530 2332 3736 2401 ὑψηλὸν

2168 2429 2593 2499 κατωρθωκότες
2642 2429 2800 2497 ὁμοῦ,
2852 2426 2988 2496 πρὸς
3035 2426 3097 2480 τὸ
3142 2427 3378 2496 ἀρχαῖον
3436 2424 3737 2494 ὑπερφυῶς

2166 2518 2467 2589 ἐπανῆλθον
2505 2518 2719 2584 κάλλος,
2754 2518 3019 2571 κάλλιστα
3050 2518 3145 2571 καὶ
3177 2516 3313 2587 μετά
3336 2517 3430 2570 τοῦ
3463 2516 3734 2583 ῃγνομέο

2166 2630 2258 2666 νου
2284 2612 2487 2674 παντὸς
2524 2612 2610 2664 διά
2650 2609 2961 2678 προσευχῆς
3007 2610 3202 2680 νοερᾶς
3232 2608 3348 2673 ,καὶ
3382 2607 3727 2663 ἀδιαλείπτου

2165 2721 2229 2774 γε
2285 2705 2571 2766 ἀποδόντες
2620 2704 2684 2771 τῇ
2743 2701 2909 2753 εἰκόνι
2968 2701 3027 2752 τὸ
3076 2699 3197 2753 κατ’
3243 2701 3453 2763 εἰκόνα,
3514 2700 3609 2751 καὶ
3653 2698 3733 2760 τῲ

2166 2798 2452 2866 ἀκροτάτῳ
2486 2795 2595 2848 τῶν
2621 2795 2848 2863 ἐφετῶν,
2883 2794 2960 2862 τῷ
3002 2790 3245 2861 ἀληθινῷ
3296 2792 3395 2859 τῆς
3450 2795 3735 2859 μακαρίας

2165 2890 2395 2960 Τριάδος
2434 2888 2593 2956 φωτὶ,
2638 2885 2927 2956 μακαρίως
2980 2901 3039 2936 τε
3088 2883 3182 2935 καὶ
3226 2881 3527 2953 ὑπερφυῶς
3571 2899 3734 2935 συνα-

2166 2981 2391 3049 φθέντες
2420 2978 2535 3048 ἅμα
2565 2977 2658 3031 καὶ
2697 2977 3012 3038 θεωθέντες.

2247 3073 2405 3127 ’Δλλὰ
2431 3072 2636 3125 τούτων
2663 3072 2915 3125 ἁπάντων
2944 3070 3002 3122 ἐν
3025 3087 3077 3123 τι
3105 3069 3271 3137 μηδὲν
3301 3060 3447 3142 ᾗπερ
3472 3066 3580 3120 ἔδει
3605 3082 3732 3118 συν-

508 3144 857 3213 λοφροσύνην,
892 3145 1006 3236 δσοι
1032 3160 1090 3196 τε
1132 3144 1220 3196 διά
1250 3143 1441 3215 ξηρᾶς,
1472 3147 1567 3199 καὶ
1598 3146 1711 3201 ὅσοι
1737 3149 1826 3203 διά
1865 3152 2065 3206 θαλάτο
2091 3179 2134 3235 c
2169 3166 2295 3219 ιδὼν
2351 3165 2659 3236 Γρηγορᾶς,
2721 3163 2846 3233 μηδ’
2912 3163 3016 3216 ὑπὸ
3070 3162 3182 3214 τῶν
3235 3160 3421 3221 κακῶς
3489 3158 3734 3225 ἀγόντων

506 3251 605 3304 της
641 3235 769 3303 παρ’
807 3234 1034 3297 ἐκείνοις
1071 3236 1401 3303 κατάγονται
1450 3238 1602 3304 παρά
1650 3239 1829 3294 πάντα
1870 3244 2065 3312 καιρόν
2106 3234 2121 3235 ί
2169 3234 2501 3322 πκθῷνρτοῡ
2536 3234 2593 3308 τε
2623 3253 2819 3325 φθόνου
2848 3254 2992 3324 φημὶ
3024 3253 3118 3305 καὶ
3152 3251 3249 3319 τῆς
3277 3249 3600 3315 κενοδοξίας,
3644 3247 3737 3315 ὑφ’

506 3344 563 3379 τε
592 3327 687 3381 καὶ
723 3327 939 3397 χρόνον,
966 3329 1113 3391 ὅπως
1153 3328 1215 3381 οὐ
1253 3329 1410 3381 κοινά
1466 3329 1630 3397 μόνον
1679 3330 1960 3387 ποιοῦνται
1998 3334 2067 3388 τά

508 3422 657 3485 ὅντα,
688 3421 803 3473 ἀλλ’
848 3421 998 3475 ἐστιν
1045 3420 1105 3473 οῦ
1157 3423 1252 3475 καὶ
1309 3422 1419 3475 τῶν
1472 3423 1789 3488 ἀναγκαίων
1834 3426 2069 3490 ἐκείνοις

508 3512 811 3577 ἐξίστανται
843 3512 1173 3581 θαυμαστῶς
1205 3514 1262 3565 ἐν
1306 3514 1384 3583 τῷ
1430 3516 1527 3582 τῆς
1559 3518 1747 3585 χρείας
1789 3515 2065 3582 καλοῦντι,

508 3606 603 3673 οὐχ
636 3603 860 3674 Ἕλλησι
893 3604 1054 3673 μόνον
1081 3605 1306 3675 ἀνδράσι
1340 3606 1431 3658 καὶ
1458 3609 1772 3676 ὁμοφύλοις,
1805 3609 1939 3664 ἀλλά
1973 3614 2069 3665 καὶ

511 3696 801 3766 βαρϐάροις
859 3696 1140 3764 ἀκριϐῶς,
1202 3699 1296 3749 καὶ
1346 3698 1456 3750 τῶν
1510 3700 1637 3753 καθ’
1689 3702 1837 3770 ἡμᾶς
1902 3701 2066 3771 ίερῶν

508 3790 855 3858 ἀπεῤῥωγόσι
907 3788 1077 3841 πάλαι
1123 3790 1218 3843 καὶ
1259 3790 1443 3857 ἔργοις
1495 3792 1589 3843 καὶ
1630 3791 1841 3858 λόγοις’
1874 3772 1968 3845 καὶ
2002 3793 2063 3845 οὐ

505 3880 715 3943 τούτοις
762 3897 822 3946 γε
871 3880 1071 3947 μόνοις,
1114 3880 1253 3933 ἀλλά
1298 3880 1393 3933 καὶ
1437 3883 1551 3945 τοῖς
1593 3883 1845 3946 ἀπίστοις
1876 3884 2065 3947 αὐτοῖς

508 3990 668 4042 φημι,
701 3974 796 4026 καὶ
837 3972 1073 4043 Χριστὸν
1115 3971 1425 4039 ἀγνοοῦσιν,
1457 3974 1517 4026 ού
1570 3974 1659 4027 διὰ
1688 3975 1853 4041 φόϐον
1880 3978 1957 4039 ὠς
1996 3978 2065 4030 ἂν

507 4066 651 4116 εἴποι
681 4080 764 4125 τις
797 4064 891 4116 καὶ
921 4063 980 4115 τὸ
1012 4062 1361 4129 ἐπικείμενον
1410 4062 1584 4129 ξίφος,
1616 4064 1711 4117 καὶ
1738 4065 1839 4132 τὴν
1867 4065 2065 4135 μανίαν

505 4158 604 4224 τὴν
661 4154 783 4208 καθ’
842 4154 1021 4223 ἡμῶν.
1073 4153 1195 4216 Πῶς
1246 4154 1393 4222 γάρς
1428 4154 1478 4206 οἴ
1534 4158 1625 4209 καὶ
1691 4157 2066 4223 καταγνύντας

505 4248 747 4307 ἐκείνους
772 4246 837 4297 τά
870 4245 1053 4313 σκάφη
1096 4245 1354 4307 πολλάκις
1378 4245 1659 4314 δεχόμενοι
1687 4250 1799 4311 τοῖς
1832 4247 2060 4317 κύμασι,

505 4339 599 4391 καὶ
630 4338 737 4389 τῶν
764 4336 978 4406 πετρῶν
1013 4339 1131 4397 ταῖς
1160 4337 1403 4403 ὑφάλοις,
1432 4337 1463 4406 ἢ
1515 4339 1608 4389 καὶ
1637 4338 1736 4401 τάς
1773 4337 1904 4403 ναῦς
1928 4338 2065 4408 ὁμοῦ

506 4431 826 4498 φεύγοντας,
856 4430 953 4481 καὶ
996 4430 1057 4480 τὸ
1106 4429 1262 4494 ξίφος
1308 4430 1421 4481 τῶν
1467 4431 1753 4494 ἐπιόντων,
1792 4432 1855 4484 οὐ
1903 4434 2065 4501 μόνον

2166 3341 2242 3402 ὧν
2266 3347 2464 3417 δηλαδὴ
2504 3346 2597 3399 καὶ
2627 3346 2761 3413 πρὸς
2793 3345 2896 3415 τὴν
2926 3345 3125 3398 ἄτοπον
3151 3342 3243 3395 καὶ
3276 3342 3521 3417 πονηράν
3547 3342 3717 3406 ἐξεκυ-

2165 3414 2327 3505 λίσθη
2362 3434 2699 3499 δυσσέϐειαν,
2730 3414 2856 3487 ἀνω
2889 3432 3109 3503 βλέπειν
3130 3414 3447 3498 δυνάμενος,
3497 3426 3737 3497 ἀδδηφα-

2169 3528 2294 3595 γίας
2326 3529 2478 3588 τινάς
2527 3525 2620 3578 καὶ
2653 3524 3099 3593 γαστριμαργίας
3137 3524 3279 3576 κατά
3324 3520 3429 3573 τῶν
3460 3522 3736 3591 θεοφόρων

2166 3618 2392 3672 ἐκείνων
2441 3616 2697 3686 συνείρει,
2736 3616 2828 3668 καὶ
2862 3610 3023 3682 κόρον
3080 3615 3175 3667 καὶ
3226 3614 3419 3683 μέθην,
3456 3614 3557 3666 καὶ
3601 3614 3739 3680 ἀμει-

2164 3712 2322 3779 τρίαν
2356 3708 2551 3774 ῦπνου,
2580 3710 2673 3761 καὶ
2700 3707 2736 3761 ἃ
2765 3705 2887 3776 μηδ’
2914 3705 2979 3760 ἀν
3006 3721 3091 3768 τις
3121 3706 3257 3774 μηδέ
3296 3704 3407 3757 τῶν
3461 3704 3602 3757 κατά
3646 3706 3739 3756 κό-

2170 3817 2307 3870 σμον
2362 3798 2579 3867 γυναιξί
2615 3813 2674 3848 τε
2729 3801 2825 3848 καὶ
2872 3795 3029 3847 παισὶ
3085 3794 3251 3863 συζῆν
3279 3794 3590 3864 ᾑρημένων,
3642 3792 3737 3843 καὶ

2171 3890 2378 3962 σμικρά
2405 3889 2533 3957 γοῦν
2570 3906 2692 3941 τινα
2718 3888 2812 3940 καὶ
2832 3886 3078 3940 ὁπωσοῦν
3112 3886 3399 3947 εὐλαϐείας
3427 3888 3739 3937 ἀντιποιουο

2170 3984 2344 4050 μένων
2375 3980 2657 4033 κατειπεῖν
2707 3993 2837 4030 ποτε
2894 3976 3216 4046 προαχθείη,
3251 3977 3347 4028 καὶ
3392 3976 3567 4036 οὕτως
3605 3975 3736 4029 ἀνα·
3812 4010 3822 4017 -

2168 4072 2563 4141 κεκαλυμμένη
2617 4071 2683 4139 τῇ
2752 4068 2984 4139 κεφαλῇ,
3052 4070 3147 4121 καὶ
3210 4068 3331 4138 δίχα
3388 4067 3731 4135 προσωπείου

2165 4167 2329 4226 τινός,
2368 4162 2428 4216 '0
2452 4162 2509 4215 δὲ
2538 4161 2727 4215 καὶτὰ
2776 4162 2946 4229 χείρω
3002 4161 3097 4213 καὶ
3152 4160 3477 4213 ἀτοπώτατα
3525 4159 3738 4223 τούτοις

2168 4256 2548 4327 προστίθησιν,
2594 4254 2838 4322 ὀνείρους
2890 4269 2951 4305 τε
3007 4253 3101 4304 καὶ
3153 4252 3584 4323 προϐιϐασμοὺς,
3640 4252 3736 4307 καὶ

2177 4350 2362 4419 πυρῶν
2402 4364 2561 4401 τινων
2607 4344 2882 4413 αἰσθητῶν
2936 4343 3190 4412 θεωρίας,
3244 4344 3338 4396 καὶ
3401 4345 3735 4415 προρρήσεις

2172 4439 2409 4508 ψευδεῖς,
2436 4438 2533 4490 καὶ
2575 4438 2800 4500 πλάνας,
2838 4434 3255 4502 πεπλανημένος
3285 4434 3380 4487 καὶ
3412 4435 3735 4506 παράφορος

503 4522 602 4573 ούκ
636 4521 827 4589 ἐχθρόν
875 4537 928 4572 τι
984 4521 1078 4572 καὶ
1131 4520 1388 4590 πολέμιον
1437 4522 1771 4586 ἐνεδείξαντο
1818 4499 2061 4587 πώποτε,
2096 4499 2138 4554 D
2168 4499 2335 4595 έντως
2368 4499 2461 4583 καὶ
2506 4525 2802 4597 λογισμοὺς
2840 4528 2936 4580 καὶ
2990 4499 3217 4594 γνῶμην
3275 4499 3589 4581 ἐπικαλῶν.
3621 4499 3735 4588 τοῖς

504 4613 637 4665 άλλά
672 4613 765 4664 καὶ
794 4612 1019 4680 τροφάς,
1054 4613 1150 4663 καὶ
1184 4611 1508 4681 ὑποδήματα
1541 4617 1635 4665 καὶ
1675 4615 1919 4683 οἰκήσεις
1948 4614 2066 4686 ὥρᾳ

504 4705 771 4774 χειμῶνος
815 4704 1092 4773 παρέσχον
1126 4705 1219 4756 ἐπὶ
1260 4706 1491 4773 μακρὸν,
1527 4701 1646 4758 εἶτα
1694 4708 1788 4760 καί
1845 4708 1915 4761 τά
1970 4724 2068 4760 πε-

503 4794 776 4863 πονηκότα
821 4792 931 4846 τῶν
989 4792 1189 4846 πλοίων
1251 4794 1506 4857 ἐκείνοις,
1557 4795 1653 4846 καὶ
1714 4795 2062 4864 ἀναλώμασιν

506 4883 837 4949 εσκούμενοι
866 4884 957 4935 καὶ
992 4887 1150 4953 χερσὶ
1177 4883 1270 4935 καὶ
1310 4884 1495 4946 πόνοις
1527 4885 1674 4949 ἰδίοις
1695 4903 1709 4916 ο
1742 4886 1859 4941 ἐστι
1893 4888 1937 4941 δ’
1972 4890 2059 4942 ὅτε

504 4982 595 5029 καὶ
620 4977 695 5046 μὴ
722 4975 902 5046 ἐχουσι
929 4976 1036 5029 τῶν
1058 4975 1193 5028 νεῶν
1212 4974 1317 5028 τῶν
1334 4977 1549 5030 οἰκείων
1575 4975 1948 5043 διδόντες,,είτ’
1968 4982 2062 5031 ἐπὶ

504 5074 635 5123 πᾶσι
665 5071 756 5123 καὶ
803 5071 911 5123 τῶν
962 5071 1187 5139 ἐφοδίων
1241 5071 1439 5123 ὡσανεί
1485 5088 1631 5135 τινες
1681 5074 1935 5142 πατέρες,
1967 5074 2061 5126 καὶ

502 5162 817 5227 φροντισταὶ
861 5159 1097 5226 δαψιλῶς
1128 5162 1190 5212 ἐκ
1226 5160 1333 5214 τῶν
1372 5161 1604 5214 ἐνόντων
1660 5164 2058 5231 μεταδιδόντες,

499 5250 559 5302 οῦ
575 5266 643 5299 τω
682 5250 1061 5313 παιανίζοντάς
1093 5267 1150 5302 τε
1184 5250 1277 5302 καὶ
1320 5250 1651 5318 κροτοῦντας
1676 5254 2058 5322 ἐκπέμπουσιν

499 5342 804 5403 οἶκαδ;.Ὠς
848 5341 1092 5404 ἐκείνους
1123 5337 1263 5393 εἶναι
1294 5342 1421 5403 τοὺς
1468 5343 1792 5413 μακαρίους,
1828 5349 1921 5398 καὶ
1960 5347 2057 5415 μό-

500 5448 621 5492 νους
669 5432 767 5499 τῆς
807 5431 1131 5499 δεσπτικῆς
1176 5433 1419 5509 ἐντολῆς.
1467 5434 1673 5503 ἀκρους
1728 5436 1965 5502 ἐργάτας
2007 5437 2064 5501 ἐξ

500 5525 608 5592 ἂρα
641 5523 749 5575 τῶν
786 5522 881 5575 νῦν
913 5524 1084 5576 ὄντων
1110 5525 1328 5577 πάντων
1372 5524 1709 5595 ἀνθρώπων,
1752 5531 1934 5581 Παντὶ
1984 5528 2065 5594 τῷ

499 5615 763 5669 αἰτοῦντί
799 5630 874 5668 σε
919 5614 1111 5679 δίδου,
1170 5615 1463 5685 διαρρήδην
1514 5616 1713 5669 οὑτωσὶ
1762 5624 1922 5671 παντί
1976 5639 2067 5672 κε-

496 5708 781 5777 λευούσης,
812 5709 907 5761 καὶ
941 5708 1134 5778 μόνους
1160 5708 1289 5768 τοὺς
1330 5708 1598 5774 θεοφιλεῖς
1652 5708 1871 5771 τούτους
1923 5713 2063 5764 κατά

497 5803 727 5872 μίμησιν
772 5802 939 5855 ἐλεεῖν
987 5799 1157 5866 θείαν,
1185 5801 1280 5854 καὶ
1332 5801 1684 5873 οἰκτίρμονας
1734 5803 1930 5873 μόνους
1964 5823 2059 5858 πε-

2164 4622 2362 4688 ἀγίοις,
2396 4619 2488 4673 καὶ
2519 4615 2602 4681 οἷς
2632 4620 2793 4680 αὐτὸς
2846 4617 3052 4686 μᾶλλόν
3097 4619 3247 4669 ἐστιν
3308 4616 3627 4681 ὑπεύθυνος,
3657 4619 3735 4679 ὡς

2168 4712 2305 4781 μετά
2342 4712 2537 4781 μικρὸν
2567 4712 2630 4762 ἐκ
2662 4711 2771 4764 τῶν
2798 4710 2979 4762 αὐτῶν
3014 4707 3189 4776 λόγων
3219 4707 3314 4761 καὶ
3344 4707 3505 4760 τοῦτο
3538 4708 3736 4760 διαδειεε

2164 4804 2448 4873 χθήσεται,
2482 4803 2546 4855 Τί
2582 4800 2756 4854 ταῦτα
2797 4800 3127 4868 συγκλὼθων
3153 4816 3211 4852 τε
3253 4802 3348 4853 καὶ
3378 4801 3759 4869 συρράπτειν,

2162 4896 2257 4948 καὶ
2290 4898 2402 4957 τοῖς
2434 4894 2728 4963 γράμμασι
2763 4891 3031 4958 ξυντιθείς
3059 4910 3072 4956 ;
3113 4890 3210 4944 Ἴν⁹
3235 4888 3298 4943 ἐκ
3322 4891 3431 4943 τῶν
3461 4892 3735 4960 ἐκστέρων

2165 4989 2351 5057 ἄκρων
2374 4986 2474 5055 τὴν
2501 4985 2866 5053 ἀποστολικὴν
2903 4984 3180 5035 πολιτείαν
3237 4982 3331 5034 καὶ
3360 4982 3419 5034 τὸ
3450 4982 3735 5052 κήρυγμα,

2166 5079 2261 5130 καὶ
2300 5078 2398 5145 τὴν
2438 5076 2643 5140 πίστιν,
2666 5078 2760 5127 καὶ
2807 5076 2869 5125 τὸ
2918 5072 3157 5142 Χριστοῦ
3216 5072 3551 5140 Εὐαγγέλιον
3600 5073 3735 5139 μετά

2176 5166 2467 5222 Ὶουλιανοῦ
2497 5178 2557 5220 τε
2585 5170 2680 5220 καὶ
2711 5166 2941 5229 Κέλσου,
2974 5165 3066 5217 καὶ
3111 5164 3175 5235 δὴ
3226 5165 3319 5216 καὶ
3383 5163 3606 5232 Έλύμα,
3645 5165 3735 5217 καί

2168 5262 2410 5329 Σίμωνος
2439 5260 2551 5311 τῶν
2577 5258 2820 5328 ἀρχαίων
2849 5257 2943 5308 καὶ
2976 5256 3135 5317 αὐτὸς
3177 5250 3611 5324 ἐξορχησάμενος
3640 5255 3738 5307 καὶ

2167 5350 2418 5417 ὑϐρίσας,
2448 5349 2713 5417 ὀνόματος
2752 5348 3057 5417 εὐμοιρήσῃ
3090 5345 3184 5398 καὶ
3234 5346 3392 5411 λόγου
3421 5344 3732 5416 προσηκόνδ

2166 5457 2274 5491 των
2295 5439 2374 5508 τῷ
2402 5440 2633 5509 τοιούτῳ
2666 5456 2727 5506 γε
2762 5437 3069 5505 καταλόγῳ.
3110 5437 3264 5488 Δυοῖν
3299 5434 3392 5487 καὶ
3424 5436 3533 5505 γάρ
3559 5435 3731 5487 ὄντοιν

2164 5534 2319 5600 ἡμῖν,
2347 5530 2382 5584 ἃ
2412 5533 2511 5599 τὴν
2540 5532 2669 5596 ὑγιᾶ
2698 5530 2881 5583 πίστιν
2913 5533 3005 5583 καὶ
3048 5528 3110 5581 τδ
3139 5527 3374 5597 Χριστοῦ
3422 5525 3732 5594 ξυνίστησιν

2169 5624 2506 5691 Εὐαγγέλιον
2557 5624 2744 5676 καὶτὸ
2795 5625 3080 5692 κήρυγμα,
3110 5620 3397 5689 δογμάτων
3442 5617 3619 5689 ὀρθῶν
3672 5617 3735 5669 τι

2166 5732 2329 5784 φημι,
2363 5714 2457 5767 καὶ
2484 5715 2593 5767 τῶν
2624 5714 2941 5767 ἀπταίστων
2972 5712 3101 5782 περὶ
3134 5712 3269 5765 Θεοῦ
3308 5712 3503 5779 λόγων,
3527 5711 3643 5763 ὅσοι
3670 5727 3730 5762 τε

2168 5810 2294 5881 ’περῖ
2323 5808 2422 5876 τῆς
2454 5807 2728 5879 μακαρίας
2756 5804 2850 5860 καὶ
2873 5805 3105 5877 ἀρχικῆς
3137 5805 3227 5859 καὶ
3253 5803 3537 5875 όςιοονσίου
3564 5800 3726 5872 Τριά-
