4426 6458
322 440 459 515 1185

1746 440 2155 515 EPILOGUS.

317 564 411 618 τοῦ
445 563 644 635 βάθους
666 567 1092 640 αἰσθανομένους
1117 569 1290 640 ἡμᾶς,
1310 569 1407 624 κει)⁵
1444 568 1544 639 τὴν
1576 565 1683 619 τῶν
1714 552 1903 621 παθῶν
1932 571 1977 627 Α
2008 566 2107 635 τὴν
2132 565 2321 634 κοινήν
2356 562 2516 627 φύσιν
2563 561 2749 632 κοινῆς
2781 558 2875 612 καὶ
2912 557 3221 625 ὑπερφυοῦς
3254 555 3349 609 τοῦ
3382 556 3584 608 Δετιτό-

320 656 661 727 ἀκαθαρσίαν
709 662 807 732 τῆς
864 660 1043 731 ψυχῆς
1097 662 1541 734 ἀπορρίψαντας.
1601 659 1901 714 κάντεῦθεν

324 750 458 820 πρὸς
479 750 540 803 τὸ
568 752 667 821 τῆς
700 752 925 824 ἀγάπης
954 752 1090 824 ὕψος
1116 753 1385 825 ἀρθέντας
1413 752 1508 807 νῦν
1533 753 1634 823 μὲν
1668 752 1905 823 ἀμυδρό-

324 857 481 908 τερον
512 840 746 895 καθόσον
773 840 886 897 οἷόν
918 860 977 897 τε
1010 842 1214 907 θεατάς
1250 842 1593 915 χρηματίσαι
1624 840 1903 910 Πνεύματι

322 930 451 999 θείῳ
482 932 580 1002 τῆς
616 932 868 987 θεοποιοῦ
895 934 1117 1004 ,ταύτης
1173 934 1423 1005 χάριτος,
1460 934 1519 987 ἐν
1552 934 1611 987 δὶ
1660 932 1740 1004 τῷ
1778 931 1905 1001 μέλ-

319 1024 463 1078 λοντι
518 1026 907 1097 λαμπρότερόν
954 1044 1014 1081 τε
1072 1027 1169 1081 καὶ
1220 1026 1557 1098 ὑψηλότερον
1610 1025 1904 1097 μετασχεῖν

319 1134 1902 1187 ταυτης...............

319 1304 412 1357 τὸν
442 1304 574 1359 Υίδν
606 1305 702 1360 τοῦ
749 1307 886 1362 Θεοῦ
926 1309 1048 1362 κατ’
1100 1309 1364 1381 ἀλήθειαν
1419 1309 1760 1381 χρηματίσαι
1808 1306 1906 1363 καὶ

319 1396 631 1467 ἄνθρωπον,
651 1398 798 1464 ὅπως
828 1401 921 1454 τὸν
945 1402 1235 1471 ἄνθρωπον
1266 1402 1402 1455 Θεὸν
1430 1402 1737 1472 ἐργάσηται
1762 1400 1906 1455 κατὰ

322 1506 391 1558 με
436 1527 451 1544 .
494 1529 509 1545 .
550 1493 617 1562 τῇ
656 1493 915 1565 κοινωνίᾳ
948 1493 1042 1547 τοῦ
1075 1492 1328 1548 θεοποιοῦ
1362 1495 1555 1548 τούτου
1592 1494 1772 1564 φωτὸς
1809 1494 1907 1547 κο.)⁵

319 1584 421 1654 τῆς
454 1585 703 1655 χάριτος.

395 1676 503 1728 Καὶ
538 1676 647 1747 γὰρ
677 1677 895 1747 ἀληθῶς
943 1680 976 1750 η
1008 1680 1108 1750 τῆς
1141 1681 1491 1754 ἀνθρωπείας
1524 1679 1743 1752 φύσεως
1767 1678 1905 1733 θέω-

323 1785 426 1831 σις.
457 1764 525 1839 ἧς
564 1772 610 1823 οί
661 1770 949 1841 θεούμενοι
1005 1774 1394 1842 καταξιοῦνται
1441 1778 1506 1846 τῇ
1562 1776 1764 1845 μετοχῇ
1810 1772 1906 1825 τοῦ

322 1859 479 1926 ἁγίου
530 1861 873 1931 Πνεύματος.
905 1865 1019 1935 Τήν
1056 1867 1156 1935 μὲν
1190 1868 1299 1937 γάρ
1349 1868 1609 1939 ἀπαρχὴν
1641 1867 1798 1939 ήμῶν
1834 1869 1901 1938 τῇ
1936 1915 1979 1971 Β

320 1957 481 2023 καινῇ
521 1954 669 2022 μίξει
714 1955 815 2026 τῆς
859 1956 1008 2021 θείας
1052 1962 1274 2029 φύσεως
1308 1962 1403 2014 καὶ
1432 1961 1499 2031 τῇ
1549 1958 1748 2014 ἑαυτοῦ
1774 1960 1905 2013 ὑπο-

323 2045 514 2096 στάσει
548 2045 687 2115 ὑπερ
721 2046 880 2116 λόγον
916 2048 1233 2119 ὑποστήσας
1266 2051 1469 2105 ἐθέωσε
1500 2068 1516 2083 ο
1546 2054 1673 2116 τοὺς
1716 2052 1772 2106 δὲ
1806 2055 1905 2121 τῆς

319 2133 487 2197 ὅντως
522 2137 798 2201 υἱοθεσίας
828 2137 1191 2209 ἀξιουμένους
1222 2140 1283 2206 ἐξ
1315 2144 1527 2197 ἐκείνου
1568 2144 1775 2213 δηλαδὴ
1810 2146 1906 2197 καὶ

322 2225 634 2297 θεωμένους
684 2229 761 2300 τῷ
802 2231 1087 2303 Πνεῦματι
1137 2236 1202 2304 τῇ
1246 2237 1506 2305 κοινωνίᾳ
1556 2237 1651 2289 καὶ
1699 2239 1902 2307 μετοχῇ

322 2319 574 2389 θεουργεῖ
607 2322 706 2392 τῆς
759 2323 930 2377 αὑτοῦ
981 2324 1231 2379 θεοποιοῦ
1280 2327 1527 2397 χάριτος,
1579 2329 1729 2393 υίοὺς
1767 2330 1903 2382 Θεοῦ

320 2414 414 2468 καὶ
442 2414 597 2477 θεοὺς
625 2416 719 2468 καὶ
743 2415 965 2483 ὁμοίους
996 2418 1179 2487 ἐαυτῷ
1215 2420 1340 2472 κατ’
1373 2421 1504 2473 αὑτό
1539 2436 1682 2490 φημι
1747 2421 1904 2473 τοῦτο

320 2508 418 2561 καὶ
443 2508 644 2572 αὐτοὺς
669 2510 695 2560 ό
724 2509 884 2578 μόνος
910 2514 1054 2562 κατά
1084 2510 1249 2579 φύσιν
1271 2510 1401 2575 Θεὸς
1424 2512 1721 2584 ὑπερφυῶς
1739 2516 1906 2584 ἐρχα-

320 2599 568 2667 ξάμενος.

402 2697 513 2749 Καὶ
542 2696 628 2749 διά
654 2695 813 2750 τοῦτο
849 2700 942 2751 καὶ
989 2696 1241 2770 Ἰωάννης
1267 2700 1294 2752 ό
1334 2699 1432 2768 τῆς
1465 2698 1697 2769 βροντῆς
1725 2699 1902 2765 γόνος,

325 2786 474 2851 Νῦν,
511 2789 663 2856 φησὶ,
700 2788 883 2843 τέκνα
917 2789 1066 2843 Θεοῦ
1094 2789 1303 2858 ἐσμεν.
1344 2789 1452 2844 Kal
1493 2790 1659 2844 οὔπω
1689 2791 1905 2859 ἐφανε-

311 2878 475 2948 ,ιιώθη
506 2882 562 2934 τί
590 2881 873 2951 ἐσόμεθα.
898 2882 1160 2954 Οἴδαμεν
1183 2884 1252 2937 δὲ
1286 2883 1399 2946 ὅτι,
1425 2884 1535 2939 ἐὰν
1560 2883 1899 2954 φανερωθῇ.

320 2970 515 3040 ὅμοιοί
539 2973 700 3038 αὐτῷ
729 2974 990 3043 ἐσόμεθα
1018 2992 1031 3004 ο
1071 2976 1173 3045 τὴν
1217 2978 1275 3029 ἐν
1303 2977 1382 3047 τῷ
1424 2976 1671 3045 μέλλοντι
1698 2977 1899 3029 τελεωο

318 3064 486 3134 τέραν
544 3068 645 3135 τῆς
699 3066 949 3119 θεοποιοῦ
1004 3068 1214 3136 ταύτης
1242 3068 1461 3138 χάριτος
1526 3068 1762 3139 μετοχὴν
1806 3069 1903 3121 καὶ

320 3154 607 3206 κοινωνίαν
642 3156 752 3208 τῶν
783 3155 904 3208 κατ’
934 3157 1099 3209 αὑτὸν
1140 3160 1537 3228 αἰνιττόμενος,
1565 3158 1633 3211 δι’
1663 3153 1731 3229 ἧς
1775 3158 1849 3221 ὡς
1873 3161 1901 3211 ὁ
1928 3184 1933 3188 -

2005 672 2101 709 του
2137 653 2455 723 φιλοτιμίας
2496 652 2635 716 τέως
2673 650 2991 715 ἐλπίζοντες
3021 649 3077 699 ἐν
3110 646 3186 715 τῷ
3235 647 3507 713 μέλλοντι,
3541 648 3592 697 εί

2005 748 2100 800 καὶ
2151 747 2237 800 διά
2273 744 2552 817 ρᾳθυμίαν
2585 744 2725 814 φεῦί
2764 745 2856 797 καὶ
2897 742 2997 812 τῆς
3053 738 3345 794 ἐπιϐούλου
3387 739 3594 809 σαρκὸς

2005 839 2208 910 ταύτης
2238 840 2549 905 ἀσθένειαν,
2588 837 2724 905 πρὸς
2745 836 2804 890 δὲ
2836 838 2931 890 καὶ
2968 835 3077 888 τῶν
3103 835 3366 903 ἀσάρκων
3391 850 3449 885 τε
3496 835 3592 885 καὶ

2005 932 2288 986 ἀσπόνδων
2317 930 2547 985 ἐκείνων
2587 928 2800 1001 ἐχθρῶν
2828 926 2926 997 τήν
2970 929 3257 996 ἐπήρειαν,
3290 925 3323 995 ἢ
3351 924 3452 977 οὑκ
3493 920 3590 977 οἷδ’

2005 1029 2035 1083 ὃ
2068 1046 2121 1082 τι
2152 1030 2253 1083 καὶ
2301 1029 2408 1098 φῶ,
2442 1030 2540 1098 τῆς
2572 1031 2629 1082 ἐν
2668 1028 2746 1099 τῷ
2788 1026 3019 1096 παρόντι
3068 1026 3312 1097 μεγάλης
3356 1028 3449 1080 καὶ
3486 1045 3592 1096 μυ-

2008 1124 2347 1194 στικωτάτης
2375 1123 2592 1196 ἐκείνης
2621 1123 2716 1177 τοῦ
2748 1122 3068 1192 Πνεύματος
3099 1122 3321 1192 χάριτος
3354 1121 3559 1189 ἀμοιρή
3586 1154 3591 1159 ο

2010 1231 2206 1283 σαιμεν
2228 1232 2241 1247 ο
2284 1218 2380 1269 καὶ
2403 1218 2471 1270 δι’
2497 1218 2630 1270 αὐτὸ
2668 1216 2830 1270 τοῦτο
2866 1215 3088 1287 μάλιστ’
3127 1215 3295 1284 ἔγωγ’
3330 1215 3396 1268 ἂν
3426 1216 3590 1277 αὑτὲς

2009 1307 2181 1378 φαίην
2211 1309 2308 1362 καὶ
2335 1310 2424 1362 τὸν
2457 1325 2638 1387 κοινον
2669 1310 2763 1363 τοῦ
2811 1310 3157 1379 ἀνθρωπείου
3208 1310 3401 1377 γένους
3434 1308 3592 1361 πολέ-

2010 1418 2134 1471 μιον
2167 1402 2307 1472 πρὸς
2339 1400 2417 1473 τῷ
2449 1402 2593 1455 τέλει
2622 1402 2716 1455 τοῦ
2750 1404 3018 1474 παρόντος
3052 1402 3247 1463 αἰῶνος

2006 1584 2080 1648 ὼς
2119 1588 2193 1655 μὴ
2247 1585 2362 1653 ὦφε
2409 1626 2423 1641 .
2470 1624 2483 1638 .
2537 1586 2609 1657 κὴ
2641 1586 2697 1638 δὲ
2744 1586 2928 1654 φωνῆς
2976 1587 3129 1655 ίερᾶς
3174 1586 3341 1639 ἀκουε
3396 1625 3410 1639 .
3456 1628 3468 1641 .
3513 1603 3596 1640 ειν

2010 1677 2213 1748 ῥαδίως
2260 1677 2397 1748 μηδὲ
2426 1677 2780 1731 διδάσκεσθαι
2814 1679 2945 1747 περὶ
2992 1678 3186 1731 τούτου
3223 1680 3283 1730 τὸ
3328 1678 3550 1732 σύνολον
3575 1696 3590 1711 ο

2008 1770 2102 1823 καὶ
2160 1769 2494 1839 κενωθῶμεν
2522 1770 2646 1822 ὅσον
2697 1769 2758 1820 τὸ
2790 1770 2908 1822 κατ’
2960 1769 3161 1832 αὐτοὺς
3191 1770 3251 1821 τδ
3305 1770 3446 1838 μέγα
3496 1773 3593 1840 τῆς

2012 1860 2257 1931 μεγάλης
2316 1860 2634 1929 οἰκονομίας
2692 1859 2930 1932 Χριστοῦ
2999 1864 3324 1931 μυστήριον,
3381 1864 3496 1926 τοῖς
3550 1864 3595 1915 δ’

2007 1954 2291 2024 ἀγνώμοσι
2348 1955 2442 2006 καὶ
2479 1953 2784 2016 θεοκτόνοις
2847 1952 2997 2022 φεῦί
3074 1953 3394 2017 Ἰουδαίοις,
3470 1956 3593 2024 μετ’

2024 2047 2237 2118 Ἀρείου
2280 2063 2341 2099 τε
2373 2048 2468 2099 καὶ
2520 2045 2817 2115 Νεστορίου
2862 2046 2972 2098 τῶν
3014 2045 3182 2100 πάλαι
3212 2045 3313 2115 τῆς
3352 2048 3592 2117 Χριστοῦ

2011 2141 2206 2209 μοίρας
2242 2140 2653 2211 ἀπερῤωγότων
2698 2140 2940 2194 κάκιστα
2982 2140 3154 2210 θύραν
3197 2141 3458 2210 ἀνοίγειν,
3499 2145 3593 2194 καὶ

2007 2230 2266 2301 ἀφορμὰς
2298 2230 2359 2282 οὑ
2391 2230 2603 2299 φαύλας
2634 2229 2836 2283 διδόναι
2889 2231 2987 2299 τῆς
3022 2232 3165 2285 κατά
3204 2231 3298 2285 τοῦ
3352 2234 3587 2301 Μονογε-

2006 2322 2130 2384 νοῦς
2161 2322 2392 2391 ὕϐρεως.
2426 2322 2597 2375 Τοῦτο
2628 2322 2726 2376 καὶ
2751 2321 2861 2392 γάρ
2885 2324 2916 2391 ὴ
2945 2322 3201 2393 παροῦσα
3226 2324 3325 2395 τῆς
3354 2328 3596 2397 φυσικῆς

2006 2413 2174 2469 αὑτοῦ
2208 2412 2370 2484 δόξης
2418 2415 2513 2468 καὶ
2566 2415 2665 2486 τῆς
2697 2415 2952 2485 θεότητος
3003 2415 3264 2487 ἀθέτησις
3307 2418 3586 2490 ἄντικρυς.

2019 2504 2162 2560 Ἀλλ’

2008 2693 2244 2748 θούντων
2290 2693 2352 2745 τὸ
2395 2735 2408 2747 .
2457 2732 2472 2748 .
2513 2731 2530 2747 .
2576 2691 2757 2761 λόγοις
2800 2694 2895 2746 καὶ
2941 2694 3103 2758 αὐτὸς
3150 2694 3411 2761 καθάπαξ
3454 2737 3468 2751 .
3511 2738 3523 2750 .
3573 2739 3588 2752 .

2006 2803 2125 2855 χου,
2163 2787 2261 2839 καὶ
2316 2785 2452 2853 μηδὲ
2505 2785 2720 2856 χαίρειν
2779 2787 2846 2838 αὑ
2888 2818 2903 2841 ι
2948 2828 2962 2843 .
3004 2824 3019 2841 .
3065 2805 3093 2848 ς
3135 2786 3259 2855 λέγε
3305 2788 3449 2842 κατά
3500 2790 3595 2845 τὸν

2007 2880 2326 2949 ἐπιστήθιον
2360 2881 2539 2934 εἰπεῖν
2583 2880 2868 2950 Θεολόγον,
2898 2881 3005 2944 ἕως
3040 2881 3105 2934 ἂν
3157 2882 3250 2934 ἐπὶ
3285 2882 3384 2952 τῆς
3420 2882 3594 2954 αὑτῆς

2006 2973 2323 3041 ἀντιλογίας
2348 2973 2551 3041 δηλαδὴ
2585 2974 2773 3042 μένειν
2804 2973 3082 3038 ἐθέλωσιν,
3114 2977 3183 3028 El
3208 2992 3298 3041 τις
3329 2976 3425 3028 καὶ
3456 2978 3594 3047 γάρ,

2007 3062 2195 3133 φησὶν,
2228 3063 2460 3132 ἔρχεται
2493 3064 2645 3131 πρὸς
2676 3062 2857 3134 ὑμᾶς,
2889 3065 2993 3119 καί.
3018 3056 3248 3133 ταύτην
3292 3067 3407 3135 τὴν
3430 3067 3596 3123 διδα-

2007 3154 2213 3225 χὴνού
2245 3159 2431 3225 φέρει,
2457 3155 2544 3225 μὴ
2568 3157 2908 3226 λαμϐάνετε
2926 3159 3114 3211 αὐτόν
3130 3162 3217 3225 είς
3246 3160 3461 3224 οἰκίαν,
3492 3160 3594 3214 καί

2240 2548 2256 2563 ο
2335 2547 2350 2562 0
2427 2545 2443 2561 ο
2524 2549 2539 2562 ο
2619 2544 2634 2561 0
2715 2546 2729 2561 0
2811 2549 2823 2561 ι
2907 2548 2921 2562 ο
3003 2546 3018 2561 0
3103 2547 3115 2559 ο
3204 2560 3207 2563 .
3292 2551 3306 2563 ο
3387 2552 3399 2565 ο
3482 2552 3494 2566 ι
3576 2554 3591 2567 ι

316 3243 469 3313 ἥλιος
505 3247 623 3297 ἐκεῖ
660 3248 800 3299 κατὰ
844 3246 936 3300 τὸν
972 3249 1067 3302 τοῦ
1110 3249 1354 3319 Χριστοῦ
1386 3250 1547 3320 λόγον
1590 3250 1899 3320 λάμψουσιν
1927 3259 1969 3319 c
2003 3248 2237 3316 χαίρειν
2271 3246 2432 3313 αὐτῷ
2452 3248 2538 3318 μὴ
2571 3250 2799 3320 λέγετε.
2843 3249 2905 3302 '0
2930 3249 3039 3318 γὰρ
3062 3250 3257 3320 ,λέγων
3283 3249 3443 3317 αὑτῷ
3467 3254 3595 3320 χαί-

318 3336 468 3406 αὑτῴ
498 3337 574 3406 τῷ
622 3342 719 3409 τῆς
753 3339 1103 3411 δικαιοσύνης
1138 3343 1275 3413 ἡλίῳ
1320 3344 1562 3415 Χριστῷ,
1593 3345 1671 3415 τῷ
1703 3344 1901 3397 τεθεω-
1996 3356 2132 3407 ρειν
2164 3339 2445 3393 κοινωνεῖ
2487 3340 2613 3406 τοῖς
2644 3342 2842 3409 ἔργοις
2874 3341 3062 3396 αὐτοῦ
3099 3342 3221 3408 τοῖς
3277 3344 3588 3411 πονηροῖς,

322 3428 469 3498 μένῳ
514 3432 726 3484 ἐκείνου
769 3436 914 3502 φημὶ
967 3434 1380 3505 ἐξομοιούμενοι
1440 3436 1677 3506 σώματι.
1734 3438 1798 3491 Ὀ
1837 3437 1900 3506 δὴ

319 3525 414 3577 καὶ
444 3526 471 3577 ὁ
501 3526 600 3595 τὴν
624 3526 872 3593 γλῶτταν
900 3528 1137 3597 χρυσοῦς
1167 3529 1421 3599 Ἰωάννης
1449 3531 1555 3599 πρὸ
1585 3529 1816 3602 βραχέος
1843 3534 1899 3583 ἐν

319 3616 597 3685 ἐπιλόγοις
628 3617 1025 3688 φανερώτερον,
1062 3618 1319 3690 καθάπερ
1361 3620 1626 3691 ήκουσας,
1673 3621 1899 3690 ἔφησεν.

320 3710 382 3761 0!
418 3711 517 3779 μὲν
541 3705 634 3762 οὖν
678 3710 767 3763 διὰ
814 3711 1167 3780 καθαρότητα
1215 3710 1353 3779 βίου,
1390 3711 1686 3765 κάντεῦθεν
1719 3713 1904 3778 ἀξίους

319 3805 547 3867 ἑαυτοὺς
575 3805 674 3868 τῆς
704 3805 798 3857 τοῦ
833 3804 981 3857 θείου
1013 3805 1331 3875 Πνεύματος
1366 3808 1699 3879 ἐνοικήσεως
1730 3824 1904 3862 κατα·

322 3900 647 3969 στήσαντες,
682 3900 899 3968 ἔχουσιν
929 3899 1032 3969 ήδη
1073 3898 1328 3969 καθάπερ
1361 3900 1421 3952 ἐν
1454 3898 1775 3970 ἀρρασῶνος
1808 3900 1904 3969 μέ-

324 4008 408 4060 ρει
442 3994 543 4054 sic
574 3992 747 4063 ἀρχάς
773 3992 873 4060 τῆς
914 3991 1220 4062 μελλούσης
1251 3990 1524 4053 θεώσεως,
1548 3991 1902 4055 ἀναστάντες,

320 4084 419 4151 τήν
444 4083 547 4152 τῆς
594 4083 767 4154 ψυχῆς
801 4101 947 4154 φημι
986 4082 1231 4154 μεγάλην
1264 4084 1358 4137 καὶ
1405 4081 1633 4153 πρώτην
1662 4082 1904 4137 ἀνάστα-

326 4194 431 4241 σιν,
476 4178 571 4229 καὶ
602 4180 709 4249 πρὸ
735 4176 834 4245 τῆς
868 4176 979 4228 τῶν
1013 4178 1284 4245 σωμάτων
1310 4174 1500 4245 κοινῆς
1528 4176 1901 4240 ἀναστάσεως·

320 4270 455 4337 ἡμῖν
484 4267 541 4320 δὲ
572 4262 653 4331 οἷς
688 4270 715 4320 ὸ
749 4270 849 4338 τῆς
882 4268 1159 4338 ἁμαρτίας
1191 4268 1271 4319 ἐτι
1304 4268 1401 4321 καὶ
1452 4269 1562 4320 τῶν
1598 4268 1785 4321 παθῶν
1820 4268 1906 4332 ζό-

324 4379 422 4429 φος
450 4365 520 4414 ἐπ
548 4363 752 4427 σκοτεῖ,
783 4364 950 4432 μήπω
978 4361 1067 4414 διά
1120 4361 1414 4430 μετανοίας
1448 4360 1778 4432 είλικρινοῦς
1812 4364 1907 4417 τὸν

326 4456 581 4525 φραγμὸν
611 4457 827 4509 τουτονὶ
849 4454 1198 4523 διακόψασιν,
1228 4455 1260 4523 ή
1290 4455 1475 4517 πίστις
1512 4454 1645 4526 μόνη
1677 4454 1771 4507 τοῦ
1805 4474 1907 4524 μυ-

327 4551 572 4618 στηρίου,
608 4549 700 4601 καὶ
725 4549 759 4617 ή
792 4546 944 4616 φιλία
961 4548 1068 4601 τῶν
1092 4548 1305 4600 ἐκείνου
1338 4548 1596 4617 κηρύκων
1626 4548 1721 4600 καὶ⁵
1745 4548 1904 4617 ήμῶν

320 4640 680 4706 διδασκάλων,
723 4641 977 4710 καθάπερ
1014 4640 1275 4711 ἐνέχυρόν
1306 4658 1359 4693 τι
1402 4642 1501 4710 τῆς
1538 4640 1904 4711 ἐλπιζομένης

322 4737 541 4803 ἐκείνης
583 4734 991 4804 μακαριότητος
1021 4734 1449 4817 ὑπφλέλειπταιο
1486 4736 1580 4787 καὶ
1609 4733 1707 4803 τὴν
1747 4734 1903 4786 ἄπει-

325 4844 419 4897 ρον
448 4828 563 4896 ἅμα
585 4826 1002 4895 φιλανθρωπίαν
1024 4825 1117 4878 τοῦ
1132 4827 1409 4878 Δεσπότου
1432 4828 1573 4879 κατά
1595 4826 1719 4879 νοῦν
1747 4842 1803 4878 σῖ
1817 4826 1903 4895 ρέ-

325 4936 503 4984 φουσι,
545 4919 613 4971 δι’
652 4917 719 4987 ἢν
749 4918 923 4987 δήπου
954 4919 1050 4971 καὶ
1079 4918 1211 4980 Θεὸς
1242 4917 1317 4971 ὢν
1350 4918 1636 4989 ἄνθρωπος
1659 4920 1905 4987 ἐχρημά-

322 5030 463 5078 τισε,
515 5012 611 5065 καὶ
657 5012 883 5081 προσέτι
917 5013 1010 5064 καὶ
1062 5012 1291 5080 μεσίτας
1339 5028 1399 5064 τε
1448 5014 1540 5066 καὶ
1591 5013 1903 5081 προστάτας

326 5106 565 5168 ἐκείνους
621 5104 717 5157 τοῦ
779 5104 899 5157 καθ’
943 5105 1094 5175 ήμᾶς
1148 5106 1495 5174 ἐνιστάμενοι
1549 5107 1896 5174 πράγματος,

328 5198 643 5267 κάντεῦθεν,
677 5197 752 5263 ὡς
782 5198 885 5252 οὑκ
915 5196 1305 5266 ἐκπεσούμεθα
1339 5200 1594 5265 καθάπαξ
1630 5199 1729 5268 τῆς
1760 5199 1898 5268 πρὸς

2005 3435 2101 3485 καὶ
2129 3434 2249 3485 οὐδὲ
2278 3436 2391 3496 τοῖς
2421 3434 2600 3487 ταῦτα
2638 3434 2970 3503 παραινοῦσι
3006 3438 3169 3505 σιγᾷν
3209 3437 3304 3488 καὶ
3334 3438 3433 3500 τὰς
3464 3456 3591 3507 νοη-

2004 3526 2103 3588 τὰς
2146 3526 2239 3579 τοῦ
2269 3526 2369 3597 τῆς
2423 3526 2774 3595 δικαιοσύνης
2827 3527 2979 3597 ήλίου
3012 3528 3092 3597 τῷ
3122 3528 3265 3597 λόγῳ
3323 3531 3590 3597 κρύπτειν

2006 3622 2231 3683 ἀκτῖνας
2264 3621 2354 3672 τὸν
2383 3619 2509 3673 νοῦν
2533 3620 2669 3679 ὅλως
2700 3622 2962 3691 πρόσεχε.
2996 3620 3247 3686 Ἔνδοξον
3275 3624 3384 3692 γάρ
3412 3641 3464 3675 τι
3497 3627 3591 3680 καὶ

2006 3712 2265 3783 λαμπρὸν
2299 3712 2470 3774 ὅντως
2498 3712 2641 3765 κατὰ
2673 3714 2731 3764 τὸ
2755 3714 3043 3782 εἰρημένον
3062 3712 3132 3765 ’τὸ
3159 3713 3226 3765 τά
3260 3714 3396 3783 ὑπὲρ
3431 3715 3588 3785 ήμῶν

2005 3799 2408 3869 ἀνακηρύττειν
2442 3801 2701 3869 ὑπερφυᾶ
2732 3803 2892 3855 ταυτὶ
2922 3802 3015 3855 τοῦ
3038 3803 3173 3856 Θεοῦ
3210 3804 3367 3874 ἔργα,
3400 3806 3585 3877 ὥσπερ

2006 3889 2073 3946 αὖ
2104 3894 2200 3946 καὶ
2252 3893 2312 3946 τὸ
2374 3896 2651 3963 μυστήρια
2705 3894 2970 3964 κρύπτειν
3001 3897 3109 3950 τῶν
3155 3899 3307 3951 κάτω
3356 3904 3589 3954 τουτωνὶ

2004 3986 2273 4051 βασιλέων
2305 3988 2470 4040 καλόν
2493 4003 2508 4018 υ
2564 3987 2743 4052 ἄλλως
2780 3989 2826 4042 θ’
2854 3990 2935 4043 ὅτι
2973 3991 3067 4045 καὶ
3100 3992 3317 4062 μηχανή
3344 4010 3426 4055 τις
3452 3994 3586 4066 ἄλλη

2007 4081 2101 4133 καὶ
2131 4079 2292 4133 τοῦτο
2316 4079 2411 4133 τοῦ
2464 4084 2841 4150 παμμηχάνου
2884 4085 2978 4137 καὶ
3024 4084 3239 4138 σκολιοῦ
3266 4086 3585 4155 δράκοντος.

2008 4172 2097 4224 τὸν
2122 4173 2220 4239 τῆς
2269 4173 2526 4235 ἀπιστίας
2574 4174 2652 4225 ίδν
2699 4175 2872 4245 ἑτέρῳ
2904 4178 3207 4248 καινοτέρῳ
3256 4180 3443 4249 τρόπῳ
3482 4181 3590 4231 τινὶ

2006 4268 2129 4330 ταῖς
2160 4266 2269 4318 τὶν
2306 4268 2519 4319 πολλῶν
2557 4270 2759 4321 ἐνιέναι
2793 4271 3040 4339 καρδίαις
3071 4274 3308 4326 κάκιστα
3334 4274 3587 4327 σπεύδον-

2006 4375 2118 4417 τος.
2158 4359 2232 4411 Σὺ
2256 4358 2312 4411 δὲ
2345 4359 2526 4428 μένων
2558 4362 2939 4424 άποστοὶικῶς
2969 4366 3143 4416 εἰπεῖν
3172 4366 3230 4417 ἐν
3259 4359 3339 4428 οἷς
3367 4366 3588 4435 ἔμαθες,

2008 4453 2104 4505 καὶ
2156 4450 2467 4521 ἐδιδάχθης,
2505 4452 2729 4513 τούτους
2779 4471 2837 4506 τε
2893 4458 3200 4521 κάκείνους,
3250 4459 3384 4531 ὅπερ
3428 4462 3590 4530 έφην,

2008 4544 2299 4609 ἀποποιοῦ,
2344 4546 2440 4598 καὶ
2496 4548 2720 4598 σεῖυιέὺν
2772 4550 3070 4616 γυμνάζων
3123 4551 3414 4618 διαπαντὸς
3454 4558 3592 4627 πρὸς

2010 4638 2302 4691 εὐσέϐειαν
2340 4640 2479 4693 κατὰ
2515 4642 2607 4693 τὸν
2648 4642 2810 4694 αὑτὸν
2855 4643 3177 4697 Ἀπόστολον
3222 4646 3434 4711 τούτοις
3476 4652 3590 4713 τοὶς

2010 4730 2211 4798 λόγοις,
2249 4731 2327 4783 ἔτι
2366 4735 2461 4783 καὶ
2509 4731 2554 4783 τῗ
2603 4732 2929 4786 δεσποτικὸν
2970 4737 3279 4806 ἑπεργάζου
3330 4740 3591 4793 τάλαντον

2010 4823 2084 4886 ὡς
2117 4827 2310 4888 πιστὸς
2345 4829 2439 4879 καὶ
2476 4826 2743 4896 φρόνιμος
2780 4827 2954 4891 οὕτως
2997 4830 3204 4895 δοῦλος,
3243 4831 3424 4896 αῦξιον
3457 4835 3594 4886 αὐτὸ

2014 4917 2363 4986 καθεκάστην
2395 4921 2460 4989 τῇ
2497 4920 2604 4970 τῶν
2639 4922 2792 4989 παρὰ
2846 4920 2940 4972 σοῦ
2975 4920 3379 4993 διδασκομένων
3408 4942 3466 4976 τε
3495 4929 3590 4979 καὶ

2010 5011 2410 5080 ὠφελουμένων
2434 5013 2744 5082 προσθήκῃ.
2779 5013 2934 5065 Οὕτω
2964 5017 3057 5067 καὶ
3098 5017 3207 5083 γὰρ
3238 5016 3456 5080 ἐξέσται
3479 5031 3589 5083 σοι,

2014 5104 2281 5173 βελτιστε.
2314 5106 2489 5175 μόνως
2520 5107 2678 5175 ὀλίγα
2706 5110 2826 5159 τινὰ
2854 5107 2942 5159 διά
2976 5109 3071 5175 τῆς
3104 5109 3422 5179 καλλίστης.
