4488 6444
384 374 517 438 1189
1362 374 1477 432 ‘DE
1522 366 1891 430 ESSENTIA
1940 366 2033 424 ET
2097 361 2612 423 OPERATlt‘tNl'I.
3483 363 3617 426 1190

2992 511 3077 517 ——-—-
3094 512 3167 520 κα,-
3190 514 3219 520 ρ
3278 510 3613 525 ...ι----Μ

505 529 842 543 _

3339 527 3610 539 u——_——_—

1006 690 1934 847 GREGORII
2053 686 2492 841 ACIN
2500 686 2914 839 DYN
2922 689 2986 835 Ι

1792 1007 2011 1070 LIBRI
2056 1008 2209 1067 Ι)υο

858 1238 1003 1326 DE
1113 1235 1685 1325 ESSENTIA
1824 1231 1972 1319 ET
2091 1184 2876 1321 orennione
2933 1230 3127 1316 om

701 1463 872 1524 Olim
904 1461 1216 1523 adversus
1265 1457 1583 1519 inscitiam
1638 1455 2067 1534 quorumdam
2134 1456 2500 1517 Grzecorum
2557 1452 2928 1530 conscripti,
2975 1453 3098 1529 jam
3162 1474 3308 1515 vero

1288 1591 1505 1644 contra
1541 1580 1973 1644 Calvinianam
2013 1582 2399 1659 imperitiam
2430 1582 2713 1655 ,Conradi

783 1711 1011 1775 Vorslii
1048 1719 1107 1773 et
1135 1711 1622 1774 Vorstianorum
1671 1712 1881 1772 Graece
1934 1708 2270 1786 publicati.
2317 1707 2577 1768 Editore
2609 1707 2841 1768 Jacobo
2888 1709 3225 1770 Gnerssno

1570 1839 1901 1901 Soeietatis
1935 1841 2091 1901 Jesu
2122 1835 2442 1915 theologo.

1349 2208 1653 2270 JACOBI
1706 2208 2130 2269 GRETSERI
2178 2204 2652 2267 ΡΒᾹΕΛΤΙΟ.

459 2366 578 2433 Quo
605 2370 849 2432 tempore
876 2357 1114 2414 Joannes
1137 2357 1553 2413 Cantacuzenus
1582 2355 2249 2422 Constantinopolitanum
2285 2354 2571 2422 imperium
2602 2352 2841 2414 tenebat,
2869 2351 3208 2421 gravissimae
3240 2354 3632 2407 controversim.

387 2464 713 2517 exstiterunt
744 2459 810 2513 de
832 2457 1072 2513 essentia
1103 2465 1157 2511 et
1187 2454 1507 2524 operatione
1560 2453 1675 2516 Dei,
1710 2452 2037 2521 quibusdam
2079 2451 2504 2515 aﬂirmantibus,
2531 2450 2827 2503 essentiam
2881 2456 2936 2500 et
2960 2449 3330 2516 operationem
3387 2452 3632 2517 aliasque

389 2554 745 2622 preprietates
780 2550 869 2603 Dei
911 2549 982 2602 ita
1018 2546 1302 2616 distingui,
1344 2545 1808 2613 quemadmodum
1842 2544 2202 2611 distinguitur
2236 2543 2326 2596 lux
2356 2544 2486 2596 solis
2521 2560 2548 2595 a
2605 2542 2909 2595 substantia
2942 2540 3095 2601 solis,
3140 2540 3282 2593 inter
3304 2552 3441 2608 quos
3475 2540 3633 2593 laede.

390 2652 594 2719 primas
629 2648 885 2701 tenebant
913 2644 1226 2697 Pliilotheus
1258 2643 1490 2709 primum
1523 2641 1725 2694 montis
1751 2642 1894 2693 Atho
1922 2643 2246 2700 monachus,
2279 2649 2470 2707 postea
2510 2640 2803 2707 episc0pus
2858 2637 3257 2699 Heracleensis,
3301 2648 3353 2688 et
3415 2640 3631 2689 tandem

390 2742 702 2811 patriarcha
732 2736 1398 2802 Constantinopolitanus.
1423 2746 1477 2787 et
1503 2734 1806 2802 Gregorius
1837 2731 2088 2786 Palamas
2125 2734 2572 2800 archiepiscopus
2609 2730 3147 2789 Thessalonicensis,
3184 2732 3277 2797 qui
3335 2744 3459 2781 cum
3491 2729 3627 2780 alios

392 2836 616 2897 multos,
652 2844 764 2887 tum
792 2834 967 2900 ipsum
997 2845 1217 2900 quoque
1241 2829 1688 2884 Cantacruennm
1725 2845 1880 2884 suam
1933 2830 1988 2882 in
2032 2829 2347 2896 Opinionem
2419 2830 2797 2882 traduxerunt.
2831 2822 2969 2880 Hinc
3015 2826 3118 2879 illa:
3158 2826 3366 2884 laudes,
3437 2824 3633 2892 quibus

388 2924 802 2982 Cantacuzenus
838 2926 891 2978 in
920 2925 1161 2977 Historia
1187 2939 1282 2977 sua
1315 2923 1658 2977 Philotheum
1693 2931 1748 2977 et
1779 2923 2056 2976 Palamam
2092 2923 2309 2976 extollit
2338 2932 2390 2975 et
2425 2932 2681 2990 tanquam
2716 2920 3058 2972 orthodoxiae
3103 2920 3348 2973 sinceros
3378 2927 3431 2971 et
3492 2917 3632 2970 imi—

391 3031 509 3073 ctos
541 3027 969 3087 propugnatores
999 3017 1275 3077 decantat,
1311 3013 1602 3067 Barlaamo
1635 3026 1690 3068 et
1725 3015 1986 3084 Gregorio
2024 3016 2309 3085 Acindyno
2340 3015 2404 3066 ad
2461 3016 2627 3066 imum
2659 3028 2831 3081 usque
2856 3013 3032 3067 solum
3087 3012 3383 3080 depressis,
3432 3020 3483 3063 ct
3533 3025 3632 3062 ccu

394 3112 684 3175 haereticis,
711 3109 1056 3182 quadruplici
1094 3108 1353 3178 synedrio
1381 3107 1675 3173 damnatis,
1708 3120 1815 3161 una
1844 3123 1968 3162 cum
2000 3108 2256 3161 omnibus
2303 3106 2689 3168 sectatoribus,
2717 3122 2782 3158 ex
2824 3121 3059 3174 quorum
3120 3119 3349 3157 numero
3414 3103 3632 3156 tandem

392 3204 501 3258 fuit
538 3205 702 3258 etiam
736 3201 1076 3271 Niccpliorus
1106 3201 1402 3269 Gregoras,
1436 3200 1489 3253 in
1520 3215 1681 3269 quem
1713 3199 2135 3256 Cantacuzenus
2176 3215 2281 3254 non
2315 3200 2481 3254 semel
2504 3199 2703 3253 acriter
2734 3199 2989 3268 insurgit,
3025 3207 3079 3250 et
3109 3198 3295 3250 acrius
3325 3195 3634 3264 patriarcha

391 3301 727 3354 Philutheus.

464 3394 662 3448 Vernin
686 3392 752 3443 de
788 3399 894 3442 tota
923 3389 1025 3441 ista
1060 3390 1429 3443 controversia
1455 3391 1500 3443 sl
1527 3389 1649 3458 quis
1702 3388 1850 3458 plura
1886 3388 2179 3453 desiderat,
2222 3389 2269 3442 is
2306 3388 2470 3440 adeat
2516 3402 2599 3448 ca,
2642 3403 2762 3455 qua:
2788 3404 2853 3442 ex
2882 3387 3101 3440 ineditis
3130 3387 3239 3439 fere
3277 3368 3645 3454 scriptoribus

350 3510 353 3513 λ
396 3485 703 3538 notavimus
736 3482 800 3534 ad
833 3490 991 3548 caput
1026 3482 1279 3534 ultimum
1317 3482 1440 3535 libri
1476 3482 1700 3537 secundi
1744 3482 1998 3537 Historia:
2028 3480 2475 3543 Cantacuzenicae
2498 3481 2574 3549 (a)
2630 3479 2732 3533 Ubi
2761 3481 2925 3534 etiam
2961 3479 3028 3533 de
3083 3480 3288 3533 lumine
3327 3478 3634 3540 Thaliorio,

393 3576 535 3645 quod
572 3573 892 3627 Philotheus
920 3582 973 3626 et
992 3572 1237 3626 Palamas
1274 3574 1583 3628 increatnm
1619 3574 1955 3640 statuebant,
1991 3574 2381 3637 disseruimus,
2413 3572 2700 3626 Barlaaino
2728 3582 2781 3625 et
2805 3572 3090 3643 Acindyno
3121 3581 3311 3626 contra
3339 3572 3639 3625 nitentibus

392 3684 444 3727 et
486 3670 701 3724 veritati
742 3669 951 3722 fortiter
981 3659 1472 3737 patrocinantibus.

465 3762 582 3815 Non
616 3762 804 3815 dubito
836 3773 1036 3825 autem,
1072 3765 1213 3816 hunc
1241 3762 1585 3817 Barlaamum
1616 3778 1736 3818 esse
1767 3764 1916 3817 illum
1951 3764 2154 3832 ipsum.
2187 3763 2346 3832 cujus
2397 3763 2659 3832 epistolas
2688 3762 2753 3817 ad
2788 3762 3007 3817 Grazros
3044 3774 3191 3816 tomo
3226 3763 3420 3831 quinto
3487 3764 3641 3815 Anti-

395 3872 509 3924 qua:
543 3856 779 3908 lectionis
811 3854 1083 3921 evulgavit
1117 3853 1177 3907 ll.
1208 3854 1476 3908 Henricus
1506 3854 1786 3920 Canisius,
1816 3856 1880 3909 V.
1912 3857 1977 3912 (ἐ.
2003 3857 2074 3909 Ex
2108 3858 2318 3910 Graecia
2357 3856 2500 3909 enim
2534 3856 2589 3908 in
2613 3856 2820 3909 italiam
2849 3856 3009 3910 rediit
3072 3865 3126 3910 et
3163 3855 3406 3911 Hieracis
3430 3856 3641 3925 episco-

395 3961 495 4015 pus
522 3947 853 4000 constitutus
890 3954 993 4010 est,
1024 3956 1079 3998 ut
1108 3953 1338 3999 testatur
1366 3947 1594 4014 ipsemet
1625 3947 2044 4002 Cantacuzenus
2098 3950 2191 4001 lib.
2227 3966 2289 4013 ll,
2321 3950 2501 4017 capite
2534 3950 2749 4002 ultimo.

465 4039 732 4093 Caeterum
768 4038 1063 4093 tolerabilia
1099 4038 1269 4092 videri
1296 4050 1524 4107 possunt
1554 4056 1674 4109 qua:
1708 4042 1883 4095 Graeci
1919 4042 2197 4111 quondam
2259 4043 2601 4095 somniat-unt
2635 4052 2687 4095 et
2719 4042 3045 4107 delirat-unt,
3092 4059 3204 4111 prae
3245 4044 3429 4114 impiis
3462 4054 3515 4097 et
3540 4054 3644 4097 ter-

396 4149 502 4202 que
533 4144 836 4204 quaterque
874 4135 1227 4196 exsecraudis
1261 4136 1659 4190 assertionibus
1701 4152 1835 4203 quas
1860 4139 1912 4191 in
1949 4136 2089 4191 libro
2126 4152 2226 4190 suo
2265 4137 2337 4189 lie
2389 4138 2662 4189 attributi:
2695 4138 2788 4189 Dei
2824 4154 2886 4190 ex
2926 4138 3315 4207 impurissimis
3368 4140 3481 4192 suis
3516 4136 3642 4190 l'an-

398 4232 552 4285 cibus
589 4231 877 4285 Conradns
900 4231 1146 4285 Vorstius
1176 4230 1474 4285 Calvinista
1503 4219 1747 4285 evomuit
1778 4248 1792 4297 ;
1826 4234 1918 4302 qui
1954 4234 2211 4302 perii-icta
2246 4232 2421 4285 fronte
2452 4242 2506 4286 et
2538 4242 2718 4286 mente
2743 4243 2923 4302 negat,
2960 4235 3124 4287 Deum
3152 4248 3274 4288 esse
3298 4235 3641 4297 immensum,

406 4325 694 4390 iii/initum,
723 4324 1109 4391 incorporeum,
1143 4334 1190 4376 et
1219 4325 1282 4375 ab
1308 4327 1449 4376 omni
1477 4326 1850 4393 compositione
1872 4335 2029 4395 atque
2056 4328 2349 4379 mutatione
2370 4326 2616 4378 liberum.
2672 4326 2773 4391 Qui
2813 4341 2967 4392 teque
3000 4327 3263 4394 sacrilege
3293 4325 3441 4378 addit
3477 4345 3489 4378 :
3531 4326 3634 4379 De-

397 4431 537 4473 creta
563 4421 656 4472 Dei
685 4437 791 4473 esse
829 4437 949 4473 vera
984 4422 1302 4483 accidentia,
1343 4422 1593 4474 distincta
1620 4439 1652 4473 a
1682 4421 2157 4486 ,Deisubstantia;
2210 4425 2555 4476 (etei-nitatem
2594 4422 2686 4475 Dei
2705 4440 2803 4476 non
2840 4438 2953 4478 esse
2980 4424 3347 4476 indivisibilem
3383 4438 3446 4473 ac
3480 4431 3642 4473 (0mm

402 4519 578 4579 siinui,
607 4518 695 4569 sed
730 4519 1103 4569 successivant.
1143 4516 1308 4569 Deum
1343 4531 1446 4568 non
1474 4533 1587 4569 ease
1628 4527 1796 4569 tomm
1825 4519 1878 4569 in
1909 4519 2142 4586 qualibet
2170 4536 2242 4581 re,
2277 4519 2329 4570 iu
2356 4535 2459 4587 qua
2482 4529 2580 4578 est,
2608 4531 2657 4572 et
2685 4519 2735 4571 id
2764 4534 2935 4588 genus
2970 4520 3072 4572 alia
3104 4535 3211 4571 non
3244 4529 3451 4571 tantum
3485 4519 3640 4571 thec-

406 4610 585 4676 logizr,
622 4610 713 4662 sed
745 4617 799 4662 et
828 4609 1187 4676 philosophia:
1228 4608 1439 4676 ipsique
1470 4610 1607 4661 adeo
1633 4610 1870 4662 naturali
1902 4612 2098 4664 rationi
2130 4615 2343 4679 penitus
2378 4612 2744 4665 adversantia.

473 4703 541 4751 At
572 4716 796 4754 nemone
834 4716 901 4754 ex
926 4702 1149 4754 Lutheri
1172 4714 1226 4756 et
1250 4702 1462 4756 Galvini
1496 4703 1692 4756 castris
1729 4715 1979 4772 repertus
2002 4713 2083 4758 est
2111 4707 2202 4773 qui
2231 4722 2289 4759 se
2319 4707 2441 4759 huic
2466 4708 2761 4759 teterrima:
2819 4706 3084 4774 iinpirtati
3133 4704 3477 4774 opponeret?
3531 4705 3642 4754 lino

404 4813 508 4849 non
550 4813 709 4851 unus.
744 4796 879 4850 Nam
908 4812 971 4851 ex
1006 4796 1179 4852 Frisia
1216 4799 1571 4866 prosilierunt
1596 4798 1899 4853 Sibraudus
1932 4800 2231 4865 Lubertus,
2266 4802 2507 4856 Joannes
2537 4801 2953 4871 Bogcrmannus
2974 4812 3025 4855 et
3084 4801 3360 4854 communi
3424 4802 3642 4853 nomine

400 4891 634 4942 ministri
658 4889 1113 4953 Leovardienses,
1148 4901 1199 4943 et
1226 4892 1315 4943 alii
1344 4892 1584 4956 aliunde,
1628 4901 1686 4944 ut
1724 4894 2017 4958 Acronius,
2052 4892 2343 4959 Fraxinus,
2379 4896 2639 4963 Bogacrt,
2667 4894 2942 4958 Plant-ins,
2981 4892 3172 4946 Decius
3210 4904 3262 4945 et
3302 4891 3515 4951 Festus,
3546 4892 3638 4958 qui

400 4984 449 5034 iu
498 4981 767 5036 Vorstium
791 4983 1015 5053 ejusque
1038 4982 1338 5051 discipulos
1368 5000 1472 5037 non
1517 4986 1779 5039 minorem
1812 4986 2070 5055 impetum
2097 4989 2368 5041 dederunt
2430 5004 2592 5058 quam
2646 4987 2966 5056 Lapithmin
3024 4986 3361 5047 Centauros;
3425 4984 3640 5036 tametsi

400 5093 574 5146 neque
602 5078 884 5139 Centauri,
914 5081 1017 5133 hoc
1045 5090 1128 5133 est
1153 5079 1450 5144 Vorstiani,
1478 5096 1535 5133 se
1558 5081 1945 5134 deseruerunt.
1972 5080 2105 5135 Nam
2155 5093 2348 5151 pl'.l'l('-l'
2380 5085 2556 5151 ipsum
2609 5082 2929 5149 signiferum
2969 5082 3242 5136 Vorstium
3304 5097 3450 5133 arma
3501 5095 3637 5145 quu-

398 5186 504 5238 que.
545 5170 776 5239 sumpsit
804 5180 854 5224 et
881 5171 1054 5225 induit
1087 5172 1241 5241 Hugo
1279 5172 1502 5227 Grotius
1545 5170 1848 5227 llollandici
1886 5174 2002 5227 ﬁsci
2059 5177 2377 5239 advocatus,
2409 5176 2662 5242 evulgato
2710 5176 2850 5229 libro
2874 5176 2957 5228 cui
2987 5177 3202 5229 titulum
3254 5175 3447 5228 indidit
3486 5191 3497 5225 :
3535 5172 3640 5225 0r-

398 5265 583 5314 dmnm
607 5260 907 5315 Holiandia:
940 5280 1001 5315 ac
1026 5263 1343 5332 Westfrisia:
1373 5262 1570 5319 Pietas.
1607 5263 1711 5317 Sed
1748 5265 1888 5319 hanc
1933 5263 2189 5323 Pietatem
2227 5268 2386 5335 paulo
2421 5278 2541 5336 post
2570 5269 2885 5334 admodum,
2918 5268 2998 5321 vel
3024 5269 3202 5336 potius
3235 5284 3395 5335 supra
3423 5270 3637 5319 modum

400 5359 485 5422 pie
512 5369 842 5423 exceperunt
872 5358 1176 5415 Sibraudus
1215 5369 1267 5414 et
1300 5361 1731 5428 Bogerniannus,
1768 5370 1826 5416 ut
1852 5362 2080 5416 forsitan
2117 5362 2366 5417 Grotium
2394 5380 2504 5417 suae
2530 5364 2752 5434 pictatis
2777 5365 2887 5434 jam
2921 5367 3199 5434 pieniteat,
3227 5377 3483 5432 optetque
3510 5379 3643 5415 [σιη-

401 5465 520 5515 pus,
553 5452 696 5517 quod
730 5452 855 5505 huic
883 5451 1075 5506 Pietati
1111 5455 1399 5523 impendit,
1439 5454 1491 5507 in
1526 5455 1715 5522 aerarii
1741 5456 2051 5513 rationibus
2094 5458 2471 5523 conliciendis,
2521 5471 2615 5511 aut
2671 5459 2723 5511 in
2753 5471 2911 5529 poeta
2972 5460 3228 5528 quopiam
3286 5460 3643 5513 einarulamlo

399 5555 778 5611 consumptum
816 5559 955 5599 esse.

462 5738 529 5791 (si)
581 5732 628 5779 lu
664 5737 791 5778 torno
817 5737 980 5779 nostro
1000 5729 1161 5789 CLIII,
1183 5729 1276 5779 col.
1299 5730 1391 5779 679
1416 5731 1552 5781 Eutr.
