4488 6444
831 372 968 434 1195

2040 371 2429 432 GREGOlllI
2471 373 2836 434 ACINDY‘NI

3917 380 4049 443 1196

828 493 998 555 muni,
1046 504 1218 559 neque
1251 491 1394 544 enim
1433 501 1738 546 accuratam
1791 506 1932 545 nunc
1991 491 2130 545 facio
2186 492 2382 545 deﬁni—
2412 501 2455 557 Α
2487 494 2600 547 καλε

2275 493 2382 544 lni—
2412 501 2455 557 Α
2487 494 2756 548 καλείσθω
2784 496 2922 565 αῦτη
2954 498 3262 568 θεωρητικὴ
3319 498 3482 568 κοινῷ
3532 501 3776 568 ὀνόματι,
3829 503 3903 554 Οὐ
3941 520 4047 569 γαρ

825 586 1052 644 tionem,
1100 582 1192 635 sed
1237 581 1504 635 adumbro
1538 589 1744 634 tantum
1780 597 1897 651 qua:
1925 581 2109 634 dicere
2145 581 2387 635 intendo.

829 687 894 729 ιιι
932 675 1179 743 opposita
1235 675 1359 729 huic
1409 673 1708 741 Operationi
1758 674 1995 741 potentia
2051 674 2156 727 dici
2215 684 2390 742 potest

827 766 1194 834 speculativa:
1238 764 1380 819 sicut
1412 762 1728 834 intelligere,
1757 764 1891 816 velle
1920 775 1970 816 et
2005 764 2225 818 sentire.
2253 761 2388 816 Nam

827 875 894 912 ex
912 867 1034 913 actu
1065 856 1392 927 intelligendi
1426 857 1628 911 nullum
1660 857 2055 930 intellectorum
2093 855 2388 924 perﬁcitur;

827 951 1135 1020 intelligens
1155 964 1305 1013 vero,
1330 933 1513 1018 utpote
1539 947 1822 1002 veritatem
1849 947 1948 1002 sibi
1987 948 2158 1016 magis
2191 961 2390 1014 appro-

829 1045 1033 1110 prians,
1071 1043 1308 1110 seipsum
1338 1041 1563 1111 perlicit,
1592 1041 1644 1092 in
1667 1048 1928 1107 quantum
1961 1040 2109 1091 omni
2143 1039 2391 1093 intellec-

830 1137 905 1190 tui
943 1136 1064 1189 ﬁnis
1089 1137 1400 1206 prOpositus
1437 1145 1520 1188 est
1547 1134 1764 1187 veritas.
1815 1133 1944 1186 Item
1990 1146 2056 1185 ex
2111 1141 2236 1185 actu
2294 1147 2387 1184 vo-

829 1229 972 1283 lendi
1026 1231 1234 1282 nullum
1273 1228 1558 1280 volitorum
1595 1224 1888 1294 perficitur,
1937 1223 2214 1292 perﬁcitur
2263 1238 2388 1277 veto

826 1326 1039 1386 volens.
1069 1323 1195 1392 quia
1227 1321 1419 1376 melius
1449 1320 1628 1388 seipso
1661 1317 1914 1374 efﬁcitur.

899 1563 1077 1616 Altera
1127 1576 1248 1630 pars
1287 1560 1614 1628 operationis
1643 1557 1830 1612 active
1857 1567 1938 1614 est
1977 1558 2269 1628 perfectiva
2292 1561 2390 1613 ali-

827 1656 982 1719 cujus
1027 1654 1311 1708 exterioris
1348 1651 1606 1704 euectus:
1643 1650 1859 1719 aliquod
1891 1651 2032 1703 enim
2069 1665 2167 1704 ens
2198 1661 2388 1719 poten-

826 1747 900 1796 tia
927 1745 1106 1798 educit
1140 1743 1193 1794 in
1234 1750 1432 1796 actum.
1466 1741 1591 1794 Haec
1627 1751 1802 1794 autem
1832 1741 2071 1809 potentia
2111 1750 2164 1795 et
2192 1756 2387 1810 opera-

828 1841 902 1891 tio
933 1836 1127 1906 duplex
1169 1845 1286 1889 est:
1313 1849 1416 1888 una
1441 1845 1522 1888 est
1552 1843 1763 1896 natura,
1797 1843 1850 1887 et
1879 1832 2046 1886 altera
2076 1833 2384 1888 voluntate:
2421 1841 2462 1894 Β

825 1944 989 1983 omne
1025 1930 1170 1983 enim
1206 1943 1371 1996 agens
1403 1927 1510 1994 agit
1545 1935 1737 1979 natura
1767 1926 1846 1979 vel
1881 1926 2174 1979 voluntate.
2202 1924 2307 1979 Sed
2340 1927 2394 1978 in

825 2021 1119 2074 discrimen
1143 2030 1244 2084 est,
1273 2019 1439 2088 .quod
1487 2028 1676 2072 natura
1724 2019 1869 2071 circa
1917 2033 2083 2072 unum
2123 2029 2391 2079 versatur,

827 2131 946 2168 nam
977 2114 1114 2182 ignis
1139 2113 1313 2181 ignem
1344 2126 1557 2178 semper
1575 2118 1816 2179 generat,
1839 2119 1893 2163 et
1910 2109 2072 2163 homo
2093 2108 2392 2171 hominem,

823 2209 1075 2260 voluntas
1113 2220 1240 2258 vero
1274 2205 1413 2258 circa
1449 2203 1684 2265 diversa,
1716 2200 1868 2254 verbi
1901 2201 2094 2268 gratia,
2138 2199 2267 2253 facit
2299 2200 2392 2252 do-

824 2315 973 2353 mum
1010 2299 1087 2352 vel
1113 2313 1216 2351 non
1252 2297 1397 2359 facit,
1435 2305 1484 2349 et
1515 2295 1732 2363 quidem
1769 2293 1927 2347 talem
1959 2293 2037 2347 vel
2071 2292 2255 2356 talem,
2281 2294 2387 2347 nisi

825 2392 1133 2460 lmjnsmodi
1167 2392 1238 2443 sit
1269 2389 1488 2442 volitum
1520 2397 1578 2440 ut
1607 2387 1724 2440 sine
1757 2400 1821 2439 eo
1847 2385 2006 2438 ﬁnem
2045 2395 2290 2438 nostrum
2309 2401 2391 2436 as-

823 2487 978 2555 sequi
1025 2498 1378 2551 nequeamus,
1417 2481 1517 2534 hoc
1543 2480 1687 2533 enim
1728 2494 1834 2532 non
1869 2478 2004 2531 velle
2043 2491 2150 2530 non
2195 2492 2390 2545 possu-

824 2593 966 2642 mus,
996 2578 1141 2630 sicut
1168 2576 1290 2629 volo
1313 2589 1525 2643 panem,
1551 2572 1668 2626 sine
1691 2586 1798 2640 quo
1831 2571 2010 2624 vivere
2046 2569 2189 2622 haud
2221 2568 2390 2622 valeo.

827 2675 1080 2742 Subjecta
1142 2678 1322 2724 autem
1389 2669 1654 2722 voluntati
1711 2667 1946 2735 potentia
2018 2675 2072 2718 et
2146 2665 2388 2730 operatio

825 2767 1023 2818 iterum
1057 2762 1249 2830 duplex
1283 2770 1364 2815 est
1399 2777 1411 2812 :
1451 2759 1617 2812 altera
1645 2773 1710 2811 ex
1741 2755 1911 2809 nihilo
1935 2755 2062 2807 facit
2102 2753 2305 2822 aliquid
2335 2762 2388 2804 et

824 2869 1051 2912 vocatur
1079 2855 1314 2924 potentia
1345 2862 1397 2906 et
1427 2851 1672 2920 operatio
1697 2847 1927 2903 creatrix
1952 2864 1966 2911 ;
1995 2845 2162 2899 altera
2195 2859 2260 2897 ex
2289 2843 2388 2896 ali-

827 2967 935 3020 quo
969 2949 1263 3003 exsistente
1295 2945 1421 2997 facit
1448 2941 1738 3011 aliquid,et
1770 2938 1947 2990 vocari
2000 2945 2175 3003 potest
2203 2946 2391 3002 paten-

832 3046 902 3097 tia
954 3050 1007 3094 et
1039 3039 1281 3108 operatio
1313 3036 1628 3104 simpliciter
1678 3029 1970 3100 operati-ix.
2016 3025 2392 3096 Operationetn

833 3145 1010 3188 autem
1045 3133 1220 3186 dicere
1249 3128 1577 3198 operationis
1606 3123 1876 3184 effectum,
1907 3123 2049 3175 sicut
2072 3134 2159 3172 ars
2199 3119 2396 3172 dicitur

835 3231 967 3283 artis
994 3227 1237 3287 effectus,
1261 3237 1400 3276 nunc
1424 3222 1600 3273 liceat.

908 3323 1040 3375 Cum
1100 3320 1263 3388 igitur
1321 3325 1429 3368 tam
1483 3309 1850 3380 multipliciter
1890 3306 2131 3376 operatio
2171 3303 2401 3364 dicatur,
2429 3303 2474 3364 (ζ

839 3411 1261 3467 examinandum
1302 3417 1383 3460 est
1413 3415 1594 3459 utrum
1653 3403 1754 3457 sub
1796 3413 2124 3470 quocunque
2154 3409 2400 3466 respectu

842 3506 948 3559 dici
981 3503 1152 3572 pos»it
1176 3501 1338 3553 aliam
1373 3513 1492 3552 esse
1529 3495 1619 3550 Dei
1649 3494 1938 3549 essentiam
1973 3491 2039 3543 ab
2068 3489 2186 3559 ejus
2217 3503 2402 3557 opera-

841 3602 1008 3651 tione.
1051 3595 1113 3647 Et
1155 3595 1388 3662 primum
1427 3589 1640 3657 quidem
1677 3588 1742 3639 de
1789 3586 2102 3654 operatione
2142 3597 2262 3651 quae
2295 3581 2402 3634 for-

844 3706 986 3744 mam
1021 3699 1074 3742 et
1105 3685 1487 3756 perfectionem
1517 3681 1821 3750 significat:
1870 3692 1992 3729 nam
2032 3675 2142 3728 hac
2175 3683 2256 3727 est
2295 3673 2403 3740 pri-

845 3799 930 3836 ma
973 3792 1024 3835 et
1070 3779 1391 3848 principium
1424 3778 1474 3828 in
1505 3773 1691 3827 ordine
1721 3772 2116 3838 operationum,
2148 3766 2273 3835 quia
2305 3766 2407 3817 sic—

847 3890 906 3931 ut
955 3873 1381 3941 unumquodque
1437 3878 1704 3936 quatenus
1762 3873 1846 3917 est
1899 3861 2133 3931 potentia
2184 3860 2404 3927 patitur,

847 3973 920 4022 ita
953 3977 1216 4036 quatenus
1246 3972 1327 4016 est.
1375 3974 1494 4014 actu
1531 3958 1659 4026 agit,
1701 3969 1863 4009 omne
1903 3953 2045 4006 enim
2093 3966 2259 4020 agens
2301 3950 2408 4018 agit

849 4066 900 4115 in
929 4069 1190 4130 quantum
1220 4064 1301 4109 est
1327 4063 1468 4108 actu.
1503 4052 1698 4120 Itaque,
1755 4059 1812 4101 ut
1863 4061 2057 4101 earena
2087 4053 2169 4098 est
2203 4043 2406 4112 princi-

848 4158 992 4223 pium
1026 4150 1199 4209 navis,
1233 4158 1285 4199 et
1341 4161 1432 4198 cor
1484 4146 1698 4206 vitaz,ot
1742 4140 2150 4194 fundamentum
2191 4139 2404 4201 donius,

846 4244 923 4295 sic
949 4243 1012 4295 de
1044 4237 1360 4307 operatione
1409 4233 1727 4288 disserendo
1765 4247 1793 4284 a
1844 4228 2062 4300 praefata
2096 4227 2406 4296 Operationc

844 4348 1024 4391 sermo
1055 4329 1318 4384 inenndns
1363 4337 1464 4381 cst.

920 4426 973 4478 Si
1005 4439 1132 4491 ergo
1168 4421 1563 4474 demonstretur
1589 4430 1690 4469 non
1723 4429 1843 4469 esse
1871 4414 1922 4466 in
1955 4412 2061 4465 Deo
2113 4411 2404 4482 potentiam

843 4517 1139 4587 passivam,
1188 4528 1363 4579 neque
1393 4510 1668 4563 materiam
1705 4507 1756 4560 in
1787 4523 1892 4575 qua
1924 4507 1993 4559 sit
2023 4505 2134 4558 haec
2164 4503 2407 4572 operatio

844 4623 900 4664 ιιι
932 4612 1100 4662 forma
1134 4609 1183 4659 iu
1214 4606 1454 4667 materia,
1489 4601 1581 4655 sed
1623 4615 1744 4654 eum
1763 4614 1880 4653 esse
1900 4598 2124 4651 fortnam
2155 4595 2209 4646 in
2233 4596 2403 4662 seipsa

844 4705 1255 4760 subsistentem,
1294 4697 1404 4748 imo
1440 4697 1615 4762 ipsum
1643 4706 1762 4744 esse
1798 4691 1935 4741 idem
1969 4703 2030 4738 ac
2062 4700 2224 4739 suum-
2260 4699 2404 4746 esse,

843 4795 1068 4847 munitio
1102 4805 1320 4844 necesse
1351 4796 1435 4842 est
1466 4785 1708 4839 conﬁteri
1742 4781 2110 4850 operationem
2150 4778 2238 4831 Dei
2289 4791 2409 4829 esse

845 4890 1018 4956 ipsius
1043 4885 1334 4940 essentiam
1364 4899 1375 4935 :
1413 4879 1557 4948 quod
1594 4891 1782 4930 omnes
1820 4875 2053 4942 perfecte
2080 4871 2410 4938 concipiunt.

847 4983 950 5033 bed
979 4978 1120 5032 aliud
1155 4986 1238 5029 est
1265 4973 1551 5027 ostendere
1587 4985 1691 5024 non
1728 4983 1845 5021 esse
1875 4967 1926 5018 in
1968 4965 2077 5018 Deo
2117 4963 2410 5030 potentiam

845 5077 1139 5140 passivam,
1190 5079 1242 5122 et
1284 5067 1428 5120 aliud
1481 5079 1586 5116 non
1637 5077 1756 5116 esse
1804 5060 2116 5113 materiam:
2146 5057 2411 5124 siquidem

844 5166 1023 5216 multis
1070 5161 1291 5214 materia
1325 5168 1405 5212 est
1439 5156 1674 5225 potentia
1713 5154 1943 5221 passiva,
1973 5153 2110 5202 haud
2139 5163 2265 5202 vero
2294 5163 2412 5200 om-

848 5261 930 5310 nis
965 5256 1201 5326 potentia
1255 5252 1462 5320 passiva
1497 5258 1579 5302 est
1624 5248 1884 5307 materia;
1935 5259 2058 5296 nam
2095 5242 2418 5293 immateria-

849 5337 917 5402 |ia
955 5348 1233 5401 materiam
1261 5345 1476 5412 quidem
1514 5356 1618 5394 non
1655 5339 1872 5397 habent,
1897 5328 2095 5388 habent
2126 5345 2300 5385 tamen
2321 5331 2410 5384 nli-

846 5459 1008 5510 quam
1037 5442 1307 5508 passivam
1338 5434 1626 5504 potentia-ti
1664 5431 1727 5484 ad
1761 5428 2124 5496 recipiendum
2176 5440 2316 5489 esse,
2368 5425 2418 5476 in

848 5544 1111 5603 quantum
1138 5540 1221 5583 est
1254 5542 1439 5582 eurum
1479 5540 1606 5588 esse,
1636 5523 1726 5576 sed
1759 5538 1814 5574 se
1848 5522 2061 5582 habent,
2089 5521 2150 5569 ad
2186 5521 2284 5570 hoc
2309 5519 2413 5570 sic-

851 5641 908 5680 ut
959 5626 1134 5679 lneida
1181 5622 1245 5675 ad
1285 5622 1478 5674 lucem.
1518 5617 1641 5671 Ideo
1686 5619 1748 5670 de
1804 5627 2029 5683 utroque
2071 5613 2284 5665 illorum
2319 5611 2412 5665 de-

925 5745 1000 5810 (Ξ)
1028 5743 1246 5794 Vidi-tur
1269 5741 1418 5793 locus
1450 5747 1760 5802 corruptus.

2493 587 2588 639 νῦν
2617 587 2684 640 δι’
2717 589 3002 658 ἀκριϐείας
3031 591 3129 661 τὴν
3156 591 3421 657 διαίρεσιν
3461 592 3741 661 ποιοῦμαι.
3783 593 3896 648 ἀλλ’
3927 597 4050 646 ὅσον

2491 678 2646 748 τύπῳ
2671 680 2986 748 περιλαϐεῖν
3015 684 3142 750 περὶ
3186 675 3262 734 ὢν
3296 685 3470 735 είπείν
3513 685 3844 752 προεθέμην.
3881 685 3988 737 Καὶ
4014 687 4046 753 ἡ

2491 771 2844 840 ἀντικειμένη
2876 770 2931 823 δὲ
2956 773 3130 834 ταύτη
3157 771 3388 841 δύναμις
3411 773 3720 843 θεωρητικὴ
3758 775 4046 837 καλείσθω,

2489 855 2601 914 οἷον
2639 861 2700 912 τὸ
2731 861 2973 930 θεωρεῖν,
2997 867 3093 914 καὶ
3125 863 3184 916 τὸ
3208 863 3516 932 βούλεσθαι,
3547 867 3639 917 καὶ
3671 865 4046 919 αἰσθάνεσθαι.

2503 951 2638 1003 Ἀπὸ
2685 951 2783 1019 μὲν
2822 951 2928 1020 γὰρ
2958 950 3049 1003 τοῦ
3087 953 3314 1020 θεωρεῖν
3359 953 3419 1006 οὑ
3459 955 3812 1022 προσγίνεται
3853 973 3906 1008 τι
3939 959 4047 1008 τῶν

2490 1041 2834 1108 νοουμένων·
2889 1043 2947 1094 τὸ
3001 1042 3057 1094 δὲ
3116 1043 3376 1111 θεωροῦν,
3411 1047 3507 1098 ἆτε
3559 1047 3761 1113 μᾶλλον
3789 1048 4046 1116 ἀληθείας

2491 1135 2958 1201 ἀντιποιούμενον,
3001 1137 3274 1204 τελειότης
3314 1138 3508 1188 ἐαυτοῦ
3537 1137 3765 1205 γίνεται,
3813 1142 3898 1208 ἐφ’
3925 1142 4046 1192 ὅσον

2493 1228 2650 1279 παντὶ
2681 1226 2754 1295 νῷ
2780 1228 2930 1288 τέλος
2970 1228 3346 1296 ἀντικείμενον
3389 1231 3422 1296 ἡ
3455 1230 3713 1298 ἀλήθειαο
3758 1231 3868 1283 ἀπὸ
3907 1231 3949 1283 δ’
3978 1231 4045 1283 αὑ

2491 1321 2583 1372 τοῦ
2617 1319 2898 1385 βούλεσθαι
2926 1320 3035 1372 τῶν
3070 1321 3169 1385 μὲν
3201 1321 3476 1391 βουλητῶν
3508 1323 3567 1375 οὑ
3603 1324 3938 1392 περιγίνεταί
3969 1340 4047 1389 τι,

2488 1413 2565 1481 τῷ
2593 1414 2649 1465 δὲ
2673 1412 2982 1484 βουλομένῳ
3014 1413 3089 1482 (2)
3114 1415 3174 1466 τὸ
3198 1413 3550 1483 ἀγαθώτατον
3575 1415 3741 1467 αὑτοῦ
3772 1416 3829 1468 τὸ
3857 1416 4048 1468 ἑαυτὸν

2489 1502 2761 1568 γίνεσθαι.

2559 1594 2631 1644 Τὸ
2665 1593 2721 1645 δὲ
2751 1589 2817 1647 αὖ
2846 1594 3033 1664 ἕτερον
3065 1595 3164 1664 τῆς
3196 1595 3491 1667 δραστικῆς
3527 1598 3803 1664 ἐνεργείας
3864 1599 4049 1666 μόριον

2490 1685 2830 1739 τελειωῖικόν
2863 1688 2976 1738 ἐστί
3030 1705 3171 1749 τινος
3202 1688 3398 1753 ἔξωθεν
3421 1691 3891 1756 ἀποτελέσματος·
3923 1692 4053 1742 ἀνα-

2493 1779 2650 1847 φέρει
2685 1779 2791 1847 γάρ
2821 1779 3000 1832 τιτῶν
3036 1779 3233 1844 ἔξωθεν
3258 1782 3717 1844 ἀποτελέσματος.
3764 1782 4051 1850 Ἀναφὲρει

2494 1871 2601 1936 γάρ
2635 1886 2687 1920 τι
2721 1871 2827 1921 τῶν
2857 1869 3082 1940 δυνάμει
3109 1873 3189 1933 είς
3216 1872 3276 1923 τὸ
3306 1872 3577 1940 ἐνεργείᾳ.
3619 1871 3834 1940 Ταύτης
3859 1873 3913 1924 δέ
3952 1873 4048 1935 τῆς

2492 1959 2772 2028 δυνάμεως
2823 1964 2918 2014 καὶ
2969 1964 3244 2031 ἐνεργείας
3289 1965 3320 2031 ἡ
3381 1964 3477 2030 μὲν
3536 1962 3650 2015 ἐστι
3694 1963 3875 2030 φύσει,
3919 1966 3951 2031 ή
3992 1963 4050 2014 δὲ

2490 2054 2726 2122 θελήσει.
2764 2055 2879 2106 Πᾶν
2919 2055 3027 2122 γὰρ
3053 2055 3109 2121 τὸ
3140 2055 3322 2107 ποιοῦν
3361 2057 3505 2107 ποιεῖ
3537 2056 3695 2124 φύσει
3738 2055 3768 2123 ἦ
3810 2055 4047 2121 θελήσει.

2491 2145 2744 2213 Διαφέρει
2773 2144 2851 2206 δὲ,
2887 2144 3032 2214 ὁτιή
3082 2147 3180 2213 μὲν
3227 2146 3387 2214 φύσις
3430 2146 3495 2198 ἂν
3542 2146 3676 2214 πρὸς
3720 2146 3777 2197 ἒν
3828 2145 3960 2214 ἔχει,
3991 2147 4052 2197 es

2493 2237 2598 2304 γάρ
2629 2235 2738 2304 πῦρ
2769 2235 2878 2304 πῦρ
2894 2237 2975 2287 ἀεὶ
3005 2237 3187 2305 γεννᾷ,
3211 2237 3301 2287 καὶ
3325 2237 3352 2286 ὁ
3381 2237 3664 2304 ἄνθρωπος
3685 2233 3985 2303 ἄνθρωπον·
4017 2235 4050 2300 ἡ

2487 2327 2541 2379 δὲ
2569 2328 2787 2398 θέλησις
2819 2327 2954 2396 πρὸς
2988 2328 3284 2397 ὁποτέραν·
3320 2321 3430 2379 οἷον
3459 2329 3602 2378 ποιεί
3631 2329 3827 2389 οἰκίαν,
3861 2326 3891 2395 ἢ
3933 2327 4004 2394 μή
4033 2339 4050 2354 ο

2489 2423 2581 2472 καὶ
2611 2420 2839 2483 τιιάνδε,
2871 2421 2904 2488 ἢ
2936 2420 3166 2483 τοιάνδε,
3204 2423 3251 2471 εί
3311 2421 3385 2488 μὴ
3435 2415 3675 2469 τοιοῦτον
3720 2419 3804 2484 εἴη
3851 2419 3911 2466 τὸ
3962 2418 4052 2488 θε-

2488 2511 2667 2580 λητδν,
2721 2511 2779 2562 οὗ
2835 2485 2964 2563 ἀναν
2997 2511 3178 2578 τυχεῖν
3214 2485 3323 2560 τοῦ-
3365 2485 3552 2570 τέλους
3611 2508 3686 2577 μὴ
3733 2485 4012 2573 δυνάμεθα
4038 2522 4049 2532 ·

2490 2601 2644 2652 τοῦτο
2676 2602 2782 2672 γὰρ
2815 2603 2901 2654 ἀεὶ
2935 2603 3009 2673 μὴ
3061 2603 3234 2654 θέλειν
3282 2603 3341 2653 οὑ
3392 2601 3654 2653 δύναται·
3691 2600 3878 2667 ὥσπερ
3911 2599 4052 2650 θέλω

2494 2697 2555 2748 τὺ
2587 2697 2774 2761 σιτίον,
2811 2690 2872 2749 οὑ
2909 2697 3037 2749 ἀνευ
3068 2699 3168 2765 ζῇν
3200 2697 3257 2747 οὑ
3289 2695 3543 2762 δύναμαι.
3592 2692 3704 2762 Τῆς
3734 2695 3797 2760 τῇ
3832 2692 4051 2759 θελήσει

2497 2786 2862 2854 ὑποκειμένης
2897 2787 3173 2855 δυνάμεως
3222 2789 3316 2838 καὶ
3367 2787 3646 2853 ἐνεργείας
3681 2787 3713 2852 ὴ
3745 2785 3841 2853 μὲν
3871 2787 3931 2835 ἐκ
3961 2782 4054 2834 τοῦ

2499 2877 2762 2944 μηδαμῶς
2805 2877 3030 2946 μηδαμῆ
3061 2878 3204 2928 ποιεῖ
3233 2877 3357 2946 τι,ἥ
3390 2877 3485 2928 καὶ
3502 2875 3864 2944 δημιουργικὴ
3896 2875 4056 2927 δύνα-

2499 2983 2588 3032 μις
2622 2968 2711 3017 καὶ
2737 2966 2984 3032 ἐνέργεια
3017 2967 3256 3018 καλεῖται
3281 2983 3293 2994 ·
3331 2965 3438 3034 ἡδὲ
3458 2965 3514 3030 ἐξ
3535 2968 3886 3031 ὑποκειμένου
3913 2966 4057 3025 τινος

2501 3058 2662 3115 ποιεῖ,
2703 3055 2737 3122 ἢ
2769 3056 2861 3105 καὶ
2904 3054 3156 3118 ποιητικὴ
3191 3053 3417 3121 δύναμις
3453 3054 3546 3104 καὶ
3572 3054 3822 3122 ἐνέργεια
3851 3053 4043 3112 ἁπλῶς

2504 3145 2791 3196 καλείσθω.
2817 3141 3128 3211 Ἐνέργειαν
3154 3143 3208 3193 δὲ
3227 3141 3405 3208 λέγειν
3427 3143 3484 3194 τὸ
3504 3143 3606 3195 άπὸ
3633 3143 3728 3210 τῆς
3755 3142 4055 3210 ἐνεργείας,

2503 3233 2690 3303 ὥσπερ
2729 3235 2821 3287 καὶ
2843 3237 3036 3303 τέχνην
3073 3234 3133 3286 τὸ
3162 3234 3267 3286 ἀπὸ
3308 3235 3404 3302 τῆς
3449 3233 3661 3302 τέχνης,
3726 3237 3910 3286 ἐατέον
3935 3235 4052 3286 νῦν.

2579 3325 2936 3394 Ἰόσαυταχῶς
2991 3326 3055 3392 δὴ
3107 3323 3198 3376 οὖν
3249 3325 3346 3392 τῆς
3407 3325 3682 3393 ἐνεργείας
3735 3326 4054 3394 λεγομένης,

2506 3415 2805 3485 θεωρητέον
2835 3416 2882 3466 εί
2927 3415 3020 3466 καὶ
3058 3413 3175 3465 καθ’
3203 3413 3378 3466 ὁτιοῦν
3410 3414 3632 3467 δυνατὸν
3667 3416 3843 3480 λέγειν
3868 3416 4054 3482 ἕτερον

2507 3506 2642 3560 εἶναι
2681 3508 2777 3576 τὴν
2807 3508 2992 3558 οὐσίαν
3021 3505 3112 3558 τοῦ
3141 3504 3276 3558 Θεοῦ
3307 3507 3404 3574 τῆς
3438 3507 3713 3572 ἐνεργείας
3738 3509 3918 3560 αὑτοῦ.
3949 3509 4059 3560 Καὶ

2507 3601 2723 3668 πρῶτον
2756 3607 2882 3667 περὶ
2936 3598 3028 3667 τῆς
3074 3599 3374 3666 ἐνεργείας.
3420 3599 3516 3668 τῆς
3548 3600 3606 3649 τὸ
3660 3594 3794 3660 εἶδος
3832 3601 3923 3650 καὶ

2506 3693 2836 3760 ἐντελέχειαν
2882 3690 3163 3759 δηλούσης.
3211 3691 3320 3740 Καὶ
3374 3690 3480 3757 γὰρ
3531 3689 3668 3757 αὕτη
3720 3691 3909 3756 πρώτη
3964 3694 4060 3740 καὶ

2508 3786 2648 3853 ἀρχὴ
2680 3787 2736 3836 ἐν
2781 3783 2857 3850 τῷ
2885 3783 2993 3834 τῶν
3022 3783 3316 3851 ἐνεργειῶν
3354 3783 3517 3847 γένει.
3559 3782 3900 3850 Ὥσπερογάρ
3933 3783 4065 3834 ἕκα-

2511 3894 2632 3939 σῖος
2663 3877 2738 3938 τῷ
2775 3875 3002 3942 δυνάμει
3032 3871 3171 3926 εἶναι
3215 3876 3432 3940 πάσχει,
3474 3875 3615 3927 οῦτω
3661 3877 3750 3926 καὶ
3796 3874 3870 3944 τῷ
3904 3880 4059 3942 ἐκερ-

2507 3969 2629 4037 γείᾳ
2680 3965 2817 4020 εἶναι
2868 3967 2986 4034 δρᾷ.
3033 3967 3144 4018 Πᾶν
3202 3966 3312 4031 γὰρ
3357 3965 3415 4016 τὸ
3466 3964 3724 4031 ἐνεργοῦν
3782 3961 4060 4037 ἑνεργείᾗ

2508 4060 2752 4127 ἐνέργειά
2778 4059 2916 4109 ἐστι.
2946 4055 3036 4107 Διὸ
3067 4054 3158 4107 καὶ
3187 4055 3435 4121 καθάπερ
3463 4055 3650 4123 τρόπις
3680 4055 3823 4124 ἀρχὴ
3853 4056 4060 4120 πλοίου,

2509 4154 2599 4203 καὶ
2636 4151 2772 4213 (dion
2807 4149 3024 4217 καρδία,
3059 4147 3152 4198 καὶ
3182 4147 3331 4198 οἴκου
3374 4146 3617 4215 θεμέλιος
3643 4164 3656 4178 ·
3681 4149 3821 4200 οῦτω
3846 4151 3939 4200 καὶ
3970 4149 4062 4198 τοῦ

2509 4245 2631 4311 περὶ
2650 4241 2928 4310 ἐνεργείας
2949 4240 3259 4307 ζητήματος
3283 4240 3310 4289 ό
3341 4239 3468 4307 περὶ
3497 4237 3596 4306 τῆς
3629 4240 3906 4306 ἐνεργείας
3933 4239 4062 4290 ταύ-

2508 4352 2602 4403 της
2629 4335 2780 4399 λόγος
2809 4334 2970 4402 ἀρχή·

2583 4425 2679 4476 “Av
2705 4424 2882 4476 τοίνυν
2915 4424 3097 4491 δειχθῇ
3138 4422 3212 4491 μὴ
3268 4419 3406 4476 εἶναι
3452 4422 3682 4490 δύναμίν
3716 4439 3832 4473 τινα
3883 4425 3939 4474 ἐν

2509 4513 2625 4582 Θεῷ
2675 4511 3002 4581 παθητικὴν,
3060 4517 3192 4579 μήτε
3235 4511 3386 4579 ὓλην,
3428 4513 3484 4562 ἐν
3598 4512 3680 4578 εἴη
3735 4515 3797 4562 Ξν
3845 4513 3979 4579 αῦτη
4031 4518 4062 4581 ἡ

2513 4606 2779 4674 ἐνέρ-,εια,
2829 4605 2901 4664 ὡς
2974 4600 3109 4664 εἶδος
3163 4604 3220 4653 ἐν
3271 4603 3391 4673 ὅλῃ,
3429 4601 3542 4656 ἀλλ’
3586 4598 3724 4655 εἶναι
3777 4599 3912 4664 εἶδος
3943 4605 4068 4655 κατ’

2511 4697 2640 4749 αὑτὸ
2683 4695 2949 4762 ὑφεστὼς,
3000 4696 3080 4746 ἔτι
3131 4712 3190 4746 τε
3246 4696 3512 4763 ὑπάρχειν
3545 4697 3604 4746 τὺ
3655 4697 3832 4766 [αὐτὸ]
3887 4693 4065 4748 εἶναι·

2508 4790 2720 4855 ἀνάγκη
2780 4789 2925 4839 πᾶσα
2979 4788 3260 4854 ὁμολογεῖν
3312 4789 3408 4852 τὴν
3467 4787 3746 4854 ἐνέργειαν
3787 4787 3876 4837 τοῦ
3927 4787 4064 4838 Θεοῦ

2509 4878 2650 4933 εἶναι
2713 4881 2812 4948 τὴν
2871 4881 3057 4932 οὐσίαν
3117 4880 3299 4932 αὑτοῦ.
3371 4881 3554 4946 ὐπερ
3607 4882 3867 4946 ἀμηγέπη
3925 4883 4068 4930 τισὶν

2511 4973 2629 5024 οἵαν
2673 4973 2745 5040 (3)
2782 4975 3058 5040 χωρείται.
3110 4971 3361 5038 Διαφέρει
3387 4970 3441 5020 δὲ
3487 4969 3759 5020 δεικνύναι
3807 4969 3878 5036 μὴ
3927 4965 4066 5019 εἶναι

2515 5063 2740 5131 δύναμιν
2779 5065 2835 5113 ἐν
2864 5061 2938 5129 τῷ
2969 5061 3086 5128 Θεῷ
3122 5061 3450 5130 παθητικὴν,
3499 5062 3591 5112 καὶ
3625 5061 3697 5128 μὴ
3739 5058 3878 5110 εἶναι
3914 5060 4068 5127 ὕλην.

2518 5157 2636 5206 "Ott
2679 5157 2822 5205 πᾶσα
2879 5155 2977 5220 μὲν
3039 5151 3159 5221 ὖλη,
3214 5154 3303 5203 καὶ
3357 5152 3582 5219 δύναμις
3641 5152 3950 5218 παθητική·
4009 5152 4068 5202 ο)

2519 5247 2661 5295 πᾶσα
2692 5245 2746 5295 δὲ
2793 5242 3063 5312 παθητικὴ
3090 5243 3318 5310 δύναμις
3365 5246 3454 5292 καὶ
3487 5241 3610 5306 ῦλη.
3663 5241 3743 5293 Τὰ
3781 5241 3884 5308 γὰρ
3927 5239 4071 5290 άῦλι

2522 5336 2653 5404 ῦλην
2691 5339 2785 5404 μὲν
2813 5337 2910 5386 οὑκ
2939 5336 3070 5403 ἔχει,
3110 5335 3341 5402 δύναμιν
3370 5335 3426 5385 δέ
3461 5351 3580 5384 τινα
3627 5333 3930 5399 παθητικὴν
3957 5331 4071 5397 ἔχει

2520 5429 2770 5498 δεκτικὴν
2805 5429 2897 5479 τοῦ
2953 5425 3108 5488 εἶλαι,
3149 5428 3232 5494 ἐφ’
3263 5429 3383 5478 ὅσον
3419 5428 3533 5478 ἐστὶ
3564 5426 3624 5478 τὸ
3677 5424 3854 5476 αὑτῶν
3909 5417 4071 5474 εἶναι.

2533 5520 2670 5570 Ἀλλ’
2711 5522 2821 5586 ἔχει
2866 5522 2996 5589 πρὶς
3029 5519 3177 5582 αὐτὸ,
3216 5519 3290 5579 ὡς
3319 5523 3384 5570 τὰ
3412 5520 3645 5587 διαςανῇ
3683 5520 3814 5587 πρδς
3844 5520 3902 5570 τὸ
3934 5519 4072 5586 ιεὼς.

2521 5615 2608 5664 Διὶ.
2645 5615 2735 5665 καὶ
2785 5616 2908 5682 περὶ
2961 5613 3190 5663 ἑκάστου
3240 5612 3414 5662 αὐτῶν
3449 5612 3552 5662 ἴδια
3607 5610 3898 5678 ζητττέον·
3969 5615 4072 5663 αττ).

922 5797 998 5882 (5)
1040 5813 1257 5868 Videtur
1293 5814 1442 5866 locus
1473 5797 1776 5876 corruptus.
1812 5804 1884 5857 E\
1923 5803 2162 5871 vestigiis
2219 5801 2520 5871 deplavatw
2557 5801 2692 5854 lecti:

1774 5850 1776 5856 .
1812 5804 1884 5857 E\
1923 5803 2162 5871 veni-aiis
2219 5801 2520 5871 depiavatm
2557 5800 2801 5854 lecti-mis
2829 5799 2962 5867 ιυδο,
2996 5798 3133 5850 τ;ς’;ν
3162 5797 3546 5862 σ.·;χ‹,›ς.εῖτχε.
