4450 6440
392 404 525 472 1213

1308 412 1402 473 DE
1442 410 1813 475 ESSENTIA
1856 413 1953 474 ET
1993 409 2500 473 OPERATIONF.
2536 414 2677 472 DEI,

3466 411 3601 477 1'2”

390 522 586 587 δ”μενα
618 520 746 592 περὶ
770 515 935 576 αἰετοῦ
968 522 1032 591 τῇ
1073 519 1195 593 θείᾳ
1214 523 1429 594 Γραφῇ.
1462 524 1694 594 Λέγεται
1722 526 1828 596 γάρ
1876 529 1934 580 ιν
1959 522 2010 584 Α
2036 540 2147 581 seet

1876 529 1934 580 ιν
1959 522 2010 584 Α
2036 530 2331 582 secundum
2366 530 2415 583 id
2448 529 2589 599 quod
2644 530 2689 579 ei
2752 525 3000 582 attribuit
3066 525 3343 595 Scriptura
3402 542 3554 584 sacra
3585 550 3602 599 ;

385 609 462 678 τῷ
490 611 640 678 τόμῳ
672 610 874 681 πρώτῳ
899 611 993 664 τοῦ
1035 612 1192 667 Ὶὼσο
1226 630 1245 666 t
1287 614 1349 667 Εί
1393 613 1538 684 ἔχεις
1576 614 1835 685 βραχίονα
1866 616 1941 679 ὡς

386 701 415 753 ὁ
438 703 611 764 Sed“
648 718 669 756 ι
700 701 795 754 καὶ
820 704 879 755 ὲν
921 706 1035 765 τοῖς
1061 705 1310 774 Ψαλμοῖς
1346 722 1359 737 ο
1428 722 1448 757 ι
1485 706 1785 775 Ὀφθαλμοὶ
1829 706 1943 760 Κυ-

390 792 508 861 ρίου
554 794 648 845 ἰπὶ
704 792 964 856 δικαίους,
999 794 1092 848 καὶ
1139 789 1254 849 ὦτα
1297 794 1460 848 αὑτοῦ
1517 798 1594 856 είς
1638 795 1823 863 δέησιν
1847 796 1941 847 αὺ-

387 882 518 936 τῶν.
556 900 572 932 ι
607 884 795 937 Ἔστιν
829 884 934 952 ἄρα
962 885 1141 954 σῶμα.
1169 888 1262 939 καὶ
1292 888 1432 941 κατὰ
1482 888 1542 938 τὸ
1595 889 1742 949 εἰκός
1794 890 1940 942 ἐστιν

388 975 446 1024 ἐν
498 973 640 1045 ὕλῃ·
717 976 839 1026 ἐπεὶ
888 973 1040 1027 οὒδὲν
1088 976 1243 1043 σῶμα
1301 977 1528 1045 φυσικὸν
1596 978 1725 1030 ἄνευ
1788 977 1936 1046 ὕλης.

389 1066 579 1131 Λέγειν
617 1066 725 1134 γάρ
755 1067 915 1119 αὐτὸν
943 1062 1082 1121 εἶναι
1133 1069 1292 1138 σῶμα
1345 1068 1727 1137 μαθηματικὸν
1766 1069 1937 1137 πάντη

386 1155 648 1221 ἀνόητονο
677 1156 834 1209 τοῦτο
866 1159 970 1226 γὰρ
1000 1158 1098 1210 οὐκ
1151 1157 1267 1211 ἔστι
1316 1157 1441 1211 καθ’
1487 1158 1616 1210 αὐτὸ
1674 1159 1937 1228 ὑφεστὼς,

384 1246 498 1298 ἀλλ’
540 1251 595 1299 ἐν
630 1250 695 1317 τῇ
725 1250 935 1320 διανοίᾳ
971 1252 1167 1318 μόνως.

455 1335 517 1391 δ’.
548 1337 668 1391 Ἔτι
694 1338 762 1391 τά
796 1339 891 1392 τοῦ
911 1340 1121 1392 κεῖσθαι
1140 1340 1254 1409 είδη
1280 1341 1341 1393 οὐ
1366 1342 1631 1411 προσήκει
1654 1344 1705 1397 εί
1730 1341 1803 1412 μὴ
1831 1344 1940 1406 τοῖς

392 1430 636 1499 σώμασιν
669 1447 683 1462 ·
712 1434 742 1484 ὁ
766 1430 825 1483 δὲ
851 1431 983 1493 Θεὸς
1006 1431 1225 1499 λέγεται
1245 1434 1300 1485 ὲν
1331 1435 1451 1495 ταῖς
1486 1434 1656 1496 θείαις
1696 1433 1944 1506 Γραφαῖς

392 1521 621 1574 κεῖσθαι.
679 1520 911 1589 Λέγεται
957 1523 1065 1591 γὰρ
1108 1524 1166 1575 tv
1210 1524 1288 1592 τῷ
1348 1523 1441 1577 τοῦ
1476 1523 1707 1578 Ἠσαίου
1751 1523 1894 1594 ἕκτῳ
1920 1535 1939 1561 ο

394 1630 413 1661 ι
459 1607 609 1662 Εἶδον
668 1614 760 1664 τὸν
806 1611 1012 1682 Κύριον
1057 1614 1386 1685 καθήμενον.
1425 1634 1445 1667 ι
1499 1617 1607 1669 Καὶ
1659 1614 1893 1685 ἀλλοιχοῦ
1924 1629 1940 1646 ⁸

396 1718 413 1749 ι
451 1700 621 1768 Ἐστη
652 1699 735 1764 είς
768 1700 953 1769 κρίσιν
998 1701 1222 1771 Κύριος.
1260 1719 1279 1754 ι
1310 1705 1496 1756 Ἔστιν
1553 1704 1663 1773 ἄρα
1722 1704 1753 1758 ὁ
1812 1702 1943 1767 Θεὸς

388 1791 566 1860 σῶμα,
600 1793 697 1845 καί
728 1792 801 1846 τὰ
824 1794 1031 1847 λοιπά.

456 1884 518 1936 ε’.
566 1883 686 1935 Ἐτι
711 1883 865 1937 οὐδὲν
887 1884 1111 1939 δύναται
1137 1881 1276 1939 εῖναι
1316 1884 1489 1955 πέρας
1522 1882 1796 1956 σώματος,
1842 1884 1937 1956 ἀφ’

383 1967 463 2036 οὗ,
494 1973 526 2043 ἢ
563 1976 640 2037 είς
669 1974 716 2039 δ,
735 1974 785 2027 εί
818 1978 892 2045 μὴ
913 1977 995 2044 εἴη
1023 1976 1202 2045 σῶμα.
1231 1977 1292 2033 '0
1313 1973 1368 2030 δὲ
1392 1978 1525 2039 Θεὸς
1546 1975 1764 2045 λέγεται
1796 1971 1937 2033 εἶναι

384 2065 553 2132 πέρας
593 2067 925 2134 σωματικὴν,
957 2068 1097 2121 κατὰ
1128 2068 1186 2122 τὸ
1230 2070 1287 2122 ἐν
1322 2070 1433 2133 τοῖς
1486 2070 1732 2139 Ψαλμοῖς
1787 2068 1941 2136 λεγό-

386 2172 546 2220 μενον
577 2171 592 2187 ο
626 2175 644 2209 ι
685 2158 1017 2226 Προσέλθετε
1044 2160 1181 2230 πρὸς
1210 2159 1390 2224 αὐτὸν,
1422 2160 1515 2214 καὶ
1541 2158 1871 2230 φωτίσθητε.
1910 2176 1931 2214 ι

384 2248 491 2299 Καὶ
518 2247 592 2311 ὼς
621 2247 713 2315 ἀφ’
732 2242 813 2311 οὗ.
844 2248 983 2304 κατὰ
1012 2249 1182 2305 τὸτοῦ
1215 2251 1478 2320 Ἱερεμίου
1510 2252 1568 2302 ἐν
1596 2251 1675 2321 τῷ
1701 2248 1788 2314 ιζό
1820 2267 1839 2302 ι
1871 2249 1935 2306 Di

381 2340 740 2407 ἀφιστάμενοι
773 2340 879 2394 ἀπὸ
919 2340 1012 2396 σοῦ
1043 2344 1100 2394 ἐν
1127 2344 1203 2412 γῇ
1240 2345 1637 2413 γραφήσονται.
1674 2358 1696 2397 ι
1720 2341 1783 2401 ’0
1803 2342 1935 2405 Θεὸς

382 2428 488 2500 ἄρα
518 2431 698 2502 σῶμα,
737 2434 828 2488 καὶ
854 2429 988 2496 εἶδος
1009 2434 1066 2487 ἐν
1089 2432 1210 2506 ὕλῃ.

976 2614 1340 2683 Ἀπόκρισις.

486 2703 707 2779 Ρητέον,
737 2708 817 2761 ὅτι
844 2711 871 2762 ό
899 2708 1256 2775 Δύγουστῖνος
1295 2710 1354 2761 ἐν
1399 2705 1476 2777 τῷ
1506 2707 1705 2780 πρώτῳ
1770 2725 1937 2774 κεφα-

382 2799 519 2868 λαίῳ
550 2800 643 2854 τοῦ
693 2800 823 2870 περὶ
849 2800 1081 2869 Τριάδος
1110 2801 1331 2871 πρώτου
1386 2799 1595 2871 βισλίου
1624 2801 1806 2871 φησὶν,
1851 2802 1935 2855 δτι

386 2891 417 2953 ἠ
450 2892 561 2955 τοῖς
591 2891 809 2957 νηπίοις
856 2892 1170 2962 ἁρμόζουσα
1231 2892 1351 2945 Θεία
1410 2891 1598 2961 Γραφὴ
1653 2892 1937 2959 οὐδέτερον

381 2984 486 3036 τῶν
517 2985 573 3035 ὲν
605 2984 714 3045 τοῖς
737 2978 854 3035 οὖσι
879 2984 1034 3048 γένος
1088 2984 1295 3051 ῥήσεων
1336 2983 1595 3048 ἐξέκλινε,
1629 2982 1689 3037 τδ
1710 2983 1818 3035 τῶν
1836 2999 1939 3034 σω-

387 3072 630 3137 ματικῶν
660 3073 751 3125 καὶ
775 3073 1000 3140 νοητῶν,
1030 3071 1089 3136 ἐξ
1120 3067 1193 3127 ὧν
1230 3072 1304 3134 ὡς
1333 3072 1617 3141 κλιμάκων
1668 3073 1696 3123 ό
1734 3072 1935 3141 ήμέτε-

2043 619 2241 673 dicitur
2266 620 2408 675 enim
2447 621 2498 673 in
2531 618 2947 688 quadragesimo
2988 620 3161 687 primo
3190 618 3327 671 Job.
3369 638 3385 670 ι
3421 620 3475 674 Si
3507 624 3603 673 ha-

2045 712 2139 766 bes
2168 710 2447 764 brachium
2475 722 2534 764 ut
2570 711 2707 763 Deus
2731 711 2799 761 ’τ’
2835 728 2852 758 ι
2887 712 3013 761 etin
3059 711 3286 763 Psalmis
3317 727 3329 741 ·
3374 731 3392 761 ι
3448 709 3599 765 Oculi

2044 801 2251 855 Domini
2271 800 2639 870 superjnstns.
2660 811 2711 855 et
2726 815 2885 853 aures
2904 802 3019 867 ejus
3043 802 3094 855 in
3116 817 3297 868 preces
3314 816 3500 855 eorum
3519 802 3557 853 ³.
3576 822 3593 846 ι

2044 891 2135 945 Est
2176 892 2339 959 igitur
2363 907 2582 960 corpus,
2612 905 2662 946 et
2695 903 3088 957 consequenter
3113 901 3195 946 est
3239 894 3289 944 in
3329 895 3551 944 materia
3583 934 3596 955 ,

2043 982 2166 1051 quia
2227 982 2432 1035 nullum
2471 990 2553 1035 est
2601 995 2794 1047 corpus
2834 980 3112 1048 physicum
3175 982 3290 1032 sine
3327 981 3547 1032 materia
3584 998 3596 1041 ;

2041 1088 2164 1127 nam
2183 1074 2359 1127 dicere
2384 1088 2504 1126 eum
2524 1087 2643 1126 esse
2658 1086 2851 1136 corpus
2878 1070 3318 1122 mathematicum
3374 1078 3453 1121 est
3485 1083 3603 1119 om-

2040 1164 2175 1221 nino
2198 1164 2514 1229 absurdum,
2540 1165 2641 1217 hoc
2671 1162 2816 1215 enim
2842 1176 2947 1219 non
2971 1170 3051 1217 est
3078 1176 3171 1230 per
3195 1174 3251 1213 se
3274 1159 3597 1220 subsistens,

2040 1256 2137 1312 sed
2172 1256 2227 1310 in
2250 1255 2528 1309 intellectu
2559 1264 2791 1309 tantum.

2112 1347 2168 1405 ι.
2233 1348 2480 1415 Insuper,
2520 1359 2581 1400 ea
2620 1361 2741 1415 quae
2801 1343 2868 1398 ad
2922 1345 3084 1399 situm
3134 1342 3433 1413 pertinent,
3495 1356 3597 1393 nun

2044 1437 2374 1494 conveniunt
2394 1436 2494 1490 nisi
2534 1433 2878 1504 corporibus.
2907 1433 3046 1487 Deus
3080 1442 3259 1486 autem
3314 1430 3515 1483 dicitur
3547 1430 3599 1481 in

2043 1527 2239 1585 divinis
2272 1523 2572 1593 Scripturis
2623 1525 2786 1579 situm
2839 1521 3081 1588 habere;
3130 1522 3326 1576 dicitur
3352 1519 3494 1572 enim
3547 1520 3600 1570 in

2043 1627 2195 1675 Sexto
2246 1615 2435 1672 Isaiae:
2474 1633 2494 1669 ι
2552 1615 2673 1670 Vidi
2731 1615 3016 1669 Dominum
3086 1614 3360 1668 sedentem
3384 1611 3427 1673 ⁸,
3465 1628 3482 1660 ι
3547 1620 3601 1663 et

2044 1708 2172 1764 alibi
2199 1726 2212 1763 :
2240 1725 2260 1759 ι
2296 1706 2413 1761 Stat
2442 1706 2877 1776 adjmlicandum
2935 1703 3194 1759 Dominus
3227 1704 3248 1734 '
3276 1738 3296 1768 ,
3333 1720 3350 1752 ι
3376 1712 3432 1757 et
3469 1702 3599 1755 reli-

2044 1811 2173 1868 qua.
2204 1797 2343 1863 Ergo
2392 1797 2533 1849 Deus
2574 1802 2657 1850 est
2689 1809 2904 1860 corpus.

2108 1891 2163 1947 5.
2186 1889 2450 1957 Denique,
2481 1888 2618 1942 nihil
2649 1896 2822 1954 potest
2850 1901 2969 1942 esse
2999 1887 3262 1940 terminus
3299 1884 3599 1954 corporalis

2034 1994 2067 2035 a
2112 1993 2223 2047 quo
2254 1977 2339 2033 vel
2384 1976 2451 2033 ad
2485 1991 2670 2047 quem,
2716 1978 2819 2032 nisi
2864 1977 2935 2032 sit
2991 1990 3208 2045 corpus.
3245 1974 3383 2028 Deus
3419 1983 3596 2027 autent

2034 2071 2233 2128 dicitur
2275 2083 2395 2125 esse
2435 2070 2700 2125 terminus
2748 2068 3070 2135 corporalis,
3100 2068 3397 2120 secundum
3450 2065 3594 2131 quod

2032 2162 2234 2217 dicitur
2262 2161 2315 2216 in
2362 2158 2630 2214 Psalmis:
2669 2176 2690 2211 ι
2721 2157 2973 2212 Accedite
3001 2157 3066 2211 ad
3108 2171 3253 2218 eum,
3286 2165 3341 2208 et
3393 2154 3595 2206 illumi-

2033 2254 2235 2311 namini
2261 2268 2279 2319 ;
2307 2271 2328 2307 ι
2360 2262 2413 2307 et
2456 2259 2515 2308 ιιι
2564 2250 2828 2309 terminus
2870 2263 2901 2305 a
2943 2232 3071 2316 quo,
3122 2245 3418 2301 secundum
3467 2244 3596 2296 illud

2031 2342 2280 2406 Jeremiar
2311 2342 2364 2397 in
2391 2342 2567 2413 capite
2605 2342 2824 2396 decimo
2871 2339 3101 2406 septimo
3132 2355 3148 2392 :
3195 2352 3220 2393 ι
3260 2335 3596 2391 Ecce-dentes

2032 2449 2065 2490 a
2098 2442 2169 2499 te,
2201 2434 2255 2488 in
2284 2440 2424 2486 terra
2451 2429 2778 2485 scribentur.
2813 2446 2834 2480 ι
2864 2427 3006 2496 Ergo
3062 2425 3202 2479 Deus
3230 2430 3315 2478 est
3361 2435 3582 2489 corpus,

2033 2534 2088 2583 et
2119 2524 2293 2580 forma
2322 2521 2379 2580 in
2406 2521 2655 2579 materia.

2658 2606 2964 2679 Responsio.

2111 2703 2404 2763 Dicendum
2455 2707 2540 2760 est
2587 2700 2732 2770 quod
2782 2694 3119 2767 Augustinus
3176 2693 3232 2749 in
3276 2690 3451 2762 primo
3501 2708 3592 2747 ca—

2032 2798 2145 2868 pite
2191 2794 2352 2865 primi
2397 2790 2524 2848 libri
2575 2789 2653 2845 De
2685 2787 2943 2845 Triuitale
2969 2786 3140 2844 dicit:
3192 2799 3217 2837 ι
3254 2786 3325 2839 Se
3370 2783 3592 2837 infanti-

2032 2889 2138 2944 bus
2167 2883 2582 2941 accommodans
2611 2881 2796 2934 divina
2824 2876 3125 2946 Scriptura,
3165 2874 3374 2929 nullum
3423 2890 3593 2944 genus

2035 2979 2325 3035 verborum
2378 2973 2446 3027 ad
2507 2979 2785 3027 creaturas
2847 2966 3231 3037 pertinentium
3275 2964 3589 3024 declinavit.

2036 3070 2149 3125 sive
2170 3063 2557 3135 corporalium,
2580 3063 2693 3119 sive
2731 3058 3123 3129 spiritualium,
3146 3070 3178 3111 e
3207 3056 3405 3124 quibus
3440 3056 3582 3106 velut

385 3180 471 3229 ρ.;
498 3164 621 3228 νοῦς
667 3163 804 3231 πρὸς
828 3163 895 3216 τά
929 3164 1047 3216 θεῖα
1077 3165 1169 3215 καὶ
1201 3164 1528 3232 ὑψηλότερα
1573 3165 1933 3233 ἐρειδόμενος,
1958 3164 2004 3226 C
2037 3176 2068 3215 e
2094 3175 2142 3228 gl

1827 3180 1933 3227 νος,
1958 3164 2004 3226 C
2037 3176 2068 3215 e
2094 3156 2350 3228 gradibus
2377 3162 2559 3210 nostra
2587 3165 2739 3206 mens
2769 3150 2835 3204 ad
2859 3150 3039 3203 divina
3072 3155 3126 3202 et
3158 3147 3349 3201 altiora
3372 3145 3584 3198 enitens

381 3254 638 3324 ἀναϐαίη.
674 3254 784 3308 Καὶ
813 3255 923 3322 γάρ
954 3252 1048 3305 καὶ
1077 3255 1319 3321 ῥήμασιν
1348 3254 1411 3306 ἐκ
1460 3253 1569 3305 τῶν
1610 3254 1934 3322 σωματικῶν

382 3345 723 3412 πραγμάτων
754 3344 1005 3413 ληφθεῖσι
1038 3346 1406 3412 συνεχρήσατο
1459 3346 1586 3411 περὶ
1641 3343 1775 3396 Θεοῦ
1823 3344 1936 3396 δια-

382 3438 645 3508 λεγομένη
680 3454 695 3469 ο
715 3436 900 3505 ὥσπερ
923 3437 1105 3503 φησιν,
1137 3454 1155 3486 ι
1199 3436 1288 3488 Ἐν
1317 3436 1489 3504 σκέπῃ
1513 3434 1620 3487 τῶν
1653 3432 1934 3502 πτερύγιον

383 3546 476 3581 σου
511 3528 800 3589 σκεπάσεις
835 3542 921 3593 με,
963 3544 980 3575 ι
1041 3527 1130 3576 καὶ
1166 3525 1262 3591 τῆς
1296 3524 1491 3590 νοητῆς
1522 3522 1749 3585 κτίσεως
1778 3523 1926 3574 πλεῖ-

384 3639 481 3672 στα
518 3618 850 3687 μετήνεγκεν
881 3610 961 3676 οἷς
990 3615 1056 3667 ἂν
1082 3615 1341 3681 δηλώσειε
1376 3616 1434 3666 τὸ
1468 3614 1541 3682 μὴ
1564 3612 1733 3670 οὕτως
1766 3613 1929 3681 ἔχειν,

380 3711 491 3762 ἀλλ’
521 3709 662 3761 οὕτω
702 3706 955 3776 λεχθῆναι
984 3705 1244 3772 ὀφείλειν,
1270 3706 1346 3760 ὡς
1373 3705 1441 3755 τό
1477 3718 1489 3731 ·
1559 3720 1578 3753 ι
1633 3701 1771 3770 Ἐγώ
1819 3706 1930 3771 είμι

380 3799 573 3866 ζηλῶν,
608 3799 700 3850 καὶ
726 3795 1205 3864 μεταμεμέλημαι.
1243 3810 1264 3843 ι
1297 3791 1375 3845 Τά
1430 3793 1611 3862 μέντοι
1665 3793 1932 3859 λεγόμενα

380 3893 582 3962 κυρίως
610 3892 700 3942 ἐπὶ
719 3887 877 3948 Θεοῦ.
911 3888 1004 3940 καὶ
1035 3890 1092 3941 ὲν
1122 3887 1360 3956 μηδεμιᾷ
1392 3885 1759 3954 εὑρισκόμενα
1813 3884 1935 3937 κτί-

378 4000 482 4045 σει,
510 3980 748 4041 σπανίως
774 3977 985 4045 τίθησιν
1012 3980 1043 4045 η
1081 3976 1293 4045 Γραφή.
1344 3975 1513 4037 Οὗτος
1549 3976 1645 4043 μὲν
1683 3973 1776 4027 οὖν
1802 3974 1932 4041 μίαν

377 4067 715 4121 ἀποδέδωκεν
743 4063 919 4117 αἰτίαν
943 4064 1041 4133 τῆς
1090 4065 1334 4133 χρήσεως
1365 4062 1475 4115 τῶν
1523 4060 1779 4116 τοιούτων
1812 4064 1929 4116 ὀνο⁵

381 4156 586 4219 μάτων.

462 4246 518 4297 ’0
543 4245 598 4298 δὲ
647 4246 919 4304 Διονύσιος
953 4245 1089 4308 πρὸς
1114 4242 1320 4310 ταύτην
1355 4243 1450 4295 καὶ
1497 4241 1690 4314 ἑτέρας
1737 4243 1929 4298 ἀποδέ-

378 4338 567 4391 δωκεν.
602 4337 770 4387 Ὅταν
799 4336 905 4403 γάρ
934 4333 1065 4403 λέγῃ
1091 4335 1163 4402 μὴ
1196 4332 1420 4386 δυνατὸν
1452 4329 1592 4386 εἶναι
1648 4333 1742 4385 τὸν
1794 4333 1926 4403 ἠμέν

379 4444 533 4497 τερον
563 4423 688 4480 νοῦν
713 4426 845 4492 πρὸς
870 4427 967 4492 τὴν
999 4424 1159 4476 άῦλον
1213 4423 1429 4491 ἐκείνην
1465 4424 1766 4493 ἀναχθῆναι
1819 4424 1925 4477 τῶν

379 4518 642 4585 οὖρα-,ἔων
675 4515 963 4585 ἱεραςιχιῶν
994 4515 1225 4583 μίμησιν
1260 4516 1353 4566 καὶ
1385 4514 1635 4583 Θεωρίαν,
1671 4516 1716 4565 εί
1747 4512 1820 4582 μὴ
1857 4517 1921 4581 τῇ

381 4611 497 4660 κατ’
527 4608 686 4661 αὑτδν
715 4606 1049 4676 χειραγωγίᾳ
1076 4608 1356 4675 χρήσαιτο,
1396 4606 1594 4657 ταυτὸν
1643 4607 1758 4663 πῶς
1787 4606 1933 4658 δοκεῖ

380 4700 555 4764 λέγειν
619 4696 692 4763 τῷ
723 4694 1101 4762 Αὖγουστίνῳ·
1135 4694 1269 4759 μετὰ
1299 4694 1354 4745 δὲ
1383 4692 1543 4744 τοῦτο
1588 4691 1679 4743 καὶ
1727 4692 1929 4761 ἐτέρων

380 4789 606 4839 ἅπτεται
633 4804 649 4817 ι
703 4781 812 4837 οἷον
839 4785 898 4836 τὸ
923 4784 1137 4852 πρέπον
1169 4777 1444 4844 εἶναιτοῖς
1497 4784 1789 4847 μυστικοῖς
1839 4782 1927 4833 λό-

379 4896 493 4943 γοις
527 4877 588 4929 τὸ
614 4876 677 4928 δι’
705 4875 1030 4944 ἀπορρήτων
1076 4873 1168 4925 καὶ
1208 4870 1368 4940 ἱερῶν
1412 4872 1751 4940 αίνιγμάτων
1793 4872 1925 4924 άπο-

380 4968 739 5033 γρύπτεσθαι,
768 4968 861 5017 καὶ
894 4964 1093 5018 ἄϐατον
1130 4966 1242 5024 τοῖς
1288 4960 1501 5023 πολλοῖς
1552 4961 1757 5014 τιθέναι
1826 4962 1923 5031 τὴν

382 5059 533 5126 ἱερὰν
562 5058 653 5109 καὶ
680 5055 915 5125 κρυφίαν
948 5053 1331 5123 ὑπερκοσμίων
1362 5054 1497 5104 νόων
1542 5052 1819 5120 ἀλήθειαν.

451 5151 568 5202 Ἐτι
609 5150 790 5215 τρίτον
815 5147 1101 5199 ἀποδίδωσι
1132 5145 1233 5210 τῆς
1262 5143 1505 5213 χρήσεως
1538 5145 1644 5195 τῶν
1673 5143 1925 5196 τοιούτων

375 5242 651 5309 ὀνομάτων
681 5240 856 5307 λόγον,
876 5240 971 5306 τὴν
992 5236 1238 5311 ὁπωσοῦν
1258 5236 1547 5305 ὁμοιότητα
1588 5235 1692 5286 τῶν
1726 5252 1792 5301 ση
1801 5251 1924 5303 μαι-

377 5332 614 5401 νομένων
654 5332 720 5386 δι’
755 5330 932 5384 αὐτῶν
972 5330 1309 5398 πραγμάτων
1357 5326 1490 5399 πρδς
1524 5325 1612 5378 τὸν
1629 5324 1778 5379 Θεόν.
1796 5327 1931 5394 Φησὶ

380 5426 484 5494 γὰρ
513 5420 651 5477 εἶναι
685 5422 858 5475 ταῦτα
903 5421 1065 5473 οἱονεὶ
1114 5421 1451 5489 ἀπηχήματα
1492 5421 1590 5486 τῆς
1646 5417 1792 5485 ἱερᾶς
1838 5416 1925 5467 εύ-

378 5517 678 5578 πρεπείαςο
715 5515 838 5567 ὅθεν
883 5515 978 5568 καὶ
1026 5514 1247 5565 ὃυνατῖιν
1292 5503 1361 5564 δι’
1408 5511 1585 5566 αὐτῶν
1630 5508 1922 5578 ἀνάγεσθαι

382 5609 514 5673 πρὶς
545 5607 640 5668 τὰς
693 5607 890 5669 ἀύλους
921 5608 1275 5675 άρχετυπῐας.

1517 5788 1535 5817 ⁸
1574 5785 1674 5842 lsa.
1708 5803 1776 5850 vt,
1820 5789 1862 5840 1.

450 5790 730 5850 ’1ε.ιι›.ιιι,
774 5792 814 5843 i.
894 5790 911 5819 ³
942 5788 1077 5842 Ρεςιι.
1122 5805 1312 5851 xxxiii,
1358 5788 1437 5843 l6.

1974 5786 1993 5816 '
2034 5785 2133 5839 lsa.
2166 5800 2245 5848 ιιι,
2275 5784 2356 5837 lli.

2040 3246 2334 3304 ascendat:
2388 3257 2511 3296 nam
2567 3240 2746 3295 verbis
2792 3252 2824 3292 e
2867 3236 3241 3306 corporalibus
3301 3236 3460 3288 rebus
3491 3237 3585 3287 de-

2037 3338 2266 3405 sumptis
2293 3335 2462 3388 utitur
2493 3332 2561 3387 de
2599 3328 2709 3385 Deo
2740 3331 2986 3397 loquens,
3043 3327 3185 3383 sicut
3235 3329 3401 3381 dicit:
3439 3346 3456 3377 ι
3529 3325 3583 3378 lu

2035 3425 2336 3478 velamento
2368 3422 2575 3475 alarum
2601 3433 2815 3473 tuarum
2838 3426 3084 3485 proteges
3121 3430 3206 3469 me
3230 3414 3250 3445 ⁸
3275 3450 3291 3468 .
3322 3432 3340 3465 ι
3397 3415 3460 3467 Ει
3492 3413 3580 3466 in-

2035 3514 2416 3569 tellectualium
2445 3520 2815 3567 creaturarum
2848 3510 3133 3579 plerasque
3165 3507 3410 3576 designat
3464 3521 3569 3559 mea

2035 3606 2276 3675 taphoris
2329 3605 2529 3673 quibus
2557 3600 2795 3656 ostendit
2846 3612 2940 3653 eas
2999 3613 3107 3654 non
3145 3598 3224 3652 sic
3256 3612 3314 3651 se
3367 3596 3582 3659 habere,

2033 3699 2124 3754 sed
2156 3697 2237 3753 sic
2262 3696 2370 3749 dici
2395 3696 2613 3757 debere,
2651 3703 2710 3748 ut
2741 3699 2823 3748 est
2856 3692 3028 3745 illud:
3067 3708 3085 3741 ι
3141 3688 3252 3757 Ego
3284 3704 3403 3743 sum
3437 3687 3583 3740 zelo-

2033 3797 2111 3842 tes
2136 3789 2155 3818 "
2186 3829 2202 3853 ,
2240 3805 2261 3839 ι
2283 3795 2336 3841 et
2358 3786 2484 3839 illud
2510 3808 2525 3837 :
2558 3802 2579 3836 ι
2616 3783 2698 3839 Me
2720 3784 2960 3852 ptenitet.
3002 3800 3021 3833 ι
3048 3781 3178 3847 Qua:
3204 3794 3329 3835 vero
3374 3779 3588 3848 proprie

2029 3879 2283 3934 dicuntur
2314 3877 2381 3932 de
2420 3876 2527 3929 Deo
2558 3885 2613 3929 et
2658 3876 2711 3929 in
2764 3874 2909 3930 nulla
2949 3873 3288 3942 reperiuntur
3320 3879 3588 3934 creatura,

2029 3985 2153 4024 raro
2185 3970 2331 4036 ponit
2381 3966 2682 4035 Scriptura.
2720 3965 2814 4021 Ille
2844 3966 3010 4032 igitur
3033 3965 3220 4018 doctor
3246 3978 3407 4016 unam
3435 3960 3587 4015 alIert

2030 4070 2248 4108 causam
2295 4068 2391 4109 cur
2429 4054 2787 4110 adhibeantur
2819 4053 3127 4122 huiusmodi
3165 4052 3402 4105 nomina.

2102 4245 2391 4317 Dionysius
2449 4245 2585 4299 alias
2643 4250 2834 4311 praeter
2866 4242 3006 4297 hanc
3037 4241 3238 4296 subdit.
3271 4240 3405 4293 Cum
3440 4239 3581 4292 enim

2029 4338 2160 4391 dicit
2187 4351 2291 4389 non
2320 4346 2477 4403 posse
2504 4333 2831 4387 intellectum
2860 4344 3103 4385 nostrum
3155 4329 3221 4383 ad
3259 4330 3586 4382 immateria-

2030 4428 2132 4481 lcm
2166 4426 2308 4478 illam
2334 4423 2486 4478 evehi
2526 4421 2820 4476 ctelesnum
2860 4419 3283 4474 hierarehiarum
3323 4418 3583 4471 imitatio-

2032 4533 2154 4573 nem
2206 4525 2259 4570 et
2309 4514 2837 4581 contemplationem,
2879 4512 2980 4566 nisi
3010 4511 3430 4564 manuductione
3481 4509 3581 4561 sibi

2028 4623 2265 4676 congrua
2299 4617 2503 4668 utatur,
2540 4605 2682 4659 idem
2712 4604 3108 4672 quodammodo
3160 4602 3370 4654 videtur
3404 4600 3581 4654 dicere

2024 4716 2184 4770 quam
2236 4700 2588 4767 Augustinus.
2647 4696 2840 4751 Postea
2874 4710 2997 4748 vero
3027 4694 3130 4747 alia
3182 4694 3353 4761 tangit
3382 4711 3394 4755 ;
3427 4694 3577 4756 dicit,

2021 4792 2169 4845 verbi
2196 4791 2385 4861 gratia,
2413 4789 2701 4844 convenire
2750 4787 3005 4855 mysticus
3076 4800 3351 4839 sermones
3383 4785 3580 4837 abditis

2020 4892 2075 4937 et
2095 4883 2263 4936 sacris
2289 4879 2662 4949 aenigmatibus
2694 4877 2917 4941 involvi,
2969 4885 3025 4929 et
3055 4879 3253 4929 inviam
3310 4876 3581 4943 plerisque

2021 4970 2134 5025 ﬁeri
2186 4982 2393 5023 sacram
2426 4975 2483 5020 et
2518 4964 2888 5020 absconditam
2939 4963 3238 5018 cmleStium
3292 4964 3577 5030 spirituum

2021 5061 2326 5115 veritatem.

2095 5149 2285 5203 Adhuc
2308 5148 2527 5202 tertiam
2558 5144 2734 5200 reddit
2762 5146 3025 5201 rationem
3072 5143 3440 5211 usurpationis
3489 5143 3587 5194 hu»

2021 5238 2255 5307 jusmodi
2292 5240 2597 5297 nominum.
2623 5239 2768 5306 quod
2796 5252 2988 5306 nempe
3021 5252 3107 5290 res
3138 5250 3233 5304 per
3272 5237 3383 5288 haec
3414 5235 3581 5301 signi-

2030 5333 2198 5385 ﬁcata:
2223 5330 2461 5398 aliquam
2525 5330 2757 5383 habeant
2813 5345 2938 5383 cum
2974 5328 3083 5382 Deo
3128 5326 3529 5380 similitudinem

2024 5420 2155 5472 dicit
2182 5419 2324 5473 enim
2360 5435 2452 5473 eas
2484 5435 2600 5472 esse
2628 5419 2775 5471 velut
2804 5419 3001 5471 divina:
3041 5416 3463 5487 pulchritudinis
3495 5431 3574 5467 re-

2022 5525 2332 5580 percussus,
2392 5512 2590 5579 quibus
2617 5511 2845 5579 proinde
2870 5518 3049 5579 potest
3104 5510 3257 5562 rctlui
3292 5509 3356 5561 ad
3391 5509 3579 5561 inum-

2021 5602 2236 5657 terialcs
2267 5602 2607 5671 archetypos.

2438 5786 2457 5815 θ
2490 5782 2629 5837 l‘sal.
2667 5783 2885 5847 “1,18.
2962 5783 2980 5813 ’
3010 5781 3185 5838 Exod.
3219 5797 3398 5848 xxxn',
3436 5778 3522 5835 Ην
