4450 6440
411 357 542 424 1233

405 571 574 638 γέπη,
605 571 820 638 ἀνάγκη
851 569 919 622 τὰ
947 571 1123 622 αὐτῶν
1147 571 1562 638 ἀποτελέσματα
1587 573 1642 621 ἐν
1672 573 1735 639 τῇ
1766 570 1971 622 ἑαυτῶν

405 665 555 732 αἰτίᾳ
585 664 852 732 ἀμηγέπη
909 663 1260 732 ἐνυπάρχειν.
1297 665 1408 716 Πᾶν
1446 664 1524 724 δὲ,
1575 663 1712 730 ὅπερ
1742 662 1888 713 ἐστὶν
1917 662 1973 714 ἐν

405 774 534 820 τινι,
571 757 720 808 ἔστιν
755 757 814 808 ἐν
856 755 1003 822 αὐτῷ
1035 756 1175 809 κατά
1223 756 1313 808 τὸν
1356 755 1519 808 αὑτοῦ
1553 757 1774 822 τρόπον.
1810 753 1973 805 Ὅθεν

404 851 526 904 ἐπεὶ
549 852 574 903 ὁ
604 851 736 913 Θεὸς
760 850 924 912 αὐτός
950 852 1064 902 ἐστι
1090 849 1233 912 νοῦς,
1261 851 1400 916 προῦ
1414 849 1710 918 πὰρχουσιν
1740 849 1796 899 ἐν
1827 845 1974 914 αὐτῷ

404 945 778 1013 τάοκτίσματα
810 942 1038 1012 νοητῶς·
1079 943 1243 1012 φησὶν
1268 941 1376 1008 γὰρ
1420 941 1446 990 ό
1481 938 1751 1007 μακάριος
1788 938 1975 988 Διονύ-

406 1057 539 1101 σιος,
570 1041 652 1091 ὅτι
681 1038 778 1090 οὐκ
818 1038 881 1089 ἐκ
917 1036 1026 1088 τῶν
1053 1035 1225 1088 ὄντων
1249 1034 1317 1084 τὰ
1352 1032 1478 1084 ὄντα
1513 1030 1800 1100 μανθάνων
1835 1025 1976 1081 οἶδεν

404 1135 431 1186 ό
458 1133 598 1193 θεῖος
635 1131 781 1192 νοῦς,
812 1130 928 1182 ἀλλ’
965 1129 1022 1194 ἐξ
1058 1126 1245 1186 αὐτοῦ,
1281 1126 1374 1178 καὶ
1417 1125 1474 1174 ἐν
1509 1122 1705 1190 ἐαυτῷ,
1744 1121 1864 1172 κατ’
1894 1121 1972 1171 αἱ.

406 1228 528 1280 τίαν
558 1226 655 1297 τὴν
703 1226 918 1278 πάντων
969 1224 1194 1291 εἴδησιν,
1249 1223 1341 1276 καὶ
1390 1219 1611 1287 γνῶσιν,
1647 1219 1738 1269 καὶ
1791 1215 1977 1267 οὐσίαν

408 1321 628 1391 προέχει
651 1335 664 1350 ο
694 1320 754 1372 τὸ
787 1320 841 1372 δὲ
873 1320 930 1370 ἐν
968 1317 1045 1385 τῷ
1077 1317 1153 1386 νῷ
1187 1315 1246 1367 οὐ
1283 1313 1533 1382 πρόεισιν
1560 1310 1653 1363 ἀπ’
1683 1309 1869 1371 αὐτοῦ,
1897 1309 1976 1360 ὄτι

411 1418 485 1485 μὴ
518 1416 604 1467 διὰ
637 1414 856 1478 θέλησιν
903 1409 1296 1477 μεσιτεύουσαν
1365 1404 1396 1474 ἡ
1431 1401 1539 1470 γὰρ
1585 1399 1801 1467 θέλησίς
1833 1399 1980 1449 ἐστιν

409 1509 442 1577 ἡ
475 1505 773 1570 ἐξα-θύουσα
803 1504 870 1555 τὰ
900 1503 957 1554 ἐν
984 1500 1059 1567 τῷ
1085 1499 1182 1568 νῷ,
1226 1497 1286 1550 τό
1313 1513 1372 1548 τε
1400 1493 1687 1562 νοούμενον
1715 1489 1855 1543 κινεῖ
1879 1487 1978 1557 τὴν

408 1601 648 1668 θέλησιν,
677 1596 772 1650 καλ⁵
800 1595 974 1664 ταύτῃ
1024 1593 1240 1660 ἀνάγκη
1278 1590 1369 1641 τὸν
1400 1587 1533 1640 Θεὸν
1564 1584 1758 1637 θέλειν.
1791 1582 1978 1649 Τούτῳ

413 1691 623 1760 συνᾴδει
661 1689 754 1741 καὶ
786 1687 846 1740 τὸ
877 1687 934 1738 ἐν
976 1686 1088 1744 τοῖς
1125 1681 1378 1746 Ψαλμοῖς
1403 1695 1417 1709 ·
1459 1696 1476 1729 ι
1513 1677 1697 1729 Πάντα
1726 1675 1823 1727 ὅσα
1849 1671 1979 1740 ἠθέ-

410 1785 596 1850 λησεν,
653 1781 878 1848 ἐποίησε
910 1795 924 1809 ·
966 1796 985 1828 ι
1039 1775 1134 1829 καὶ
1186 1775 1244 1825 ἐν
1300 1773 1364 1840 τῇ
1425 1769 1562 1838 πρὸς
1627 1765 1977 1836 Ῥωμαίους·

419 1895 435 1926 ι
471 1874 533 1928 Εἰ
567 1872 618 1924 δέ
646 1871 813 1923 θέλων
842 1870 871 1922 ὀ
909 1867 1040 1929 Θεδς
1079 1863 1440 1930 ἐνδείξασθαι,
1474 1880 1492 1912 ι
1548 1861 1642 1912 καὶ
1677 1860 1743 1912 τὰ
1796 1857 1980 1910 λοιπά.

413 1990 621 2056 Κεφάλ.
653 1986 727 2042 E'.
762 1986 892 2038 Ὀτι
936 1983 1211 2056 ἔστιν
1240 1979 1335 2056 -τῷ
1385 1977 1506 2040 Θεῷ
1540 1975 1716 2041 νοερὰ
1744 1972 1843 2025 καὶ
1890 1975 1982 2027 θε-

938 2051 1152 2118 λητικὴ
1182 2051 1459 2116 δύναμις.

487 2152 607 2201 Ὀτι
671 2148 766 2214 μὲν
825 2141 918 2198 οὖν
983 2144 1088 2194 είσι
1145 2138 1391 2193 τοιαῦται
1456 2138 1728 2204 ἐνέργειαι
1791 2135 1848 2187 ἐν
1906 2132 1983 2202 τῷ

414 2243 556 2310 Θεῷ,
595 2242 705 2306 (Μ)
742 2241 796 2292 αἱ
835 2237 1175 2290 τελειωτικαί
1220 2236 1326 2286 εἰσι
1377 2231 1472 2283 τοῦ
1525 2230 1737 2299 ἔχοντος
1772 2229 1835 2280 ἐκ
1875 2229 1980 2278 τῶν

415 2336 722 2403 εἰρημένων
756 2330 952 2391 ἱκανῶς
988 2326 1142 2395 οῐμαι
1168 2325 1458 2394 δεδεῖχθαι.

487 2424 554 2478 α’.
590 2426 820 2492 Πότερον
850 2422 905 2474 δέ
938 2422 1031 2471 καὶ
1060 2421 1115 2471 αἱ
1147 2420 1288 2470 κατά
1326 2417 1528 2477 ταύτας
1563 2414 1841 2483 δυνάμεις,
1873 2409 1982 2464 οἷον

419 2522 451 2587 ἠ
482 2517 661 2584 νοερὰ,
697 2516 787 2566 καὶ
817 2515 850 2582 ἡ
888 2510 1169 2578 θελητικὴ,
1214 2510 1309 2560 καὶ
1363 2507 1592 2559 καθόλου
1643 2509 1673 2574 ή
1719 2505 1980 2573 δραστικὴ

417 2608 644 2676 δύναμίς
702 2608 848 2658 ἐστιν
899 2605 956 2655 ἐν
1004 2602 1173 2668 αὐτῷ,
1214 2601 1247 2669 ἢ
1299 2599 1398 2661 οὒ,
1446 2598 1790 2666 ζητήσωμεν.
1827 2599 1984 2647 Δοκεῖ

417 2703 597 2753 τοίνυν
629 2701 684 2750 ἐν
717 2695 866 2763 αὐτῷ
896 2696 969 2763 μὴ
1005 2690 1142 2745 εἶναι
1183 2691 1410 2758 δύναμιν
1451 2690 1730 2758 τοιαύτην.
1772 2689 1834 2739 'H
1877 2688 1982 2755 γὰρ

417 2790 645 2859 δύναμίς
678 2793 827 2841 ἐστιν
867 2785 1146 2854 ἐνεργείας
1193 2784 1356 2852 ἀρχή.
1400 2784 1460 2834 Ἥ
1509 2783 1565 2834 δέ
1606 2781 1857 2849 ἐνέργεια
1890 2779 1982 2832 τοῦ

420 2883 576 2944 Θεοῦ,
612 2883 766 2950 ἧπτες
803 2878 950 2929 ἐστὶν
998 2880 1029 2945 ἡ
1086 2875 1242 2927 οὐσία
1279 2874 1465 2936 αὐτοῦ,
1503 2873 1576 2935 ὠς
1631 2873 1767 2941 μετὰ
1816 2872 1984 2924 ταῦτα

421 2974 789 3043 δειχθήσεται,
842 2972 941 3020 οὐκ
981 2967 1091 3036 ἔχει
1137 2967 1332 3036 ἀρχήν.
1386 2965 1522 3017 Οὔτε
1569 2963 1674 3030 γὰρ
1725 2963 1986 3030 γεγέννη-

419 3085 529 3126 ται,
563 3065 688 3118 οὔτε
739 3065 1166 3132 ἐκπεπόρευται.
1204 3060 1292 3112 Ἐν
1330 3058 1407 3128 τῷ
1449 3057 1565 3126 Θεῷ
1595 3057 1702 3126 ἀρα
1748 3056 1843 3106 οὐκ
1873 3053 1984 3106 ἐστι

420 3159 672 3226 δύναμις.

495 3251 559 3319 β’.
598 3250 717 3302 Ἔτι
764 3251 890 3311 πᾶν,
932 3249 1069 3316 ὅπερ
1117 3246 1233 3299 ἐστὶ
1280 3243 1638 3302 τελειότατον,
1683 3237 1990 3292 ἀποδιδόναι

425 3341 531 3410 χρὴ
572 3339 648 3408 τῷ
675 3339 816 3408 Θεῷ.
857 3341 920 3390 Ὃ
948 3341 1124 3390 τοίνυν
1161 3337 1353 3389 σκοπεῖ
1391 3334 1450 3386 τὸ
1501 3331 1690 3384 ἑαυτοῦ
1729 3329 1990 3381 τελειότε-

428 3451 539 3500 ρον.
581 3432 640 3484 οὐ
682 3432 763 3483 δεῖ
814 3430 1124 3483 ἀποδιδόναι
1167 3427 1352 3495 αὐτῷ’
1396 3425 1531 3477 ἀλλά
1579 3424 1724 3475 πᾶσα
1760 3420 1992 3483 δύναμις

427 3527 616 3575 σκοπεῖ
643 3541 692 3574 τι
727 3523 927 3590 ἑαυτῆς
957 3522 1316 3588 τελειότερονο
1342 3518 1582 3588 δηλονότι
1611 3518 1644 3584 ἠ
1680 3517 1775 3584 μὲν
1813 3514 1995 3581 παθη-

426 3613 574 3680 τικὴ,
609 3614 669 3663 τὸ
699 3607 854 3673 εἶδος,
917 3613 948 3677 ἡ
978 3611 1032 3662 δὲ
1080 3609 1367 3674 δραττικὴ,
1414 3609 1511 3675 τὴν
1546 3607 1848 3674 ἐνέργειαν.
1880 3604 1993 3656 Οὐκ

427 3701 533 3767 ἄρα
563 3701 761 3766 όεείλει
789 3701 1015 3767 δύναμις
1045 3699 1385 3750 ἀποδίδοσθαι
1412 3697 1489 3764 τῷ
1520 3695 1661 3764 Θεῷ.

503 3789 573 3855 γ’.
615 3791 798 3858 Ἔτιή
858 3789 970 3852 ἕξις
1013 3790 1127 3838 ἐστὶ
1184 3787 1494 3855 τελειοτέρα
1546 3789 1641 3854 τῆς
1689 3785 1990 3855 δυνάμεως,

428 3883 503 3944 ὡς
537 3882 811 3947 ἐγγυτέρα
841 3879 932 3932 τοῦ
963 3881 1208 3945 ἐνεργεῖν
1236 3875 1390 3933 οὖσα.
1421 3879 1571 3942 Ἕξις
1604 3879 1658 3929 δέ
1695 3880 1750 3930 ἐν
1773 3878 1848 3946 τῷ
1879 3878 1994 3946 Θεῴ

430 3975 527 4025 οὐκ
550 3972 720 4034 ἔστιν,
761 3972 834 4033 ὠς
859 3973 916 4023 ἐν
948 3974 1060 4032 τοίς
1099 3971 1238 4038 μετὰ
1271 3970 1436 4022 ταῦτα
1474 3970 1838 4040 δειχθήσεται.
1871 3970 1994 4023 Οὐδ’

431 4066 537 4133 ἄρα
568 4063 817 4126 δύναμις.

501 4153 560 4206 δ’.
591 4155 710 4206 Ὅτι
744 4155 891 4205 πᾶσα
930 4153 1163 4219 δύναμις
1196 4152 1296 4218 τῆς
1339 4153 1544 4214 οἰκείας
1573 4154 1855 4221 ἐνεργείας
1895 4173 1997 4222 χω-

438 4243 695 4311 ριζομένη
734 4244 878 4295 ἐστὶν
921 4244 1139 4312 ἀτελής.
1193 4245 1438 4314 Κάπειδὴ
1496 4244 1662 4313 μηδὲν
1707 4246 1894 4308 ἀτελὲς
1923 4244 1998 4310 τῷ

435 4334 552 4401 θεῷ
588 4336 876 4402 προσήκει,
915 4334 1022 4387 οὐδ’
1056 4334 1140 4386 ἄν’
1173 4335 1398 4397 εἰκότως
1441 4335 1620 4401 δοκοίη
1665 4336 1893 4405 δύναμις
1923 4336 1998 4406 τῷ

434 4425 550 4492 Θεῷ
582 4428 953 4479 ἀποδίδοσθαι.

505 4525 565 4568 ε’.
608 4518 721 4568 Κᾶν
752 4518 885 4587 λέγῃ
911 4535 1012 4579 τις,
1043 4520 1140 4588 τὴν
1165 4519 1420 4589 τοιαύτην
1457 4521 1685 4585 δύναμιν
1729 4520 1996 4587 μηδέποτε

432 4610 530 4677 τῆς
567 4608 774 4669 οἰκείας
826 4609 1104 4674 ἐνεργείας
1154 4611 1504 4678 χωρίζεσθαι,
1539 4612 1646 4662 οὐδ’
1689 4610 1829 4662 οὕτω
1858 4612 1998 4680 δρᾷο

434 4700 460 4750 ὃ
491 4700 599 4766 γὰρ
632 4698 757 4750 ἄλλο
807 4701 912 4750 τινὶ
967 4701 1173 4752 τέλειόν
1226 4703 1364 4761 ἐστι,
1411 4700 1530 4753 καθ’
1572 4702 1705 4753 αὐτὸ
1755 4703 1995 4771 θεωρού-

437 4806 595 4858 μενον
631 4790 820 4850 ἀτελές
850 4792 1018 4843 ἐστιν.
1055 4792 1169 4842 Οὐκ
1195 4792 1302 4858 ἄρα
1334 4791 1449 4843 ἐστὶ
1481 4791 1710 4861 δύναμις
1738 4794 1794 4845 ἐν
1824 4793 1994 4864 αὐτῷ.

505 4976 578 5034 ς’.
619 4971 740 5020 Ἐτι
791 4969 955 5037 ἡτῆς
1011 4969 1199 5031 οὐσίας
1257 4969 1561 5038 κατηγορία
1614 4970 1733 5022 ἐστὶ
1777 4970 1996 5038 βελτίων

434 5061 540 5111 τῶν
570 5062 744 5112 ἄλλων
787 5061 1151 5131 κατηγοριῶν.
1197 5061 1356 5112 Ἀ).λά
1404 5060 1480 5128 τῷ
1513 5046 1639 5129 ’Θεῷ
1687 5042 1998 5115 σῦκ’ἀποδί-

434 5153 583 5203 δοται
617 5154 794 5215 οὐσία,
841 5153 913 5212 ὡς
953 5156 979 5205 ὀ
1023 5153 1387 5217 Λύγουστῖνός
1436 5169 1621 5220 φησιν.
1666 5154 1849 5222 Πολλῴ
1894 5156 1998 5222 ἄρα

433 5240 594 5323 ἦττον
630 5245 928 5295 ἀποδώσειέ
958 5261 1040 5305 τις
1068 5244 1164 5313 τὴν
1187 5244 1286 5311 τῆς
1322 5243 1606 5312 ποιότητος
1639 5245 1993 5312 κατηγορίαν.

449 5336 587 5386 Ἀλλ’
639 5337 668 5403 ἡ
725 5337 951 5403 δύναμις
1000 5337 1207 5386 τίθεται
1250 5336 1308 5387 ἐν
1337 5335 1412 5404 τῷ
1457 5334 1694 5404 δευτέρῳ
1725 5335 1854 5387 εῖδει
1903 5336 2001 5402 τῆς

436 5429 735 5495 ποιότητος.
767 5427 854 5494 Τῷ
894 5426 1011 5494 Θεῷ
1047 5427 1155 5495 ἄρα
1183 5426 1413 5496 δύναμις
1445 5427 1544 5481 οὐκ
1577 5426 1781 5495 ὀφείλει
1810 5427 2000 5481 ἀποδί-

434 5521 642 5571 63301:.

495 5638 514 5664 ⁸
544 5635 685 5688 Psal.
710 5651 861 5698 cxttt,
892 5637 944 5686 5.

511 5772 624 5838 ,16)
647 5771 863 5828 Videtur
885 5775 1032 5829 locus
1063 5772 1301 5828 mutilus.

1353 359 1450 418 DE
1493 359 1870 420 ESSENTIA
1905 362 1999 420 ET
2042 362 2527 428 OPEIHTIONE
2573 369 2725 429 Dlﬁl.

480 483 572 532 ια’,
604 477 723 528 Ἔτι
743 474 791 528 εί
811 475 915 528 πᾶν
941 481 998 529 τό
1031 477 1218 530 ποιοῦν
1246 480 1387 530 ποιεῖ
1412 479 1596 546 ὅμοιον
1620 478 1798 549 ἐαυτῷ
1823 479 1970 547 ἀμη-
2001 480 2045 535 Α

3507 376 3638 437 1234

2149 486 2232 539 Η.
2294 486 2553 556 Denique,
2600 489 2642 541 si
2696 504 2853 542 omne
2895 504 3060 560 agens
3113 491 3220 558 agit
3276 504 3486 558 semper
3536 493 3638 545 εἱιιὶ

2077 576 2274 639 simile,
2307 590 2517 647 oportet
2544 579 2763 635 eliectus
2793 583 2842 636 in
2865 599 2960 635 sua
2989 598 3153 637 causa
3172 599 3381 652 semper
3409 583 3638 636 includi.

2078 666 2248 722 Omne
2282 680 2458 722 autem
2491 674 2632 741 quod
2666 684 2747 728 est
2773 675 2824 727 in
2874 677 3071 744 aliquo,
3107 686 3190 729 est
3236 676 3287 728 in
3338 691 3401 729 eo
3443 692 3640 731 secun-

2078 759 2202 814 dum
2235 762 2450 816 modum
2481 768 2617 832 ejus.
2657 764 2828 829 Unde,
2860 782 2982 819 cum
3026 767 3163 820 Deus
3210 767 3325 835 ipse
3360 767 3429 820 sit
3484 767 3642 818 intel-

2079 853 2266 917 lectus,
2304 857 2679 922 pra~exsistunt
2717 860 2766 912 iu
2825 874 2890 913 eo
2949 870 3210 912 creatura:
3270 874 3363 926 per
3423 857 3640 910 modum

2078 944 2487 1015 inlelligibilem.
2530 949 2661 1002 Dicit
2690 953 2831 1003 enim
2871 953 3059 1004 beatus
3092 951 3379 1019 Dionysius
3417 969 3427 1002 :
3474 969 3488 999 ι
3524 950 3641 1001 Non

2079 1053 2143 1089 ex
2175 1039 2392 1094 entihus
2415 1042 2555 1093 entia
2594 1045 2870 1106 cognoscit
2910 1045 3125 1094 divinus
3178 1042 3502 1103 intellectus,
3549 1042 3642 1094 sed

2077 1144 2139 1181 ex
2180 1131 2358 1197 διείρεο
2380 1142 2427 1186 et
2461 1135 2511 1185 in
2544 1134 2723 1200 seipso
2759 1136 3047 1188 causaliter
3071 1135 3314 1187 omnium
3354 1133 3636 1186 scientiam

2077 1220 2543 1291 cognitionemque
2592 1235 2643 1277 et
2677 1229 2962 1279 essentiam
3005 1227 3182 1278 habet.
3224 1244 3242 1275 ι
3277 1224 3430 1289 Quod
3463 1233 3643 1277 autem

2079 1323 2160 1365 est
2193 1315 2242 1366 in
2281 1315 2573 1377 intellectu.
2619 1333 2723 1370 non
2750 1320 2866 1372 exit
2895 1319 2960 1372 ab
3005 1335 3069 1372 eo
3102 1319 3202 1371 nisi
3237 1319 3506 1372 mediante
3549 1333 3646 1369 ro—

2079 1404 2326 1458 lunlate:
2361 1409 2612 1462 voluntas
2664 1411 2808 1462 enim
2853 1421 2935 1464 est
2974 1427 3093 1478 qua:
3144 1411 3352 1478 peragit
3405 1424 3466 1460 ca
3526 1425 3647 1475 qua:

2080 1497 2275 1550 Suutin
2305 1498 2597 1562 intellectu,
2632 1517 2797 1568 quum
2837 1518 2922 1556 res
2951 1503 3217 1555 intellecta
3262 1501 3650 1554 incretvolun-

2079 1598 2262 1643 tatem.
2296 1588 2362 1643 Et
2383 1590 2461 1644 sic
2492 1601 2703 1659 oportet
2725 1591 2888 1645 Deum
2929 1593 3083 1645 velle.
3118 1591 3211 1644 His
3245 1591 3486 1646 concinit
3513 1590 3644 1642 illud

2080 1679 2413 1734 Psalmorum
2450 1697 2462 1732 τ
2534 1697 2552 1731 ι
2594 1681 2786 1735 Omnia
2808 1698 3147 1752 quacunque
3193 1682 3379 1743 voluit,
3409 1681 3530 1734 fecit
3557 1683 3596 1743 ';
3627 1699 3643 1730 ι

2080 1782 2132 1826 et
2163 1773 2215 1825 in
2263 1772 2499 1841 Epistola
2534 1773 2596 1826 ad
2625 1771 2937 1829 Romanos:
2968 1793 2983 1824 ι
3027 1774 3180 1840 Quod
3213 1774 3256 1828 si
3297 1774 3433 1827 Deus
3466 1773 3648 1825 Valens

2081 1865 2386 1928 ostendere,
2454 1883 2470 1913 ι
2504 1875 2552 1916 et
2579 1865 2806 1932 reliqua.

2081 1970 2212 2039 Cap.
2251 1969 2312 2024 V.
2353 1970 2504 2037 Quod
2523 1984 2595 2026 est
2620 1974 2671 2025 in
2694 1971 2796 2026 Deo
2816 1974 3104 2043 intelligens
3126 1985 3171 2027 et
3194 1974 3364 2028 volens
3386 1975 3634 2040 potentia.

2156 2153 2285 2206 Esse
2318 2152 2482 2220 igitur
2515 2154 2566 2204 in
2621 2153 2725 2205 Deo
2777 2153 2897 2205 illas
2953 2153 3294 2220 operationes
3348 2165 3467 2218 qua:
3527 2159 3654 2201 sunt

2084 2245 2396 2314 perlectivae
2447 2245 2615 2313 ipsius
2664 2245 2931 2310 habentis,
2993 2261 3055 2297 ex
3123 2243 3279 2298 dictis
3323 2240 3655 2295 sullicienter

2084 2341 2514 2393 demonstratum
2552 2339 2806 2390 arbitror.

2157 2432 2208 2484 1.
2239 2430 2425 2484 Utrum
2471 2446 2595 2484 vero
2620 2431 2704 2484 his
2734 2430 3121 2498 respondentes
3148 2429 3423 2496 polentim,
3445 2427 3653 2479 scilicet

2086 2525 2438 2585 intellectiva,
2474 2523 2694 2575 volitiva
2729 2531 2778 2575 et
2822 2523 3148 2590 generaliter
3199 2521 3375 2572 activa
3414 2519 3651 2586 potentia

2085 2618 2192 2672 sint
2223 2620 2273 2670 in
2333 2616 2458 2679 Deo,
2493 2632 2556 2667 an
2605 2631 2731 2675 non,
2782 2615 3136 2682 ittqttirutnus.
3209 2614 3378 2663 Porro
3447 2611 3654 2661 videtur

2084 2712 2224 2779 quod
2260 2711 2308 2762 in
2339 2709 2449 2763 Deo
2489 2725 2588 2760 non
2627 2709 2695 2760 sit
2729 2707 3034 2773 huiusmodi
3088 2706 3346 2774 potentia.
3381 2702 3512 2755 Nam
3558 2719 3653 2768 po—

2088 2805 2250 2858 lentia
2273 2813 2355 2857 est
2390 2802 2710 2870 principium
2756 2798 3108 2867 operationis.
3140 2797 3242 2851 Sed
3278 2796 3519 2864 operatio
3572 2795 3654 2843 di-

2088 2896 2230 2957 vina,
2257 2911 2373 2963 qure
2392 2905 2472 2947 est
2495 2894 2610 2959 ejus
2641 2893 2898 2952 essentia,
2931 2901 2986 2943 ut
3009 2890 3147 2943 infra
3174 2887 3654 2949 dcmonstrabitnr,

2086 3002 2194 3040 non
2243 2986 2400 3038 habet
2471 2984 2837 3052 principium:
2876 2999 2999 3035 nam
3039 2998 3136 3036 nec
3190 2990 3499 3051 generatur,
3559 2994 3658 3032 nec

2087 3078 2345 3147 procedit.
2379 3078 2436 3130 In
2467 3076 2759 3142 Deoigitur
2797 3090 2901 3128 non
2949 3085 3029 3130 cst
3076 3079 3332 3144 potentia.

2162 3254 2214 3305 2.
2246 3254 2525 3314 Pragterca.
2555 3267 2715 3305 omne
2737 3253 2879 3321 quod
2921 3263 3000 3306 est
3037 3253 3516 3322 perfectissimum,
3551 3255 3658 3305 lien

2091 3346 2490 3400 attribuendum
2525 3356 2651 3409 est;
2703 3345 2846 3412 quod
2894 3347 3057 3412 igitur
3114 3346 3284 3399 tendit
3329 3347 3395 3398 ad
3455 3347 3656 3412 aliquid

2092 3441 2273 3506 seipso
2334 3438 2646 3506 perfectius,
2704 3454 2811 3491 non
2873 3451 2953 3492 est
3015 3437 3060 3490 ei
3125 3438 3494 3489 tribuendum.
3553 3436 3654 3488 S-d

2093 3532 2272 3585 omnis
2299 3531 2532 3598 potentia
2574 3531 2743 3584 tendit
2773 3532 2838 3583 ad
2878 3531 3080 3598 aliquid
3117 3531 3294 3598 seipsa
3328 3530 3657 3597 perit-clins:

2091 3623 2291 3676 scilicet
2318 3623 2524 3690 passiva
2551 3623 2610 3674 ad
2629 3620 2878 3684 formam,
2908 3630 2960 3672 et
2981 3620 3151 3672 activa
3175 3623 3238 3672 ad
3263 3622 3659 3688 operationem.

2092 3714 2210 3766 Non
2248 3715 2407 3782 igitur
2438 3714 2597 3766 debet
2622 3714 2864 3780 potentia
2897 3711 3003 3765 Dea
3056 3711 3242 3765 tribui.

2164 3804 2529 3865 5.Pr:nterea,
2554 3803 2769 3855 habitus
2808 3813 2889 3855 est
2914 3803 3206 3869 perfectior
3249 3802 3508 3869 potentia,
3538 3816 3657 3850 eum

2095 3896 2164 3950 sit
2191 3894 2405 3962 propior
2431 3893 2597 3946 actui.
2662 3892 2766 3946 Sed
2805 3893 3018 3945 habitus
3052 3894 3103 3944 in
3157 3894 3260 3944 Deo
3288 3908 3394 3944 nun
3446 3901 3548 3952 est,
3605 3897 3662 3941 ut

2095 3995 2276 4054 postea
2313 3989 2629 4038 ostendetur
2659 4003 2671 4047 ;
2707 4000 2804 4038 nec
2835 3987 2999 4053 igitur
3041 3985 3297 4053 pueritia.

2168 4163 2221 4214 4.
2273 4159 2562 4221 Prmlerca,
2606 4158 2785 4211 omnis
2827 4157 3144 4226 polentia,a
3196 4172 3289 4209 sua
3347 4158 3661 4225 operatione

2099 4259 2368 4318 separata,
2405 4259 2488 4304 est
2538 4248 2870 4317 imperfecta.
2939 4246 3002 4300 Et
3040 4251 3164 4314 quia
3221 4249 3350 4298 nihil
3409 4249 3662 4314 inqu-riv—

2103 4353 2247 4394 ctum
2277 4341 2383 4394 Deo
2416 4343 2684 4402 convenit,
2713 4357 2816 4394 non
2853 4341 3013 4409 igitur
3038 4341 3362 4394 conveniens
3389 4340 3660 4394 ridi-retur

2029 4476 2072 4530 υ
2101 4434 2387 4501 potentiam
2423 4432 2530 4483 Deo
2560 4431 2814 4484 tribuere.

2173 4526 2225 4578 5.
2253 4524 2404 4589 Quod
2436 4524 2479 4577 si
2510 4524 2632 4592 quis
2660 4524 2804 4577 dicat
2836 4523 3148 4591 huiusmodi
3178 4523 3474 4590 potentiam
3522 4539 3662 4573 nun-

2099 4630 2259 4683 quam
2292 4630 2321 4666 a
2393 4630 2491 4668 sua
2541 4615 2858 4682 operatione
2901 4614 3160 4680 separari,
3223 4614 3350 4664 nihil
3408 4613 3660 4676 proiicit:

2099 4707 2242 4775 quod
2262 4707 2402 4759 enim
2451 4721 2544 4773 per
2585 4706 2786 4772 aliquid
2841 4706 2985 4757 aliud
3036 4716 3120 4758 cst
3168 4707 3487 4773 perlectum,
3524 4707 3565 4756 si
3609 4707 3660 4756 iu

2099 4799 2278 4865 seipso
2323 4796 2716 4860 consideratur,
2759 4795 3131 4864 imperfectum:
3193 4805 3293 4848 est.
3340 4795 3449 4847 Non
3502 4795 3663 4863 igitur

2100 4898 2182 4942 est
2207 4888 2444 4956 potentia
2490 4888 2539 4938 in
2572 4886 2702 4939 Deo.

2173 4981 2226 5033 6.
2257 4981 2538 5042 Praeterea,
2585 4981 3059 5047 prazdicatncntnm
3086 4982 3335 5034 essentia:
3366 4991 3446 5033 cst
3473 4981 3664 5033 melius

2105 5074 2222 5126 aliis
2253 5073 2703 5140 prmdicatnentis.
2751 5070 2854 5124 Sed
2912 5071 3018 5123 Deo
3067 5088 3172 5122 non
3222 5073 3535 5124 attribuitur
3580 5089 3664 5123 cs-

2105 5166 2298 5226 sentia,
2356 5175 2409 5215 ut
2437 5163 2512 5215 ait
2547 5162 2928 5228 Augustinus;
2982 5163 3148 5214 multo
3204 5163 3382 5213 minus
3432 5162 3478 5213 ei
3515 5166 3669 5212 altri-

2109 5255 2195 5306 bui
2228 5262 2405 5320 posset
2448 5253 2929 5320 pruuiicautentunt
2967 5252 3265 5319 qualitatis.
3310 5251 3378 5303 At
3425 5250 3662 5316 polentia

2105 5343 2325 5409 ponitur
2395 5342 2444 5392 in
2502 5341 2737 5394 secunda
2784 5340 2964 5408 specie
3001 5339 3300 5408 qualitatis.
3343 5337 3450 5391 Deo
3501 5337 3663 5406 igitur

2102 5435 2338 5502 potentia
2369 5449 2474 5488 non
2519 5443 2692 5502 potest
2731 5432 2971 5486 attribui.
