  <div class='ocr_page' id='page_1' title='image "/cluster/home/n/w/nwhite01/storage/ocr_20150623/151/nnc1.0022106707/632.png"; bbox 0 0 4450 6440; ppageno 0'>
   <div class='ocr_carea' id='block_1_1' title="bbox 368 425 508 491">
    <p class='ocr_par' dir='ltr' id='par_1_1' title="bbox 368 425 508 491">
     <span class='ocr_line' id='line_1_1' title="bbox 368 425 508 491; baseline -0.007 -1"><span class='ocrx_word' id='word_1_1' title='bbox 368 425 508 491; x_wconf 61' lang='lat' dir='ltr'><strong>liis</strong></span> 
     </span>
    </p>
   </div>
   <div class='ocr_carea' id='block_1_2' title="bbox 1802 415 2136 475">
    <p class='ocr_par' dir='ltr' id='par_1_2' title="bbox 1802 415 2136 475">
     <span class='ocr_line' id='line_1_2' title="bbox 1802 415 2136 475; baseline 0.003 -2"><span class='ocrx_word' id='word_1_2' title='bbox 1802 415 2136 475; x_wconf 73' lang='lat' dir='ltr'><strong>NOTiTlA.</strong></span> 
     </span>
    </p>
   </div>
   <div class='ocr_carea' id='block_1_3' title="bbox 3425 412 3558 481">
    <p class='ocr_par' dir='ltr' id='par_1_3' title="bbox 3425 412 3558 481">
     <span class='ocr_line' id='line_1_3' title="bbox 3425 412 3558 481; baseline -0.023 0"><span class='ocrx_word' id='word_1_3' title='bbox 3425 412 3511 481; x_wconf 62' lang='lat' dir='ltr'><strong>I21</strong></span> <span class='ocrx_word' id='word_1_4' title='bbox 3524 416 3558 478; x_wconf 81' lang='grc' dir='ltr'><strong>ϐ</strong></span> 
     </span>
    </p>
   </div>
   <div class='ocr_carea' id='block_1_4' title="bbox 367 525 3552 606">
    <p class='ocr_par' dir='ltr' id='par_1_4' title="bbox 367 525 3552 606">
     <span class='ocr_line' id='line_1_4' title="bbox 367 525 3552 606; baseline -0.006 -8"><span class='ocrx_word' id='word_1_5' title='bbox 367 550 499 606; x_wconf 81' lang='lat' dir='ltr'><strong>tam,</strong></span> <span class='ocrx_word' id='word_1_6' title='bbox 541 540 706 594; x_wconf 78' lang='lat' dir='ltr'><strong>altera</strong></span> <span class='ocrx_word' id='word_1_7' title='bbox 756 543 812 591; x_wconf 91' lang='lat' dir='ltr'><strong>ct</strong></span> <span class='ocrx_word' id='word_1_8' title='bbox 849 535 967 602; x_wconf 82' lang='lat' dir='ltr'><strong>ipsa</strong></span> <span class='ocrx_word' id='word_1_9' title='bbox 1007 531 1163 588; x_wconf 83' lang='lat' dir='ltr'><strong>anilis</strong></span> <span class='ocrx_word' id='word_1_10' title='bbox 1208 531 1398 586; x_wconf 82' lang='lat' dir='ltr'><strong>fabella</strong></span> <span class='ocrx_word' id='word_1_11' title='bbox 1444 531 1511 587; x_wconf 87' lang='lat' dir='ltr'><strong>de</strong></span> <span class='ocrx_word' id='word_1_12' title='bbox 1554 528 1716 594; x_wconf 63' lang='lat' dir='ltr'><strong>Iuda,</strong></span> <span class='ocrx_word' id='word_1_13' title='bbox 1768 530 1911 598; x_wconf 81' lang='lat' dir='ltr'><strong>quod</strong></span> <span class='ocrx_word' id='word_1_14' title='bbox 1941 532 1984 586; x_wconf 71' lang='grc' dir='ltr'><strong>Α</strong></span> <span class='ocrx_word' id='word_1_15' title='bbox 2009 538 2063 583; x_wconf 88' lang='lat' dir='ltr'><strong>et</strong></span> <span class='ocrx_word' id='word_1_16' title='bbox 2104 526 2323 581; x_wconf 87' lang='lat' dir='ltr'><strong>Latinos</strong></span> <span class='ocrx_word' id='word_1_17' title='bbox 2351 541 2378 579; x_wconf 71' lang='grc' dir='ltr'><em>ε</em></span> <span class='ocrx_word' id='word_1_18' title='bbox 2416 541 2478 582; x_wconf 79' lang='lat' dir='ltr'><strong>se</strong></span> <span class='ocrx_word' id='word_1_19' title='bbox 2511 527 2688 596; x_wconf 71' lang='lat' dir='ltr'><strong>lingua</strong></span> <span class='ocrx_word' id='word_1_20' title='bbox 2749 529 3054 601; x_wconf 78' lang='lat' dir='ltr'><strong>scriptaque</strong></span> <span class='ocrx_word' id='word_1_21' title='bbox 3105 527 3251 599; x_wconf 83' lang='lat' dir='ltr'><strong>prius</strong></span> <span class='ocrx_word' id='word_1_22' title='bbox 3288 525 3552 580; x_wconf 71' lang='lat' dir='ltr'><strong>lacerasos</strong></span> 
     </span>
    </p>
   </div>
   <div class='ocr_carea' id='block_1_5' title="bbox 369 622 1908 694">
    <p class='ocr_par' dir='ltr' id='par_1_5' title="bbox 369 622 1908 694">
     <span class='ocr_line' id='line_1_5' title="bbox 369 622 1908 694; baseline -0.004 -13"><span class='ocrx_word' id='word_1_23' title='bbox 369 632 613 688; x_wconf 78' lang='lat' dir='ltr'><strong>scaleota</strong></span> <span class='ocrx_word' id='word_1_24' title='bbox 649 629 826 688; x_wconf 81' lang='lat' dir='ltr'><strong>fuerit,</strong></span> <span class='ocrx_word' id='word_1_25' title='bbox 858 625 1099 691; x_wconf 73' lang='lat' dir='ltr'><strong>deﬂuxit,</strong></span> <span class='ocrx_word' id='word_1_26' title='bbox 1127 639 1233 694; x_wconf 81' lang='lat' dir='ltr'><strong>qua</strong></span> <span class='ocrx_word' id='word_1_27' title='bbox 1275 622 1522 677; x_wconf 85' lang='lat' dir='ltr'><strong>Lucanos</strong></span> <span class='ocrx_word' id='word_1_28' title='bbox 1550 623 1690 692; x_wconf 86' lang='lat' dir='ltr'><strong>apud</strong></span> <span class='ocrx_word' id='word_1_29' title='bbox 1721 623 1908 676; x_wconf 83' lang='lat' dir='ltr'><strong>Secta-</strong></span> 
     </span>
    </p>
   </div>
   <div class='ocr_carea' id='block_1_6' title="bbox 368 719 780 775">
    <p class='ocr_par' dir='ltr' id='par_1_6' title="bbox 368 719 780 775">
     <span class='ocr_line' id='line_1_6' title="bbox 368 719 780 775; baseline -0.012 0"><span class='ocrx_word' id='word_1_30' title='bbox 368 737 494 775; x_wconf 73' lang='lat' dir='ltr'><strong>nnm</strong></span> <span class='ocrx_word' id='word_1_31' title='bbox 536 719 780 774; x_wconf 89' lang='lat' dir='ltr'><strong>infamat.</strong></span> 
     </span>
    </p>
   </div>
   <div class='ocr_carea' id='block_1_7' title="bbox 437 802 1908 872">
    <p class='ocr_par' dir='ltr' id='par_1_7' title="bbox 437 802 1908 872">
     <span class='ocr_line' id='line_1_7' title="bbox 437 802 1908 872; baseline -0.002 -12"><span class='ocrx_word' id='word_1_32' title='bbox 437 807 541 862; x_wconf 88' lang='lat' dir='ltr'><strong>Sed</strong></span> <span class='ocrx_word' id='word_1_33' title='bbox 591 807 655 859; x_wconf 87' lang='lat' dir='ltr'><strong>ad</strong></span> <span class='ocrx_word' id='word_1_34' title='bbox 696 805 1055 870; x_wconf 87' lang='lat' dir='ltr'><strong>Barlaamum,</strong></span> <span class='ocrx_word' id='word_1_35' title='bbox 1091 818 1121 858; x_wconf 90' lang='lat' dir='ltr'><strong>a</strong></span> <span class='ocrx_word' id='word_1_36' title='bbox 1164 818 1274 872; x_wconf 76' lang='lat' dir='ltr'><strong>quo</strong></span> <span class='ocrx_word' id='word_1_37' title='bbox 1309 803 1550 872; x_wconf 82' lang='lat' dir='ltr'><strong>digressa</strong></span> <span class='ocrx_word' id='word_1_38' title='bbox 1588 811 1691 869; x_wconf 86' lang='lat' dir='ltr'><strong>est,</strong></span> <span class='ocrx_word' id='word_1_39' title='bbox 1726 802 1908 858; x_wconf 78' lang='lat' dir='ltr'><strong>redeat</strong></span> 
     </span>
    </p>
   </div>
   <div class='ocr_carea' id='block_1_8' title="bbox 365 892 1908 962">
    <p class='ocr_par' dir='ltr' id='par_1_8' title="bbox 365 892 1908 962">
     <span class='ocr_line' id='line_1_8' title="bbox 365 892 1908 962; baseline -0.003 -10"><span class='ocrx_word' id='word_1_40' title='bbox 365 899 558 952; x_wconf 86' lang='lat' dir='ltr'><strong>oratio.</strong></span> <span class='ocrx_word' id='word_1_41' title='bbox 611 895 686 950; x_wconf 90' lang='lat' dir='ltr'><strong>De</strong></span> <span class='ocrx_word' id='word_1_42' title='bbox 715 913 780 950; x_wconf 91' lang='lat' dir='ltr'><strong>eo</strong></span> <span class='ocrx_word' id='word_1_43' title='bbox 813 897 977 962; x_wconf 82' lang='lat' dir='ltr'><strong>igitur</strong></span> <span class='ocrx_word' id='word_1_44' title='bbox 1005 894 1192 950; x_wconf 89' lang='lat' dir='ltr'><strong>scribit</strong></span> <span class='ocrx_word' id='word_1_45' title='bbox 1219 895 1461 948; x_wconf 76' lang='lat' dir='ltr'><strong>laudatus</strong></span> <span class='ocrx_word' id='word_1_46' title='bbox 1487 892 1908 950; x_wconf 73' lang='lat' dir='ltr'><strong>Boccatiusloco</strong></span> 
     </span>
    </p>
   </div>
   <div class='ocr_carea' id='block_1_9' title="bbox 367 984 1904 1055">
    <p class='ocr_par' dir='ltr' id='par_1_9' title="bbox 367 984 1904 1055">
     <span class='ocr_line' id='line_1_9' title="bbox 367 984 1904 1055; baseline -0.003 -11"><span class='ocrx_word' id='word_1_47' title='bbox 367 989 466 1044; x_wconf 82' lang='lat' dir='ltr'><strong>cit.</strong></span> <span class='ocrx_word' id='word_1_48' title='bbox 494 1004 509 1041; x_wconf 89' lang='lat'><strong>:</strong></span> <span class='ocrx_word' id='word_1_49' title='bbox 534 1005 555 1038; x_wconf 76' lang='grc' dir='ltr'>ι</span> <span class='ocrx_word' id='word_1_50' title='bbox 595 986 776 1041; x_wconf 76' lang='lat' dir='ltr'><strong>Trahe</strong></span> <span class='ocrx_word' id='word_1_51' title='bbox 800 998 1054 1055; x_wconf 72' lang='lat' dir='ltr'><strong>praeterea</strong></span> <span class='ocrx_word' id='word_1_52' title='bbox 1101 985 1387 1051; x_wconf 88' lang='lat' dir='ltr'><strong>aliquando</strong></span> <span class='ocrx_word' id='word_1_53' title='bbox 1435 984 1674 1037; x_wconf 82' lang='lat' dir='ltr'><strong>Barlaam</strong></span> <span class='ocrx_word' id='word_1_54' title='bbox 1725 985 1904 1039; x_wconf 82' lang='lat' dir='ltr'><strong>Basilii</strong></span> 
     </span>
    </p>
   </div>
   <div class='ocr_carea' id='block_1_10' title="bbox 366 1074 1903 1142">
    <p class='ocr_par' dir='ltr' id='par_1_10' title="bbox 366 1074 1903 1142">
     <span class='ocr_line' id='line_1_10' title="bbox 366 1074 1903 1142; baseline 0 -10"><span class='ocrx_word' id='word_1_55' title='bbox 366 1077 717 1132; x_wconf 63' lang='lat' dir='ltr'><strong>Caeariensis</strong></span> <span class='ocrx_word' id='word_1_56' title='bbox 760 1077 1102 1141; x_wconf 75' lang='lat' dir='ltr'><strong>monachum,</strong></span> <span class='ocrx_word' id='word_1_57' title='bbox 1126 1074 1413 1128; x_wconf 75' lang='lat' dir='ltr'><strong>Calabrum</strong></span> <span class='ocrx_word' id='word_1_58' title='bbox 1444 1074 1740 1142; x_wconf 83' lang='lat' dir='ltr'><strong>hominem,</strong></span> <span class='ocrx_word' id='word_1_59' title='bbox 1775 1077 1903 1133; x_wconf 87' lang='lat' dir='ltr'><strong>olim</strong></span> 
     </span>
    </p>
   </div>
   <div class='ocr_carea' id='block_1_11' title="bbox 367 1167 1904 1236">
    <p class='ocr_par' dir='ltr' id='par_1_11' title="bbox 367 1167 1904 1236">
     <span class='ocr_line' id='line_1_11' title="bbox 367 1167 1904 1236; baseline 0.002 -14"><span class='ocrx_word' id='word_1_60' title='bbox 367 1181 592 1236; x_wconf 71' lang='lat' dir='ltr'><strong>corpore</strong></span> <span class='ocrx_word' id='word_1_61' title='bbox 619 1167 894 1235; x_wconf 69' lang='lat' dir='ltr'><strong>misiliam,</strong></span> <span class='ocrx_word' id='word_1_62' title='bbox 945 1167 1312 1234; x_wconf 64' lang='lat' dir='ltr'><strong>pragmaticus</strong></span> <span class='ocrx_word' id='word_1_63' title='bbox 1355 1174 1536 1221; x_wconf 84' lang='lat' dir='ltr'><strong>tamen</strong></span> <span class='ocrx_word' id='word_1_64' title='bbox 1576 1167 1820 1231; x_wconf 81' lang='lat' dir='ltr'><strong>scientia,</strong></span> <span class='ocrx_word' id='word_1_65' title='bbox 1849 1179 1904 1225; x_wconf 89' lang='lat' dir='ltr'><strong>et</strong></span> 
     </span>
    </p>
   </div>
   <div class='ocr_carea' id='block_1_12' title="bbox 366 1256 1902 1327">
    <p class='ocr_par' dir='ltr' id='par_1_12' title="bbox 366 1256 1902 1327">
     <span class='ocr_line' id='line_1_12' title="bbox 366 1256 1902 1327; baseline -0.001 -14"><span class='ocrx_word' id='word_1_66' title='bbox 366 1256 571 1313; x_wconf 66' lang='lat' dir='ltr'><strong>Grecis</strong></span> <span class='ocrx_word' id='word_1_67' title='bbox 584 1257 720 1311; x_wconf 87' lang='lat' dir='ltr'><strong>adeo</strong></span> <span class='ocrx_word' id='word_1_68' title='bbox 733 1257 1026 1322; x_wconf 70' lang='lat' dir='ltr'><strong>erutitum,</strong></span> <span class='ocrx_word' id='word_1_69' title='bbox 1043 1264 1104 1310; x_wconf 88' lang='lat' dir='ltr'><strong>ut</strong></span> <span class='ocrx_word' id='word_1_70' title='bbox 1123 1257 1503 1325; x_wconf 74' lang='lat' dir='ltr'><strong>imperatorum</strong></span> <span class='ocrx_word' id='word_1_71' title='bbox 1528 1265 1581 1312; x_wconf 87' lang='lat' dir='ltr'><strong>et</strong></span> <span class='ocrx_word' id='word_1_72' title='bbox 1603 1257 1902 1327; x_wconf 78' lang='lat' dir='ltr'><strong>principum</strong></span> 
     </span>
    </p>
   </div>
   <div class='ocr_carea' id='block_1_13' title="bbox 364 1345 1905 1416">
    <p class='ocr_par' dir='ltr' id='par_1_13' title="bbox 364 1345 1905 1416">
     <span class='ocr_line' id='line_1_13' title="bbox 364 1345 1905 1416; baseline -0.002 -15"><span class='ocrx_word' id='word_1_73' title='bbox 364 1345 696 1413; x_wconf 63' lang='lat' dir='ltr'><strong>Grecorum,</strong></span> <span class='ocrx_word' id='word_1_74' title='bbox 713 1359 872 1416; x_wconf 85' lang='lat' dir='ltr'><strong>atque</strong></span> <span class='ocrx_word' id='word_1_75' title='bbox 892 1347 1171 1400; x_wconf 63' lang='lat' dir='ltr'><strong>doctrinm</strong></span> <span class='ocrx_word' id='word_1_76' title='bbox 1195 1347 1477 1401; x_wconf 80' lang='lat' dir='ltr'><strong>hominum</strong></span> <span class='ocrx_word' id='word_1_77' title='bbox 1503 1345 1775 1415; x_wconf 77' lang='lat' dir='ltr'><strong>privilegia</strong></span> <span class='ocrx_word' id='word_1_78' title='bbox 1803 1347 1905 1399; x_wconf 76' lang='lat' dir='ltr'><strong>ha-</strong></span> 
     </span>
    </p>
   </div>
   <div class='ocr_carea' id='block_1_14' title="bbox 367 1420 1905 1503">
    <p class='ocr_par' dir='ltr' id='par_1_14' title="bbox 367 1420 1905 1503">
     <span class='ocr_line' id='line_1_14' title="bbox 367 1420 1905 1503; baseline 0.001 -15"><span class='ocrx_word' id='word_1_79' title='bbox 367 1436 518 1489; x_wconf 85' lang='lat' dir='ltr'><strong>beret</strong></span> <span class='ocrx_word' id='word_1_80' title='bbox 565 1420 890 1498; x_wconf 77' lang='lat' dir='ltr'><strong>testimonia,</strong></span> <span class='ocrx_word' id='word_1_81' title='bbox 909 1435 1104 1490; x_wconf 77' lang='lat' dir='ltr'><strong>nedum</strong></span> <span class='ocrx_word' id='word_1_82' title='bbox 1137 1436 1225 1489; x_wconf 82' lang='lat' dir='ltr'><strong>bis</strong></span> <span class='ocrx_word' id='word_1_83' title='bbox 1245 1435 1576 1503; x_wconf 68' lang='lat' dir='ltr'><strong>temporibus</strong></span> <span class='ocrx_word' id='word_1_84' title='bbox 1596 1435 1737 1503; x_wconf 84' lang='lat' dir='ltr'><strong>apud</strong></span> <span class='ocrx_word' id='word_1_85' title='bbox 1757 1435 1905 1489; x_wconf 78' lang='lat' dir='ltr'><strong>Cra:-</strong></span> 
     </span>
    </p>
   </div>
   <div class='ocr_carea' id='block_1_15' title="bbox 366 1524 1900 1588">
    <p class='ocr_par' dir='ltr' id='par_1_15' title="bbox 366 1524 1900 1588">
     <span class='ocr_line' id='line_1_15' title="bbox 366 1524 1900 1588; baseline 0.001 -12"><span class='ocrx_word' id='word_1_86' title='bbox 366 1537 460 1576; x_wconf 85' lang='lat' dir='ltr'><strong>cos</strong></span> <span class='ocrx_word' id='word_1_87' title='bbox 507 1537 646 1588; x_wconf 87' lang='lat' dir='ltr'><strong>esse,</strong></span> <span class='ocrx_word' id='word_1_88' title='bbox 676 1525 772 1577; x_wconf 88' lang='lat' dir='ltr'><strong>sed</strong></span> <span class='ocrx_word' id='word_1_89' title='bbox 807 1538 906 1578; x_wconf 85' lang='lat' dir='ltr'><strong>nec</strong></span> <span class='ocrx_word' id='word_1_90' title='bbox 946 1538 976 1578; x_wconf 88' lang='lat' dir='ltr'><strong>a</strong></span> <span class='ocrx_word' id='word_1_91' title='bbox 1016 1525 1201 1577; x_wconf 84' lang='lat' dir='ltr'><strong>multis</strong></span> <span class='ocrx_word' id='word_1_92' title='bbox 1225 1524 1438 1578; x_wconf 64' lang='lat' dir='ltr'><strong>saeuiit</strong></span> <span class='ocrx_word' id='word_1_93' title='bbox 1463 1525 1598 1584; x_wconf 80' lang='lat' dir='ltr'><strong>citra</strong></span> <span class='ocrx_word' id='word_1_94' title='bbox 1628 1524 1792 1579; x_wconf 87' lang='lat' dir='ltr'><strong>fuisse</strong></span> <span class='ocrx_word' id='word_1_95' title='bbox 1821 1524 1900 1578; x_wconf 79' lang='lat' dir='ltr'><strong>ri-</strong></span> 
     </span>
    </p>
   </div>
   <div class='ocr_carea' id='block_1_16' title="bbox 364 1609 1896 1683">
    <p class='ocr_par' dir='ltr' id='par_1_16' title="bbox 364 1609 1896 1683">
     <span class='ocr_line' id='line_1_16' title="bbox 364 1609 1896 1683; baseline 0.002 -19"><span class='ocrx_word' id='word_1_96' title='bbox 364 1625 483 1664; x_wconf 80' lang='lat' dir='ltr'><strong>rum</strong></span> <span class='ocrx_word' id='word_1_97' title='bbox 517 1619 622 1665; x_wconf 82' lang='lat' dir='ltr'><strong>tam</strong></span> <span class='ocrx_word' id='word_1_98' title='bbox 653 1612 846 1683; x_wconf 80' lang='lat' dir='ltr'><strong>insigni</strong></span> <span class='ocrx_word' id='word_1_99' title='bbox 902 1624 1116 1682; x_wconf 81' lang='lat' dir='ltr'><strong>tamque</strong></span> <span class='ocrx_word' id='word_1_100' title='bbox 1131 1615 1316 1683; x_wconf 80' lang='lat' dir='ltr'><strong>grandi</strong></span> <span class='ocrx_word' id='word_1_101' title='bbox 1345 1609 1570 1669; x_wconf 66' lang='lat' dir='ltr'><strong>scientia</strong></span> <span class='ocrx_word' id='word_1_102' title='bbox 1597 1614 1896 1682; x_wconf 71' lang='lat' dir='ltr'><strong>pmditum.</strong></span> 
     </span>
    </p>
   </div>
   <div class='ocr_carea' id='block_1_17' title="bbox 365 1699 1900 1772">
    <p class='ocr_par' dir='ltr' id='par_1_17' title="bbox 365 1699 1900 1772">
     <span class='ocr_line' id='line_1_17' title="bbox 365 1699 1900 1772; baseline 0.002 -17"><span class='ocrx_word' id='word_1_103' title='bbox 365 1699 551 1755; x_wconf 78' lang='lat' dir='ltr'><strong>Nonne</strong></span> <span class='ocrx_word' id='word_1_104' title='bbox 604 1716 730 1772; x_wconf 87' lang='lat' dir='ltr'><strong>ergo</strong></span> <span class='ocrx_word' id='word_1_105' title='bbox 761 1703 907 1765; x_wconf 83' lang='lat' dir='ltr'><strong>huic,</strong></span> <span class='ocrx_word' id='word_1_106' title='bbox 931 1712 983 1757; x_wconf 91' lang='lat' dir='ltr'><strong>et</strong></span> <span class='ocrx_word' id='word_1_107' title='bbox 1011 1704 1287 1772; x_wconf 83' lang='lat' dir='ltr'><strong>potisslme</strong></span> <span class='ocrx_word' id='word_1_108' title='bbox 1312 1702 1368 1756; x_wconf 82' lang='lat' dir='ltr'><strong>in</strong></span> <span class='ocrx_word' id='word_1_109' title='bbox 1397 1702 1556 1758; x_wconf 81' lang='lat' dir='ltr'><strong>rebus</strong></span> <span class='ocrx_word' id='word_1_110' title='bbox 1589 1703 1657 1756; x_wconf 89' lang='lat' dir='ltr'><strong>ad</strong></span> <span class='ocrx_word' id='word_1_111' title='bbox 1685 1702 1900 1758; x_wconf 70' lang='lat' dir='ltr'><strong>Gracos</strong></span> 
     </span>
    </p>
   </div>
   <div class='ocr_carea' id='block_1_18' title="bbox 2008 616 3557 691">
    <p class='ocr_par' dir='ltr' id='par_1_18' title="bbox 2008 616 3557 691">
     <span class='ocr_line' id='line_1_18' title="bbox 2008 616 3557 691; baseline -0.002 -17"><span class='ocrx_word' id='word_1_112' title='bbox 2008 620 2302 674; x_wconf 58' lang='lat' dir='ltr'><strong>defensat»</strong></span> <span class='ocrx_word' id='word_1_113' title='bbox 2356 619 2460 674; x_wconf 89' lang='lat' dir='ltr'><strong>Cit.</strong></span> <span class='ocrx_word' id='word_1_114' title='bbox 2508 618 2622 678; x_wconf 81' lang='lat' dir='ltr'><strong>Lib.</strong></span> <span class='ocrx_word' id='word_1_115' title='bbox 2653 620 2720 680; x_wconf 88' lang='lat' dir='ltr'><strong>ll.</strong></span> <span class='ocrx_word' id='word_1_116' title='bbox 2756 636 2872 691; x_wconf 83' lang='lat' dir='ltr'><strong>cap.</strong></span> <span class='ocrx_word' id='word_1_117' title='bbox 2908 620 2993 685; x_wconf 74' lang='grc' dir='ltr'><strong>Π,</strong></span> <span class='ocrx_word' id='word_1_118' title='bbox 3055 634 3172 689; x_wconf 80' lang='lat' dir='ltr'><strong>pag.</strong></span> <span class='ocrx_word' id='word_1_119' title='bbox 3227 618 3348 673; x_wconf 76' lang='lat'><strong>839.</strong></span> <span class='ocrx_word' id='word_1_120' title='bbox 3394 616 3557 671; x_wconf 77' lang='lat' dir='ltr'><strong>Pocro</strong></span> 
     </span>
    </p>
   </div>
   <div class='ocr_carea' id='block_1_19' title="bbox 2013 705 3560 774">
    <p class='ocr_par' dir='ltr' id='par_1_19' title="bbox 2013 705 3560 774">
     <span class='ocr_line' id='line_1_19' title="bbox 2013 705 3560 774; baseline -0.002 -12"><span class='ocrx_word' id='word_1_121' title='bbox 2013 707 2249 764; x_wconf 75' lang='lat' dir='ltr'><strong>Joannes</strong></span> <span class='ocrx_word' id='word_1_122' title='bbox 2275 707 2708 774; x_wconf 69' lang='lat' dir='ltr'><strong>Canlacumnus,</strong></span> <span class='ocrx_word' id='word_1_123' title='bbox 2736 709 2951 765; x_wconf 65' lang='lat' dir='ltr'><strong>Graecus</strong></span> <span class='ocrx_word' id='word_1_124' title='bbox 2985 719 3192 772; x_wconf 88' lang='lat' dir='ltr'><strong>auctor,</strong></span> <span class='ocrx_word' id='word_1_125' title='bbox 3227 707 3316 760; x_wconf 91' lang='lat' dir='ltr'><strong>lib.</strong></span> <span class='ocrx_word' id='word_1_126' title='bbox 3338 705 3400 768; x_wconf 87' lang='lat' dir='ltr'><strong>ll,</strong></span> <span class='ocrx_word' id='word_1_127' title='bbox 3437 720 3560 771; x_wconf 87' lang='lat' dir='ltr'><strong>cap.</strong></span> 
     </span>
    </p>
   </div>
   <div class='ocr_carea' id='block_1_20' title="bbox 2008 797 3552 868">
    <p class='ocr_par' dir='ltr' id='par_1_20' title="bbox 2008 797 3552 868">
     <span class='ocr_line' id='line_1_20' title="bbox 2008 797 3552 868; baseline -0.001 -15"><span class='ocrx_word' id='word_1_128' title='bbox 2008 799 2114 862; x_wconf 80' lang='lat'><strong>39,</strong></span> <span class='ocrx_word' id='word_1_129' title='bbox 2178 807 2364 853; x_wconf 87' lang='lat' dir='ltr'><strong>contra</strong></span> <span class='ocrx_word' id='word_1_130' title='bbox 2413 797 2748 854; x_wconf 80' lang='lat' dir='ltr'><strong>Barlaainum</strong></span> <span class='ocrx_word' id='word_1_131' title='bbox 2801 807 3021 868; x_wconf 76' lang='lat' dir='ltr'><strong>prepter</strong></span> <span class='ocrx_word' id='word_1_132' title='bbox 3087 799 3204 866; x_wconf 72' lang='lat' dir='ltr'><strong>ejus</strong></span> <span class='ocrx_word' id='word_1_133' title='bbox 3252 799 3552 864; x_wconf 82' lang='lat' dir='ltr'><strong>paiinndias</strong></span> 
     </span>
    </p>
   </div>
   <div class='ocr_carea' id='block_1_21' title="bbox 2011 887 3556 959">
    <p class='ocr_par' dir='ltr' id='par_1_21' title="bbox 2011 887 3556 959">
     <span class='ocr_line' id='line_1_21' title="bbox 2011 887 3556 959; baseline 0 -17"><span class='ocrx_word' id='word_1_134' title='bbox 2011 889 2282 944; x_wconf 76' lang='lat' dir='ltr'><strong>invehitur</strong></span> <span class='ocrx_word' id='word_1_135' title='bbox 2312 901 2327 946; x_wconf 91' lang='lat'><strong>:</strong></span> <span class='ocrx_word' id='word_1_136' title='bbox 2359 907 2377 939; x_wconf 77' lang='grc' dir='ltr'>ι</span> <span class='ocrx_word' id='word_1_137' title='bbox 2400 887 2695 942; x_wconf 73' lang='lat' dir='ltr'><strong>Monachus</strong></span> <span class='ocrx_word' id='word_1_138' title='bbox 2719 889 2963 956; x_wconf 78' lang='lat' dir='ltr'><strong>quidam,</strong></span> <span class='ocrx_word' id='word_1_139' title='bbox 3009 890 3203 959; x_wconf 82' lang='lat' dir='ltr'><strong>inquit.</strong></span> <span class='ocrx_word' id='word_1_140' title='bbox 3238 904 3268 943; x_wconf 88' lang='lat' dir='ltr'><strong>e</strong></span> <span class='ocrx_word' id='word_1_141' title='bbox 3309 889 3556 942; x_wconf 85' lang='lat' dir='ltr'><strong>Calabria</strong></span> 
     </span>
    </p>
   </div>
   <div class='ocr_carea' id='block_1_22' title="bbox 2003 979 3546 1050">
    <p class='ocr_par' dir='ltr' id='par_1_22' title="bbox 2003 979 3546 1050">
     <span class='ocr_line' id='line_1_22' title="bbox 2003 979 3546 1050; baseline -0.001 -17"><span class='ocrx_word' id='word_1_142' title='bbox 2003 979 2292 1050; x_wconf 84' lang='lat' dir='ltr'><strong>profectus,</strong></span> <span class='ocrx_word' id='word_1_143' title='bbox 2325 979 2636 1032; x_wconf 85' lang='lat' dir='ltr'><strong>Latinorum</strong></span> <span class='ocrx_word' id='word_1_144' title='bbox 2670 979 2913 1035; x_wconf 86' lang='lat' dir='ltr'><strong>moribus</strong></span> <span class='ocrx_word' id='word_1_145' title='bbox 2939 987 2994 1033; x_wconf 87' lang='lat' dir='ltr'><strong>et</strong></span> <span class='ocrx_word' id='word_1_146' title='bbox 3020 979 3232 1048; x_wconf 84' lang='lat' dir='ltr'><strong>legibus</strong></span> <span class='ocrx_word' id='word_1_147' title='bbox 3271 979 3546 1042; x_wconf 80' lang='lat' dir='ltr'><strong>educatus,</strong></span> 
     </span>
    </p>
   </div>
   <div class='ocr_carea' id='block_1_23' title="bbox 2003 1068 3548 1138">
    <p class='ocr_par' dir='ltr' id='par_1_23' title="bbox 2003 1068 3548 1138">
     <span class='ocr_line' id='line_1_23' title="bbox 2003 1068 3548 1138; baseline -0.002 -12"><span class='ocrx_word' id='word_1_148' title='bbox 2003 1069 2215 1126; x_wconf 74' lang='lat' dir='ltr'><strong>nomine</strong></span> <span class='ocrx_word' id='word_1_149' title='bbox 2229 1068 2558 1129; x_wconf 66' lang='lat' dir='ltr'><strong>Bai-laeuus.</strong></span> <span class='ocrx_word' id='word_1_150' title='bbox 2580 1082 2772 1123; x_wconf 80' lang='lat' dir='ltr'><strong>acutus</strong></span> <span class='ocrx_word' id='word_1_151' title='bbox 2797 1069 2998 1138; x_wconf 86' lang='lat' dir='ltr'><strong>alioqui</strong></span> <span class='ocrx_word' id='word_1_152' title='bbox 3017 1079 3070 1122; x_wconf 87' lang='lat' dir='ltr'><strong>et</strong></span> <span class='ocrx_word' id='word_1_153' title='bbox 3092 1070 3388 1138; x_wconf 80' lang='lat' dir='ltr'><strong>perspicax.</strong></span> <span class='ocrx_word' id='word_1_154' title='bbox 3411 1081 3462 1124; x_wconf 87' lang='lat' dir='ltr'><strong>et</strong></span> <span class='ocrx_word' id='word_1_155' title='bbox 3482 1070 3548 1123; x_wconf 74' lang='lat' dir='ltr'><strong>ad</strong></span> 
     </span>
    </p>
   </div>
   <div class='ocr_carea' id='block_1_24' title="bbox 2003 1157 3561 1230">
    <p class='ocr_par' dir='ltr' id='par_1_24' title="bbox 2003 1157 3561 1230">
     <span class='ocr_line' id='line_1_24' title="bbox 2003 1157 3561 1230; baseline -0.001 -16"><span class='ocrx_word' id='word_1_156' title='bbox 2003 1157 2413 1230; x_wconf 82' lang='lat' dir='ltr'><strong>intelligentiam</strong></span> <span class='ocrx_word' id='word_1_157' title='bbox 2436 1157 2808 1227; x_wconf 74' lang='lat' dir='ltr'><strong>explicandam</strong></span> <span class='ocrx_word' id='word_1_158' title='bbox 2825 1158 3249 1214; x_wconf 86' lang='lat' dir='ltr'><strong>disertissimus:</strong></span> <span class='ocrx_word' id='word_1_159' title='bbox 3269 1161 3484 1226; x_wconf 87' lang='lat' dir='ltr'><strong>insuper</strong></span> <span class='ocrx_word' id='word_1_160' title='bbox 3503 1161 3561 1213; x_wconf 14' lang='lat' dir='ltr'><strong>in.</strong></span> 
     </span>
    </p>
   </div>
   <div class='ocr_carea' id='block_1_25' title="bbox 2002 1245 3554 1313">
    <p class='ocr_par' dir='ltr' id='par_1_25' title="bbox 2002 1245 3554 1313">
     <span class='ocr_line' id='line_1_25' title="bbox 2002 1245 3554 1313; baseline -0.002 -9"><span class='ocrx_word' id='word_1_161' title='bbox 2002 1247 2240 1310; x_wconf 84' lang='lat' dir='ltr'><strong>Euclide,</strong></span> <span class='ocrx_word' id='word_1_162' title='bbox 2262 1247 2796 1310; x_wconf 80' lang='lat' dir='ltr'><strong>Aristotele,Platone</strong></span> <span class='ocrx_word' id='word_1_163' title='bbox 2818 1247 3104 1313; x_wconf 72' lang='lat' dir='ltr'><strong>volutatus,</strong></span> <span class='ocrx_word' id='word_1_164' title='bbox 3127 1257 3180 1303; x_wconf 87' lang='lat' dir='ltr'><strong>et</strong></span> <span class='ocrx_word' id='word_1_165' title='bbox 3196 1249 3265 1302; x_wconf 86' lang='lat' dir='ltr'><strong>ob</strong></span> <span class='ocrx_word' id='word_1_166' title='bbox 3287 1249 3337 1301; x_wconf 93' lang='lat' dir='ltr'><strong>id</strong></span> <span class='ocrx_word' id='word_1_167' title='bbox 3361 1245 3554 1302; x_wconf 86' lang='lat' dir='ltr'><strong>illustri</strong></span> 
     </span>
    </p>
   </div>
   <div class='ocr_carea' id='block_1_26' title="bbox 2001 1325 3558 1406">
    <p class='ocr_par' dir='ltr' id='par_1_26' title="bbox 2001 1325 3558 1406">
     <span class='ocr_line' id='line_1_26' title="bbox 2001 1325 3558 1406; baseline -0.004 -12"><span class='ocrx_word' id='word_1_168' title='bbox 2001 1332 2164 1402; x_wconf 74' lang='lat' dir='ltr'><strong>fama,</strong></span> <span class='ocrx_word' id='word_1_169' title='bbox 2179 1338 2244 1393; x_wconf 83' lang='lat' dir='ltr'><strong>ad</strong></span> <span class='ocrx_word' id='word_1_170' title='bbox 2260 1325 2610 1394; x_wconf 79' lang='lat' dir='ltr'><strong>calamitatem</strong></span> <span class='ocrx_word' id='word_1_171' title='bbox 2623 1336 2785 1390; x_wconf 68' lang='lat' dir='ltr'><strong>nom.</strong></span> <span class='ocrx_word' id='word_1_172' title='bbox 2798 1337 3001 1406; x_wconf 89' lang='lat' dir='ltr'><strong>imperii</strong></span> <span class='ocrx_word' id='word_1_173' title='bbox 3017 1339 3449 1392; x_wconf 78' lang='lat' dir='ltr'><strong>Thessalonicam</strong></span> <span class='ocrx_word' id='word_1_174' title='bbox 3466 1341 3558 1390; x_wconf 86' lang='lat' dir='ltr'><strong>ad-</strong></span> 
     </span>
    </p>
   </div>
   <div class='ocr_carea' id='block_1_27' title="bbox 2001 1426 3552 1495">
    <p class='ocr_par' dir='ltr' id='par_1_27' title="bbox 2001 1426 3552 1495">
     <span class='ocr_line' id='line_1_27' title="bbox 2001 1426 3552 1495; baseline 0 -13"><span class='ocrx_word' id='word_1_175' title='bbox 2001 1429 2144 1485; x_wconf 83' lang='lat' dir='ltr'><strong>venit</strong></span> <span class='ocrx_word' id='word_1_176' title='bbox 2166 1447 2180 1491; x_wconf 88' lang='lat'><strong>;</strong></span> <span class='ocrx_word' id='word_1_177' title='bbox 2203 1428 2385 1487; x_wconf 83' lang='lat' dir='ltr'><strong>multis</strong></span> <span class='ocrx_word' id='word_1_178' title='bbox 2404 1427 2545 1484; x_wconf 81' lang='lat' dir='ltr'><strong>enim</strong></span> <span class='ocrx_word' id='word_1_179' title='bbox 2565 1426 2876 1495; x_wconf 80' lang='lat' dir='ltr'><strong>magnisque</strong></span> <span class='ocrx_word' id='word_1_180' title='bbox 2891 1427 3242 1481; x_wconf 82' lang='lat' dir='ltr'><strong>seditionibus</strong></span> <span class='ocrx_word' id='word_1_181' title='bbox 3261 1428 3552 1482; x_wconf 85' lang='lat' dir='ltr'><strong>Ecclesiam</strong></span> 
     </span>
    </p>
   </div>
   <div class='ocr_carea' id='block_1_28' title="bbox 1999 1517 3548 1589">
    <p class='ocr_par' dir='ltr' id='par_1_28' title="bbox 1999 1517 3548 1589">
     <span class='ocr_line' id='line_1_28' title="bbox 1999 1517 3548 1589; baseline -0.003 -14"><span class='ocrx_word' id='word_1_182' title='bbox 1999 1528 2244 1589; x_wconf 84' lang='lat' dir='ltr'><strong>pacatam</strong></span> <span class='ocrx_word' id='word_1_183' title='bbox 2289 1518 2546 1588; x_wconf 79' lang='lat' dir='ltr'><strong>implevit.</strong></span> <span class='ocrx_word' id='word_1_184' title='bbox 2577 1518 2677 1585; x_wconf 85' lang='lat' dir='ltr'><strong>Qui</strong></span> <span class='ocrx_word' id='word_1_185' title='bbox 2715 1532 2836 1572; x_wconf 89' lang='lat' dir='ltr'><strong>cum</strong></span> <span class='ocrx_word' id='word_1_186' title='bbox 2869 1533 2927 1573; x_wconf 90' lang='lat' dir='ltr'><strong>se</strong></span> <span class='ocrx_word' id='word_1_187' title='bbox 2955 1517 3255 1571; x_wconf 84' lang='lat' dir='ltr'><strong>Latinorum</strong></span> <span class='ocrx_word' id='word_1_188' title='bbox 3301 1518 3548 1586; x_wconf 74' lang='lat' dir='ltr'><strong>dogmata</strong></span> 
     </span>
    </p>
   </div>
   <div class='ocr_carea' id='block_1_29' title="bbox 1997 1608 3552 1681">
    <p class='ocr_par' dir='ltr' id='par_1_29' title="bbox 1997 1608 3552 1681">
     <span class='ocr_line' id='line_1_29' title="bbox 1997 1608 3552 1681; baseline -0.008 -12"><span class='ocrx_word' id='word_1_189' title='bbox 1997 1609 2394 1681; x_wconf 77' lang='lat' dir='ltr'><strong>proﬂigaturum</strong></span> <span class='ocrx_word' id='word_1_190' title='bbox 2411 1611 2734 1678; x_wconf 82' lang='lat' dir='ltr'><strong>simulasset,</strong></span> <span class='ocrx_word' id='word_1_191' title='bbox 2760 1610 2954 1666; x_wconf 75' lang='lat' dir='ltr'><strong>libellis</strong></span> <span class='ocrx_word' id='word_1_192' title='bbox 2981 1609 3238 1663; x_wconf 85' lang='lat' dir='ltr'><strong>adversus</strong></span> <span class='ocrx_word' id='word_1_193' title='bbox 3260 1608 3383 1660; x_wconf 84' lang='lat' dir='ltr'><strong>illos</strong></span> <span class='ocrx_word' id='word_1_194' title='bbox 3403 1621 3552 1658; x_wconf 83' lang='lat' dir='ltr'><strong>com-</strong></span> 
     </span>
    </p>
   </div>
   <div class='ocr_carea' id='block_1_30' title="bbox 1997 1693 3554 1768">
    <p class='ocr_par' dir='ltr' id='par_1_30' title="bbox 1997 1693 3554 1768">
     <span class='ocr_line' id='line_1_30' title="bbox 1997 1693 3554 1768; baseline -0.004 -14"><span class='ocrx_word' id='word_1_195' title='bbox 1997 1700 2203 1768; x_wconf 75' lang='lat' dir='ltr'><strong>positis,</strong></span> <span class='ocrx_word' id='word_1_196' title='bbox 2220 1701 2557 1757; x_wconf 85' lang='lat' dir='ltr'><strong>conclusione</strong></span> <span class='ocrx_word' id='word_1_197' title='bbox 2571 1697 3241 1768; x_wconf 70' lang='lat' dir='ltr'><strong>rationumldemonstrabat</strong></span> <span class='ocrx_word' id='word_1_198' title='bbox 3257 1711 3349 1750; x_wconf 90' lang='lat' dir='ltr'><strong>eos</strong></span> <span class='ocrx_word' id='word_1_199' title='bbox 3363 1695 3414 1748; x_wconf 90' lang='lat' dir='ltr'><strong>in</strong></span> <span class='ocrx_word' id='word_1_200' title='bbox 3434 1693 3554 1748; x_wconf 84' lang='lat' dir='ltr'><strong>reli-</strong></span> 
     </span>
    </p>
   </div>
   <div class='ocr_carea' id='block_1_31' title="bbox 366 1785 3554 1862">
    <p class='ocr_par' dir='ltr' id='par_1_31' title="bbox 366 1785 3554 1862">
     <span class='ocr_line' id='line_1_31' title="bbox 366 1785 3554 1862; baseline 0 -22"><span class='ocrx_word' id='word_1_201' title='bbox 366 1791 731 1855; x_wconf 84' lang='lat' dir='ltr'><strong>spectantihus</strong></span> <span class='ocrx_word' id='word_1_202' title='bbox 755 1805 856 1858; x_wconf 75' lang='lat' dir='ltr'><strong>ego</strong></span> <span class='ocrx_word' id='word_1_203' title='bbox 885 1793 1096 1846; x_wconf 89' lang='lat' dir='ltr'><strong>credam</strong></span> <span class='ocrx_word' id='word_1_204' title='bbox 1121 1791 1147 1844; x_wconf 71' lang='grc' dir='ltr'>ἳ</span> <span class='ocrx_word' id='word_1_205' title='bbox 1166 1807 1186 1842; x_wconf 82' lang='lat' dir='ltr'><strong>t</strong></span> <span class='ocrx_word' id='word_1_206' title='bbox 1229 1792 1312 1844; x_wconf 79' lang='lat' dir='ltr'><strong>Ab</strong></span> <span class='ocrx_word' id='word_1_207' title='bbox 1342 1805 1408 1845; x_wconf 89' lang='lat' dir='ltr'><strong>eo</strong></span> <span class='ocrx_word' id='word_1_208' title='bbox 1435 1805 1651 1862; x_wconf 78' lang='lat' dir='ltr'><strong>quoque</strong></span> <span class='ocrx_word' id='word_1_209' title='bbox 1673 1790 1894 1847; x_wconf 74' lang='lat' dir='ltr'><strong>Paulum</strong></span> <span class='ocrx_word' id='word_1_210' title='bbox 1931 1839 1970 1862; x_wconf 76' lang='lat'><strong>_</strong></span> <span class='ocrx_word' id='word_1_211' title='bbox 2000 1790 2174 1856; x_wconf 79' lang='lat' dir='ltr'><strong>gionis</strong></span> <span class='ocrx_word' id='word_1_212' title='bbox 2189 1791 2429 1846; x_wconf 85' lang='lat' dir='ltr'><strong>doctrina</strong></span> <span class='ocrx_word' id='word_1_213' title='bbox 2451 1792 2765 1846; x_wconf 88' lang='lat' dir='ltr'><strong>hallucinari</strong></span> <span class='ocrx_word' id='word_1_214' title='bbox 2784 1807 2846 1845; x_wconf 86' lang='lat' dir='ltr'><strong>ac</strong></span> <span class='ocrx_word' id='word_1_215' title='bbox 2867 1790 2990 1851; x_wconf 91' lang='lat' dir='ltr'><strong>labi,</strong></span> <span class='ocrx_word' id='word_1_216' title='bbox 3014 1788 3317 1854; x_wconf 70' lang='lat' dir='ltr'><strong>nostrisque</strong></span> <span class='ocrx_word' id='word_1_217' title='bbox 3351 1785 3554 1854; x_wconf 79' lang='lat' dir='ltr'><strong>gande-</strong></span> 
     </span>
    </p>
   </div>
   <div class='ocr_carea' id='block_1_32' title="bbox 365 1839 3555 1951">
    <p class='ocr_par' dir='ltr' id='par_1_32' title="bbox 365 1839 3555 1951">
     <span class='ocr_line' id='line_1_32' title="bbox 365 1839 3555 1951; baseline -0.001 -19"><span class='ocrx_word' id='word_1_218' title='bbox 365 1876 705 1941; x_wconf 81' lang='lat' dir='ltr'><strong>Perusinum,</strong></span> <span class='ocrx_word' id='word_1_219' title='bbox 730 1839 989 1947; x_wconf 56' lang='lat' dir='ltr'><strong>et&#39;ipsum</strong></span> <span class='ocrx_word' id='word_1_220' title='bbox 1019 1878 1284 1933; x_wconf 83' lang='lat' dir='ltr'><strong>Barlaami</strong></span> <span class='ocrx_word' id='word_1_221' title='bbox 1311 1881 1364 1932; x_wconf 88' lang='lat' dir='ltr'><strong>in</strong></span> <span class='ocrx_word' id='word_1_222' title='bbox 1394 1839 1575 1937; x_wconf 54' lang='lat' dir='ltr'><strong>ciae;</strong></span> <span class='ocrx_word' id='word_1_223' title='bbox 1599 1880 1779 1949; x_wconf 82' lang='lat' dir='ltr'><strong>lingua</strong></span> <span class='ocrx_word' id='word_1_224' title='bbox 1806 1898 1903 1938; x_wconf 86' lang='lat' dir='ltr'><strong>au-</strong></span> <span class='ocrx_word' id='word_1_225' title='bbox 1929 1839 1975 1900; x_wconf 62' lang='grc' dir='ltr'><strong>Β</strong></span> <span class='ocrx_word' id='word_1_226' title='bbox 2004 1880 2093 1932; x_wconf 77' lang='lat' dir='ltr'><strong>bat</strong></span> <span class='ocrx_word' id='word_1_227' title='bbox 2117 1880 2378 1935; x_wconf 86' lang='lat' dir='ltr'><strong>institutis</strong></span> <span class='ocrx_word' id='word_1_228' title='bbox 2396 1891 2445 1936; x_wconf 87' lang='lat' dir='ltr'><strong>et</strong></span> <span class='ocrx_word' id='word_1_229' title='bbox 2463 1882 2688 1951; x_wconf 75' lang='lat' dir='ltr'><strong>legibus,</strong></span> <span class='ocrx_word' id='word_1_230' title='bbox 2705 1891 2804 1936; x_wconf 90' lang='lat' dir='ltr'><strong>eta</strong></span> <span class='ocrx_word' id='word_1_231' title='bbox 2820 1896 2877 1935; x_wconf 88' lang='lat' dir='ltr'><strong>se</strong></span> <span class='ocrx_word' id='word_1_232' title='bbox 2889 1880 3194 1933; x_wconf 81' lang='lat' dir='ltr'><strong>Latinorum</strong></span> <span class='ocrx_word' id='word_1_233' title='bbox 3210 1874 3555 1931; x_wconf 72' lang='lat' dir='ltr'><strong>cmremoniaa</strong></span> 
     </span>
    </p>
   </div>
   <div class='ocr_carea' id='block_1_33' title="bbox 366 1967 1906 2040">
    <p class='ocr_par' dir='ltr' id='par_1_33' title="bbox 366 1967 1906 2040">
     <span class='ocr_line' id='line_1_33' title="bbox 366 1967 1906 2040; baseline 0.004 -18"><span class='ocrx_word' id='word_1_234' title='bbox 366 1967 617 2032; x_wconf 81' lang='lat' dir='ltr'><strong>ditorem,</strong></span> <span class='ocrx_word' id='word_1_235' title='bbox 652 1969 704 2022; x_wconf 87' lang='lat' dir='ltr'><strong>in</strong></span> <span class='ocrx_word' id='word_1_236' title='bbox 736 1969 1065 2023; x_wconf 80' lang='lat' dir='ltr'><strong>collectanea</strong></span> <span class='ocrx_word' id='word_1_237' title='bbox 1091 1984 1188 2024; x_wconf 89' lang='lat' dir='ltr'><strong>sua</strong></span> <span class='ocrx_word' id='word_1_238' title='bbox 1228 1970 1585 2033; x_wconf 81' lang='lat' dir='ltr'><strong>conficienda,</strong></span> <span class='ocrx_word' id='word_1_239' title='bbox 1614 1971 1906 2040; x_wconf 85' lang='lat' dir='ltr'><strong>profecisse</strong></span> 
     </span>
    </p>
   </div>
   <div class='ocr_carea' id='block_1_34' title="bbox 366 2057 1910 2126">
    <p class='ocr_par' dir='ltr' id='par_1_34' title="bbox 366 2057 1910 2126">
     <span class='ocr_line' id='line_1_34' title="bbox 366 2057 1910 2126; baseline 0.003 -16"><span class='ocrx_word' id='word_1_240' title='bbox 366 2064 534 2120; x_wconf 75' lang='lat' dir='ltr'><strong>notat,</strong></span> <span class='ocrx_word' id='word_1_241' title='bbox 559 2067 680 2126; x_wconf 81' lang='lat' dir='ltr'><strong>post</strong></span> <span class='ocrx_word' id='word_1_242' title='bbox 709 2059 977 2111; x_wconf 82' lang='lat' dir='ltr'><strong>laudatum</strong></span> <span class='ocrx_word' id='word_1_243' title='bbox 1006 2057 1311 2112; x_wconf 82' lang='lat' dir='ltr'><strong>Boccatium</strong></span> <span class='ocrx_word' id='word_1_244' title='bbox 1355 2059 1459 2113; x_wconf 88' lang='lat' dir='ltr'><strong>loc.</strong></span> <span class='ocrx_word' id='word_1_245' title='bbox 1505 2061 1623 2125; x_wconf 88' lang='lat' dir='ltr'><strong>cit.,</strong></span> <span class='ocrx_word' id='word_1_246' title='bbox 1670 2061 1910 2116; x_wconf 80' lang='lat' dir='ltr'><strong>Volater-</strong></span> 
     </span>
    </p>
   </div>
   <div class='ocr_carea' id='block_1_35' title="bbox 367 2147 1905 2217">
    <p class='ocr_par' dir='ltr' id='par_1_35' title="bbox 367 2147 1905 2217">
     <span class='ocr_line' id='line_1_35' title="bbox 367 2147 1905 2217; baseline 0.006 -19"><span class='ocrx_word' id='word_1_247' title='bbox 367 2161 530 2201; x_wconf 85' lang='lat' dir='ltr'><strong>ranus</strong></span> <span class='ocrx_word' id='word_1_248' title='bbox 551 2147 605 2200; x_wconf 85' lang='lat' dir='ltr'><strong>in</strong></span> <span class='ocrx_word' id='word_1_249' title='bbox 631 2147 933 2213; x_wconf 73' lang='lat' dir='ltr'><strong>Anthropol.</strong></span> <span class='ocrx_word' id='word_1_250' title='bbox 970 2147 1198 2202; x_wconf 68' lang='lat' dir='ltr'><strong>«Eodem</strong></span> <span class='ocrx_word' id='word_1_251' title='bbox 1229 2147 1336 2204; x_wconf 85' lang='lat' dir='ltr'><strong>iere</strong></span> <span class='ocrx_word' id='word_1_252' title='bbox 1371 2159 1608 2217; x_wconf 85' lang='lat' dir='ltr'><strong>tempore</strong></span> <span class='ocrx_word' id='word_1_253' title='bbox 1661 2150 1905 2206; x_wconf 87' lang='lat' dir='ltr'><strong>Barlaam</strong></span> 
     </span>
    </p>
   </div>
   <div class='ocr_carea' id='block_1_36' title="bbox 367 2236 1907 2305">
    <p class='ocr_par' dir='ltr' id='par_1_36' title="bbox 367 2236 1907 2305">
     <span class='ocr_line' id='line_1_36' title="bbox 367 2236 1907 2305; baseline -0.001 -12"><span class='ocrx_word' id='word_1_254' title='bbox 367 2238 593 2293; x_wconf 75' lang='lat' dir='ltr'><strong>Calaber</strong></span> <span class='ocrx_word' id='word_1_255' title='bbox 625 2239 867 2305; x_wconf 86' lang='lat' dir='ltr'><strong>quidam,</strong></span> <span class='ocrx_word' id='word_1_256' title='bbox 899 2236 956 2290; x_wconf 81' lang='lat'><strong>8.</strong></span> <span class='ocrx_word' id='word_1_257' title='bbox 983 2238 1166 2292; x_wconf 83' lang='lat' dir='ltr'><strong>Basilii</strong></span> <span class='ocrx_word' id='word_1_258' title='bbox 1197 2239 1511 2303; x_wconf 80' lang='lat' dir='ltr'><strong>monachus,</strong></span> <span class='ocrx_word' id='word_1_259' title='bbox 1537 2248 1762 2305; x_wconf 84' lang='lat' dir='ltr'><strong>utraque</strong></span> <span class='ocrx_word' id='word_1_260' title='bbox 1805 2240 1907 2291; x_wconf 73' lang='lat' dir='ltr'><strong>lin-</strong></span> 
     </span>
    </p>
   </div>
   <div class='ocr_carea' id='block_1_37' title="bbox 368 2327 1911 2397">
    <p class='ocr_par' dir='ltr' id='par_1_37' title="bbox 368 2327 1911 2397">
     <span class='ocr_line' id='line_1_37' title="bbox 368 2327 1911 2397; baseline 0.001 -19"><span class='ocrx_word' id='word_1_261' title='bbox 368 2343 467 2397; x_wconf 85' lang='lat' dir='ltr'><strong>gua</strong></span> <span class='ocrx_word' id='word_1_262' title='bbox 526 2328 788 2393; x_wconf 87' lang='lat' dir='ltr'><strong>eruditus,</strong></span> <span class='ocrx_word' id='word_1_263' title='bbox 819 2329 1036 2390; x_wconf 85' lang='lat' dir='ltr'><strong>multas,</strong></span> <span class='ocrx_word' id='word_1_264' title='bbox 1065 2342 1186 2396; x_wconf 67' lang='lat' dir='ltr'><strong>qua</strong></span> <span class='ocrx_word' id='word_1_265' title='bbox 1229 2327 1294 2380; x_wconf 88' lang='lat' dir='ltr'><strong>ad</strong></span> <span class='ocrx_word' id='word_1_266' title='bbox 1324 2330 1422 2382; x_wconf 89' lang='lat' dir='ltr'><strong>bas</strong></span> <span class='ocrx_word' id='word_1_267' title='bbox 1456 2329 1722 2396; x_wconf 84' lang='lat' dir='ltr'><strong>pertinent</strong></span> <span class='ocrx_word' id='word_1_268' title='bbox 1751 2328 1911 2380; x_wconf 82' lang='lat' dir='ltr'><strong>disci-</strong></span> 
     </span>
    </p>
   </div>
   <div class='ocr_carea' id='block_1_38' title="bbox 366 2414 1907 2486">
    <p class='ocr_par' dir='ltr' id='par_1_38' title="bbox 366 2414 1907 2486">
     <span class='ocr_line' id='line_1_38' title="bbox 366 2414 1907 2486; baseline 0.002 -19"><span class='ocrx_word' id='word_1_269' title='bbox 366 2419 542 2484; x_wconf 82' lang='lat' dir='ltr'><strong>plinas</strong></span> <span class='ocrx_word' id='word_1_270' title='bbox 575 2432 682 2471; x_wconf 83' lang='lat' dir='ltr'><strong>uno</strong></span> <span class='ocrx_word' id='word_1_271' title='bbox 713 2418 985 2471; x_wconf 87' lang='lat' dir='ltr'><strong>volumine</strong></span> <span class='ocrx_word' id='word_1_272' title='bbox 1025 2419 1217 2486; x_wconf 87' lang='lat' dir='ltr'><strong>coegit.</strong></span> <span class='ocrx_word' id='word_1_273' title='bbox 1247 2416 1418 2480; x_wconf 84' lang='lat' dir='ltr'><strong>Quem</strong></span> <span class='ocrx_word' id='word_1_274' title='bbox 1445 2417 1688 2470; x_wconf 78' lang='lat' dir='ltr'><strong>imitatus</strong></span> <span class='ocrx_word' id='word_1_275' title='bbox 1708 2414 1907 2470; x_wconf 82' lang='lat' dir='ltr'><strong>Paulus</strong></span> 
     </span>
    </p>
   </div>
   <div class='ocr_carea' id='block_1_39' title="bbox 365 2507 1912 2578">
    <p class='ocr_par' dir='ltr' id='par_1_39' title="bbox 365 2507 1912 2578">
     <span class='ocr_line' id='line_1_39' title="bbox 365 2507 1912 2578; baseline 0.003 -18"><span class='ocrx_word' id='word_1_276' title='bbox 365 2507 692 2564; x_wconf 83' lang='lat' dir='ltr'><strong>Pcrusianus</strong></span> <span class='ocrx_word' id='word_1_277' title='bbox 733 2509 1096 2576; x_wconf 62' lang='lat' dir='ltr'><strong>iurisperitus,</strong></span> <span class='ocrx_word' id='word_1_278' title='bbox 1125 2507 1239 2573; x_wconf 86' lang='lat' dir='ltr'><strong>ejus</strong></span> <span class='ocrx_word' id='word_1_279' title='bbox 1266 2507 1581 2576; x_wconf 85' lang='lat' dir='ltr'><strong>discipulus,</strong></span> <span class='ocrx_word' id='word_1_280' title='bbox 1626 2507 1912 2578; x_wconf 65' lang='lat' dir='ltr'><strong>praiectuo</strong></span> 
     </span>
    </p>
   </div>
   <div class='ocr_carea' id='block_1_40' title="bbox 366 2595 1910 2666">
    <p class='ocr_par' dir='ltr' id='par_1_40' title="bbox 366 2595 1910 2666">
     <span class='ocr_line' id='line_1_40' title="bbox 366 2595 1910 2666; baseline 0.003 -15"><span class='ocrx_word' id='word_1_281' title='bbox 366 2596 702 2651; x_wconf 72' lang='lat' dir='ltr'><strong>bibliotheca</strong></span> <span class='ocrx_word' id='word_1_282' title='bbox 729 2595 948 2648; x_wconf 78' lang='lat' dir='ltr'><strong>Roherti</strong></span> <span class='ocrx_word' id='word_1_283' title='bbox 973 2632 991 2658; x_wconf 93' lang='lat'><strong>,</strong></span> <span class='ocrx_word' id='word_1_284' title='bbox 1021 2595 1213 2649; x_wconf 79' lang='lat' dir='ltr'><strong>Sicilia:</strong></span> <span class='ocrx_word' id='word_1_285' title='bbox 1239 2598 1402 2665; x_wconf 82' lang='lat' dir='ltr'><strong>regis,</strong></span> <span class='ocrx_word' id='word_1_286' title='bbox 1433 2611 1555 2650; x_wconf 89' lang='lat' dir='ltr'><strong>cum</strong></span> <span class='ocrx_word' id='word_1_287' title='bbox 1586 2597 1743 2666; x_wconf 87' lang='lat' dir='ltr'><strong>plane</strong></span> <span class='ocrx_word' id='word_1_288' title='bbox 1765 2599 1910 2656; x_wconf 73' lang='lat' dir='ltr'><strong>litte-</strong></span> 
     </span>
    </p>
   </div>
   <div class='ocr_carea' id='block_1_41' title="bbox 368 2690 1804 2761">
    <p class='ocr_par' dir='ltr' id='par_1_41' title="bbox 368 2690 1804 2761">
     <span class='ocr_line' id='line_1_41' title="bbox 368 2690 1804 2761; baseline 0.001 -16"><span class='ocrx_word' id='word_1_289' title='bbox 368 2699 516 2745; x_wconf 88' lang='lat' dir='ltr'><strong>ratus</strong></span> <span class='ocrx_word' id='word_1_290' title='bbox 543 2700 685 2744; x_wconf 85' lang='lat' dir='ltr'><strong>esset</strong></span> <span class='ocrx_word' id='word_1_291' title='bbox 708 2717 744 2753; x_wconf 87' lang='lat'><strong>,-</strong></span> <span class='ocrx_word' id='word_1_292' title='bbox 780 2691 945 2743; x_wconf 87' lang='lat' dir='ltr'><strong>multa</strong></span> <span class='ocrx_word' id='word_1_293' title='bbox 986 2698 1039 2744; x_wconf 91' lang='lat' dir='ltr'><strong>et</strong></span> <span class='ocrx_word' id='word_1_294' title='bbox 1074 2690 1186 2758; x_wconf 87' lang='lat' dir='ltr'><strong>ipse</strong></span> <span class='ocrx_word' id='word_1_295' title='bbox 1218 2690 1545 2745; x_wconf 82' lang='lat' dir='ltr'><strong>collectanea</strong></span> <span class='ocrx_word' id='word_1_296' title='bbox 1570 2691 1804 2761; x_wconf 78' lang='lat' dir='ltr'><strong>reliquit.</strong></span> 
     </span>
    </p>
   </div>
   <div class='ocr_carea' id='block_1_42' title="bbox 433 2779 1913 2848">
    <p class='ocr_par' dir='ltr' id='par_1_42' title="bbox 433 2779 1913 2848">
     <span class='ocr_line' id='line_1_42' title="bbox 433 2779 1913 2848; baseline 0 -15"><span class='ocrx_word' id='word_1_297' title='bbox 433 2779 660 2848; x_wconf 87' lang='lat' dir='ltr'><strong>Scripsit</strong></span> <span class='ocrx_word' id='word_1_298' title='bbox 694 2779 1003 2833; x_wconf 67' lang='lat' dir='ltr'><strong>Barltamus</strong></span> <span class='ocrx_word' id='word_1_299' title='bbox 1034 2780 1200 2834; x_wconf 87' lang='lat' dir='ltr'><strong>multa</strong></span> <span class='ocrx_word' id='word_1_300' title='bbox 1216 2787 1269 2834; x_wconf 87' lang='lat' dir='ltr'><strong>et</strong></span> <span class='ocrx_word' id='word_1_301' title='bbox 1302 2780 1474 2846; x_wconf 77' lang='lat' dir='ltr'><strong>varia,</strong></span> <span class='ocrx_word' id='word_1_302' title='bbox 1503 2793 1599 2848; x_wconf 90' lang='lat' dir='ltr'><strong>pro</strong></span> <span class='ocrx_word' id='word_1_303' title='bbox 1620 2795 1730 2835; x_wconf 70' lang='lat' dir='ltr'><strong>sua:</strong></span> <span class='ocrx_word' id='word_1_304' title='bbox 1761 2795 1913 2838; x_wconf 56' lang='lat' dir='ltr'><strong>men.</strong></span> 
     </span>
    </p>
   </div>
   <div class='ocr_carea' id='block_1_43' title="bbox 366 2867 1918 2940">
    <p class='ocr_par' dir='ltr' id='par_1_43' title="bbox 366 2867 1918 2940">
     <span class='ocr_line' id='line_1_43' title="bbox 366 2867 1918 2940; baseline -0.001 -16"><span class='ocrx_word' id='word_1_305' title='bbox 366 2868 436 2925; x_wconf 79' lang='lat' dir='ltr'><strong>tia</strong></span> <span class='ocrx_word' id='word_1_306' title='bbox 455 2871 736 2940; x_wconf 79' lang='lat' dir='ltr'><strong>vertigine,</strong></span> <span class='ocrx_word' id='word_1_307' title='bbox 763 2882 817 2925; x_wconf 85' lang='lat' dir='ltr'><strong>et</strong></span> <span class='ocrx_word' id='word_1_308' title='bbox 845 2870 1122 2923; x_wconf 81' lang='lat' dir='ltr'><strong>varietate.</strong></span> <span class='ocrx_word' id='word_1_309' title='bbox 1168 2867 1301 2922; x_wconf 78' lang='lat' dir='ltr'><strong>Nam</strong></span> <span class='ocrx_word' id='word_1_310' title='bbox 1329 2869 1500 2938; x_wconf 81' lang='lat' dir='ltr'><strong>primo</strong></span> <span class='ocrx_word' id='word_1_311' title='bbox 1534 2870 1750 2938; x_wconf 79' lang='lat' dir='ltr'><strong>quidem</strong></span> <span class='ocrx_word' id='word_1_312' title='bbox 1777 2870 1918 2926; x_wconf 70' lang='lat' dir='ltr'><strong>Con.</strong></span> 
     </span>
    </p>
   </div>
   <div class='ocr_carea' id='block_1_44' title="bbox 365 2955 1916 3037">
    <p class='ocr_par' dir='ltr' id='par_1_44' title="bbox 365 2955 1916 3037">
     <span class='ocr_line' id='line_1_44' title="bbox 365 2955 1916 3037; baseline 0.001 -25"><span class='ocrx_word' id='word_1_313' title='bbox 365 2957 768 3026; x_wconf 86' lang='lat' dir='ltr'><strong>stantiuopolim</strong></span> <span class='ocrx_word' id='word_1_314' title='bbox 803 2958 1046 3020; x_wconf 84' lang='lat' dir='ltr'><strong>veniens,</strong></span> <span class='ocrx_word' id='word_1_315' title='bbox 1072 2955 1380 3010; x_wconf 64' lang='lat' dir='ltr'><strong>Graecorum</strong></span> <span class='ocrx_word' id='word_1_316' title='bbox 1400 2959 1678 3014; x_wconf 85' lang='lat' dir='ltr'><strong>erroribus</strong></span> <span class='ocrx_word' id='word_1_317' title='bbox 1697 2960 1916 3037; x_wconf 84' lang='lat' dir='ltr'><strong>scriptis</strong></span> 
     </span>
    </p>
   </div>
   <div class='ocr_carea' id='block_1_45' title="bbox 365 3043 1912 3113">
    <p class='ocr_par' dir='ltr' id='par_1_45' title="bbox 365 3043 1912 3113">
     <span class='ocr_line' id='line_1_45' title="bbox 365 3043 1912 3113; baseline 0.003 -14"><span class='ocrx_word' id='word_1_318' title='bbox 365 3044 476 3099; x_wconf 80' lang='lat' dir='ltr'><strong>suis</strong></span> <span class='ocrx_word' id='word_1_319' title='bbox 505 3044 682 3098; x_wconf 87' lang='lat' dir='ltr'><strong>favere</strong></span> <span class='ocrx_word' id='word_1_320' title='bbox 719 3045 882 3111; x_wconf 64' lang='lat' dir='ltr'><strong>erepit</strong></span> <span class='ocrx_word' id='word_1_321' title='bbox 913 3062 928 3096; x_wconf 89' lang='lat'><strong>:</strong></span> <span class='ocrx_word' id='word_1_322' title='bbox 958 3045 1080 3098; x_wconf 85' lang='lat' dir='ltr'><strong>dein</strong></span> <span class='ocrx_word' id='word_1_323' title='bbox 1128 3043 1183 3098; x_wconf 90' lang='lat' dir='ltr'><strong>in</strong></span> <span class='ocrx_word' id='word_1_324' title='bbox 1228 3056 1285 3097; x_wconf 83' lang='lat' dir='ltr'><strong>se</strong></span> <span class='ocrx_word' id='word_1_325' title='bbox 1321 3043 1576 3113; x_wconf 79' lang='lat' dir='ltr'><strong>primum,</strong></span> <span class='ocrx_word' id='word_1_326' title='bbox 1607 3053 1662 3105; x_wconf 73' lang='lat' dir='ltr'><strong>et</strong></span> <span class='ocrx_word' id='word_1_327' title='bbox 1705 3061 1829 3103; x_wconf 76' lang='lat' dir='ltr'><strong>mox</strong></span> <span class='ocrx_word' id='word_1_328' title='bbox 1861 3050 1912 3106; x_wconf 88' lang='lat' dir='ltr'><strong>in</strong></span> 
     </span>
    </p>
   </div>
   <div class='ocr_carea' id='block_1_46' title="bbox 364 3118 1977 3208">
    <p class='ocr_par' dir='ltr' id='par_1_46' title="bbox 364 3118 1977 3208">
     <span class='ocr_line' id='line_1_46' title="bbox 364 3118 1977 3208; baseline -0.002 -19"><span class='ocrx_word' id='word_1_329' title='bbox 364 3133 571 3189; x_wconf 83' lang='lat' dir='ltr'><strong>italiam</strong></span> <span class='ocrx_word' id='word_1_330' title='bbox 591 3145 863 3208; x_wconf 73' lang='lat' dir='ltr'><strong>reversus,</strong></span> <span class='ocrx_word' id='word_1_331' title='bbox 898 3147 961 3188; x_wconf 87' lang='lat' dir='ltr'><strong>ac</strong></span> <span class='ocrx_word' id='word_1_332' title='bbox 991 3133 1330 3192; x_wconf 83' lang='lat' dir='ltr'><strong>ilieracensis</strong></span> <span class='ocrx_word' id='word_1_333' title='bbox 1362 3135 1703 3205; x_wconf 72' lang='lat' dir='ltr'><strong>episcopitus</strong></span> <span class='ocrx_word' id='word_1_334' title='bbox 1731 3136 1909 3206; x_wconf 48' lang='lat' dir='ltr'><strong>digni-2</strong></span> <span class='ocrx_word' id='word_1_335' title='bbox 1935 3118 1977 3186; x_wconf 67' lang='grc' dir='ltr'><strong>ὓ</strong></span> 
     </span>
    </p>
   </div>
   <div class='ocr_carea' id='block_1_47' title="bbox 365 3221 1914 3290">
    <p class='ocr_par' dir='ltr' id='par_1_47' title="bbox 365 3221 1914 3290">
     <span class='ocr_line' id='line_1_47' title="bbox 365 3221 1914 3290; baseline 0 -14"><span class='ocrx_word' id='word_1_336' title='bbox 365 3232 472 3276; x_wconf 83' lang='lat' dir='ltr'><strong>tate</strong></span> <span class='ocrx_word' id='word_1_337' title='bbox 488 3231 542 3276; x_wconf 87' lang='lat' dir='ltr'><strong>et</strong></span> <span class='ocrx_word' id='word_1_338' title='bbox 585 3221 786 3274; x_wconf 83' lang='lat' dir='ltr'><strong>honore</strong></span> <span class='ocrx_word' id='word_1_339' title='bbox 807 3221 1028 3290; x_wconf 81' lang='lat' dir='ltr'><strong>potitus,</strong></span> <span class='ocrx_word' id='word_1_340' title='bbox 1073 3222 1792 3289; x_wconf 75' lang='lat' dir='ltr'><strong>queislaveral,Gr:ecerum</strong></span> <span class='ocrx_word' id='word_1_341' title='bbox 1825 3241 1914 3281; x_wconf 64' lang='lat' dir='ltr'><strong>er.-</strong></span> 
     </span>
    </p>
   </div>
   <div class='ocr_carea' id='block_1_48' title="bbox 360 3309 1914 3381">
    <p class='ocr_par' dir='ltr' id='par_1_48' title="bbox 360 3309 1914 3381">
     <span class='ocr_line' id='line_1_48' title="bbox 360 3309 1914 3381; baseline 0.003 -16"><span class='ocrx_word' id='word_1_342' title='bbox 360 3325 516 3370; x_wconf 78' lang='lat' dir='ltr'><strong>rores</strong></span> <span class='ocrx_word' id='word_1_343' title='bbox 538 3309 883 3373; x_wconf 86' lang='lat' dir='ltr'><strong>recantando,</strong></span> <span class='ocrx_word' id='word_1_344' title='bbox 909 3310 1226 3365; x_wconf 68' lang='lat' dir='ltr'><strong>essuﬂavit.</strong></span> <span class='ocrx_word' id='word_1_345' title='bbox 1253 3311 1326 3364; x_wconf 78' lang='lat' dir='ltr'><strong>Es</strong></span> <span class='ocrx_word' id='word_1_346' title='bbox 1355 3325 1465 3378; x_wconf 86' lang='lat' dir='ltr'><strong>quo</strong></span> <span class='ocrx_word' id='word_1_347' title='bbox 1488 3312 1822 3381; x_wconf 70' lang='lat' dir='ltr'><strong>aequivocum</strong></span> <span class='ocrx_word' id='word_1_348' title='bbox 1846 3316 1914 3370; x_wconf 90' lang='lat' dir='ltr'><strong>de</strong></span> 
     </span>
    </p>
   </div>
   <div class='ocr_carea' id='block_1_49' title="bbox 361 3396 1907 3467">
    <p class='ocr_par' dir='ltr' id='par_1_49' title="bbox 361 3396 1907 3467">
     <span class='ocr_line' id='line_1_49' title="bbox 361 3396 1907 3467; baseline 0.001 -15"><span class='ocrx_word' id='word_1_349' title='bbox 361 3398 556 3467; x_wconf 87' lang='lat' dir='ltr'><strong>duplici</strong></span> <span class='ocrx_word' id='word_1_350' title='bbox 590 3397 869 3456; x_wconf 77' lang='lat' dir='ltr'><strong>iiarlaamo</strong></span> <span class='ocrx_word' id='word_1_351' title='bbox 902 3400 1039 3465; x_wconf 85' lang='lat' dir='ltr'><strong>apud</strong></span> <span class='ocrx_word' id='word_1_352' title='bbox 1063 3396 1303 3450; x_wconf 87' lang='lat' dir='ltr'><strong>eruditos</strong></span> <span class='ocrx_word' id='word_1_353' title='bbox 1329 3398 1561 3465; x_wconf 87' lang='lat' dir='ltr'><strong>irrepsit,</strong></span> <span class='ocrx_word' id='word_1_354' title='bbox 1585 3401 1678 3467; x_wconf 85' lang='lat' dir='ltr'><strong>qui</strong></span> <span class='ocrx_word' id='word_1_355' title='bbox 1708 3411 1907 3465; x_wconf 85' lang='lat' dir='ltr'><strong>tamen,</strong></span> 
     </span>
    </p>
   </div>
   <div class='ocr_carea' id='block_1_50' title="bbox 361 3481 1898 3555">
    <p class='ocr_par' dir='ltr' id='par_1_50' title="bbox 361 3481 1898 3555">
     <span class='ocr_line' id='line_1_50' title="bbox 361 3481 1898 3555; baseline -0.001 -16"><span class='ocrx_word' id='word_1_356' title='bbox 361 3487 555 3546; x_wconf 70' lang='lat' dir='ltr'><strong>Allatio</strong></span> <span class='ocrx_word' id='word_1_357' title='bbox 581 3494 742 3550; x_wconf 82' lang='lat' dir='ltr'><strong>teste,</strong></span> <span class='ocrx_word' id='word_1_358' title='bbox 777 3495 1060 3551; x_wconf 84' lang='lat' dir='ltr'><strong>nugantur.</strong></span> <span class='ocrx_word' id='word_1_359' title='bbox 1108 3501 1125 3533; x_wconf 72' lang='grc' dir='ltr'><strong><em>ι</em></strong></span> <span class='ocrx_word' id='word_1_360' title='bbox 1166 3481 1299 3538; x_wconf 80' lang='lat' dir='ltr'><strong>illnc</strong></span> <span class='ocrx_word' id='word_1_361' title='bbox 1327 3484 1504 3549; x_wconf 85' lang='lat' dir='ltr'><strong>plane,</strong></span> <span class='ocrx_word' id='word_1_362' title='bbox 1548 3487 1645 3547; x_wconf 86' lang='lat' dir='ltr'><strong>ait,</strong></span> <span class='ocrx_word' id='word_1_363' title='bbox 1707 3486 1898 3555; x_wconf 83' lang='lat' dir='ltr'><strong>nugari</strong></span> 
     </span>
    </p>
   </div>
   <div class='ocr_carea' id='block_1_51' title="bbox 363 3570 1896 3640">
    <p class='ocr_par' dir='ltr' id='par_1_51' title="bbox 363 3570 1896 3640">
     <span class='ocr_line' id='line_1_51' title="bbox 363 3570 1896 3640; baseline 0 -14"><span class='ocrx_word' id='word_1_364' title='bbox 363 3575 629 3635; x_wconf 81' lang='lat' dir='ltr'><strong>videntur,</strong></span> <span class='ocrx_word' id='word_1_365' title='bbox 675 3574 768 3640; x_wconf 80' lang='lat' dir='ltr'><strong>qui</strong></span> <span class='ocrx_word' id='word_1_366' title='bbox 805 3586 925 3625; x_wconf 91' lang='lat' dir='ltr'><strong>cum</strong></span> <span class='ocrx_word' id='word_1_367' title='bbox 981 3585 1086 3623; x_wconf 87' lang='lat' dir='ltr'><strong>non</strong></span> <span class='ocrx_word' id='word_1_368' title='bbox 1123 3570 1420 3638; x_wconf 78' lang='lat' dir='ltr'><strong>intelligant</strong></span> <span class='ocrx_word' id='word_1_369' title='bbox 1447 3571 1896 3640; x_wconf 79' lang='lat' dir='ltr'><strong>quemadmodum</strong></span> 
     </span>
    </p>
   </div>
   <div class='ocr_carea' id='block_1_52' title="bbox 361 3658 1899 3729">
    <p class='ocr_par' dir='ltr' id='par_1_52' title="bbox 361 3658 1899 3729">
     <span class='ocr_line' id='line_1_52' title="bbox 361 3658 1899 3729; baseline 0.001 -14"><span class='ocrx_word' id='word_1_370' title='bbox 361 3677 501 3717; x_wconf 83' lang='lat' dir='ltr'><strong>unus</strong></span> <span class='ocrx_word' id='word_1_371' title='bbox 536 3663 794 3729; x_wconf 89' lang='lat' dir='ltr'><strong>idemque,</strong></span> <span class='ocrx_word' id='word_1_372' title='bbox 834 3670 886 3713; x_wconf 88' lang='lat' dir='ltr'><strong>ct</strong></span> <span class='ocrx_word' id='word_1_373' title='bbox 938 3673 1036 3728; x_wconf 90' lang='lat' dir='ltr'><strong>pro</strong></span> <span class='ocrx_word' id='word_1_374' title='bbox 1082 3658 1234 3712; x_wconf 76' lang='lat' dir='ltr'><strong>nom.</strong></span> <span class='ocrx_word' id='word_1_375' title='bbox 1271 3658 1505 3714; x_wconf 85' lang='lat' dir='ltr'><strong>Ecclesia</strong></span> <span class='ocrx_word' id='word_1_376' title='bbox 1537 3666 1720 3715; x_wconf 87' lang='lat' dir='ltr'><strong>contra</strong></span> <span class='ocrx_word' id='word_1_377' title='bbox 1752 3661 1899 3716; x_wconf 68' lang='lat' dir='ltr'><strong>Grae-</strong></span> 
     </span>
    </p>
   </div>
   <div class='ocr_carea' id='block_1_53' title="bbox 363 3748 1896 3820">
    <p class='ocr_par' dir='ltr' id='par_1_53' title="bbox 363 3748 1896 3820">
     <span class='ocr_line' id='line_1_53' title="bbox 363 3748 1896 3820; baseline 0 -13"><span class='ocrx_word' id='word_1_378' title='bbox 363 3767 476 3816; x_wconf 89' lang='lat' dir='ltr'><strong>cos,</strong></span> <span class='ocrx_word' id='word_1_379' title='bbox 508 3761 562 3806; x_wconf 90' lang='lat' dir='ltr'><strong>et</strong></span> <span class='ocrx_word' id='word_1_380' title='bbox 585 3765 680 3820; x_wconf 93' lang='lat' dir='ltr'><strong>pro</strong></span> <span class='ocrx_word' id='word_1_381' title='bbox 709 3748 910 3804; x_wconf 67' lang='lat' dir='ltr'><strong>Graecis</strong></span> <span class='ocrx_word' id='word_1_382' title='bbox 939 3758 1124 3804; x_wconf 90' lang='lat' dir='ltr'><strong>contra</strong></span> <span class='ocrx_word' id='word_1_383' title='bbox 1152 3749 1310 3805; x_wconf 77' lang='lat' dir='ltr'><strong>Rom.</strong></span> <span class='ocrx_word' id='word_1_384' title='bbox 1343 3749 1636 3806; x_wconf 84' lang='lat' dir='ltr'><strong>Ecclesiam</strong></span> <span class='ocrx_word' id='word_1_385' title='bbox 1661 3753 1896 3816; x_wconf 85' lang='lat' dir='ltr'><strong>scripse-</strong></span> 
     </span>
    </p>
   </div>
   <div class='ocr_carea' id='block_1_54' title="bbox 361 3840 1899 3910">
    <p class='ocr_par' dir='ltr' id='par_1_54' title="bbox 361 3840 1899 3910">
     <span class='ocr_line' id='line_1_54' title="bbox 361 3840 1899 3910; baseline -0.001 -12"><span class='ocrx_word' id='word_1_386' title='bbox 361 3844 451 3902; x_wconf 79' lang='lat' dir='ltr'><strong>rit,</strong></span> <span class='ocrx_word' id='word_1_387' title='bbox 476 3843 613 3895; x_wconf 83' lang='lat' dir='ltr'><strong>duos</strong></span> <span class='ocrx_word' id='word_1_388' title='bbox 640 3840 948 3896; x_wconf 81' lang='lat' dir='ltr'><strong>Barlaaruos</strong></span> <span class='ocrx_word' id='word_1_389' title='bbox 975 3840 1349 3904; x_wconf 80' lang='lat' dir='ltr'><strong>constituunt;</strong></span> <span class='ocrx_word' id='word_1_390' title='bbox 1377 3849 1431 3895; x_wconf 88' lang='lat' dir='ltr'><strong>et</strong></span> <span class='ocrx_word' id='word_1_391' title='bbox 1460 3855 1545 3902; x_wconf 89' lang='lat' dir='ltr'><strong>ea.</strong></span> <span class='ocrx_word' id='word_1_392' title='bbox 1573 3857 1694 3910; x_wconf 67' lang='lat' dir='ltr'><strong>quae</strong></span> <span class='ocrx_word' id='word_1_393' title='bbox 1715 3852 1899 3897; x_wconf 86' lang='lat' dir='ltr'><strong>contra</strong></span> 
     </span>
    </p>
   </div>
   <div class='ocr_carea' id='block_1_55' title="bbox 363 3927 1898 3997">
    <p class='ocr_par' dir='ltr' id='par_1_55' title="bbox 363 3927 1898 3997">
     <span class='ocr_line' id='line_1_55' title="bbox 363 3927 1898 3997; baseline 0.003 -14"><span class='ocrx_word' id='word_1_394' title='bbox 363 3930 581 3984; x_wconf 86' lang='lat' dir='ltr'><strong>Latinos</strong></span> <span class='ocrx_word' id='word_1_395' title='bbox 610 3937 734 3984; x_wconf 87' lang='lat' dir='ltr'><strong>sunt</strong></span> <span class='ocrx_word' id='word_1_396' title='bbox 767 3929 841 3983; x_wconf 83' lang='lat' dir='ltr'><strong>ab</strong></span> <span class='ocrx_word' id='word_1_397' title='bbox 875 3927 1188 3984; x_wconf 83' lang='lat' dir='ltr'><strong>ilieraccnsi</strong></span> <span class='ocrx_word' id='word_1_398' title='bbox 1211 3931 1315 3986; x_wconf 90' lang='lat' dir='ltr'><strong>isto</strong></span> <span class='ocrx_word' id='word_1_399' title='bbox 1348 3941 1646 3995; x_wconf 86' lang='lat' dir='ltr'><strong>semovent,</strong></span> <span class='ocrx_word' id='word_1_400' title='bbox 1677 3939 1731 3987; x_wconf 87' lang='lat' dir='ltr'><strong>et</strong></span> <span class='ocrx_word' id='word_1_401' title='bbox 1757 3933 1898 3997; x_wconf 87' lang='lat' dir='ltr'><strong>aliis,</strong></span> 
     </span>
    </p>
   </div>
   <div class='ocr_carea' id='block_1_56' title="bbox 365 4019 1902 4090">
    <p class='ocr_par' dir='ltr' id='par_1_56' title="bbox 365 4019 1902 4090">
     <span class='ocr_line' id='line_1_56' title="bbox 365 4019 1902 4090; baseline 0.002 -15"><span class='ocrx_word' id='word_1_402' title='bbox 365 4021 543 4077; x_wconf 79' lang='lat' dir='ltr'><strong>nescio</strong></span> <span class='ocrx_word' id='word_1_403' title='bbox 570 4019 782 4088; x_wconf 87' lang='lat' dir='ltr'><strong>quibus,</strong></span> <span class='ocrx_word' id='word_1_404' title='bbox 813 4035 946 4088; x_wconf 88' lang='lat' dir='ltr'><strong>quos</strong></span> <span class='ocrx_word' id='word_1_405' title='bbox 977 4035 1075 4075; x_wconf 85' lang='lat' dir='ltr'><strong>nec</strong></span> <span class='ocrx_word' id='word_1_406' title='bbox 1098 4020 1197 4090; x_wconf 89' lang='lat' dir='ltr'><strong>ipsi</strong></span> <span class='ocrx_word' id='word_1_407' title='bbox 1231 4022 1423 4087; x_wconf 87' lang='lat' dir='ltr'><strong>sciant,</strong></span> <span class='ocrx_word' id='word_1_408' title='bbox 1448 4023 1739 4078; x_wconf 80' lang='lat' dir='ltr'><strong>vindicant.</strong></span> <span class='ocrx_word' id='word_1_409' title='bbox 1783 4025 1902 4078; x_wconf 84' lang='lat' dir='ltr'><strong>Dis-</strong></span> 
     </span>
    </p>
   </div>
   <div class='ocr_carea' id='block_1_57' title="bbox 367 4112 1897 4185">
    <p class='ocr_par' dir='ltr' id='par_1_57' title="bbox 367 4112 1897 4185">
     <span class='ocr_line' id='line_1_57' title="bbox 367 4112 1897 4185; baseline 0.001 -18"><span class='ocrx_word' id='word_1_410' title='bbox 367 4113 608 4179; x_wconf 80' lang='lat' dir='ltr'><strong>tinguam</strong></span> <span class='ocrx_word' id='word_1_411' title='bbox 652 4122 914 4182; x_wconf 85' lang='lat' dir='ltr'><strong>tempora.</strong></span> <span class='ocrx_word' id='word_1_412' title='bbox 955 4112 1266 4168; x_wconf 84' lang='lat' dir='ltr'><strong>Barlaamus</strong></span> <span class='ocrx_word' id='word_1_413' title='bbox 1309 4114 1770 4185; x_wconf 81' lang='lat' dir='ltr'><strong>Constantinopoli</strong></span> <span class='ocrx_word' id='word_1_414' title='bbox 1802 4117 1897 4169; x_wconf 83' lang='lat' dir='ltr'><strong>de-</strong></span> 
     </span>
    </p>
   </div>
   <div class='ocr_carea' id='block_1_58' title="bbox 366 4200 1895 4276">
    <p class='ocr_par' dir='ltr' id='par_1_58' title="bbox 366 4200 1895 4276">
     <span class='ocr_line' id='line_1_58' title="bbox 366 4200 1895 4276; baseline 0.003 -25"><span class='ocrx_word' id='word_1_415' title='bbox 366 4217 522 4270; x_wconf 80' lang='lat' dir='ltr'><strong>gens,</strong></span> <span class='ocrx_word' id='word_1_416' title='bbox 559 4201 827 4264; x_wconf 84' lang='lat' dir='ltr'><strong>doctrina,</strong></span> <span class='ocrx_word' id='word_1_417' title='bbox 852 4211 908 4276; x_wconf 79' lang='lat' dir='ltr'><strong>et</strong></span> <span class='ocrx_word' id='word_1_418' title='bbox 932 4200 1112 4254; x_wconf 81' lang='lat' dir='ltr'><strong>favore</strong></span> <span class='ocrx_word' id='word_1_419' title='bbox 1145 4201 1466 4269; x_wconf 84' lang='lat' dir='ltr'><strong>principum,</strong></span> <span class='ocrx_word' id='word_1_420' title='bbox 1495 4211 1672 4267; x_wconf 88' lang='lat' dir='ltr'><strong>et.spe</strong></span> <span class='ocrx_word' id='word_1_421' title='bbox 1716 4216 1895 4256; x_wconf 91' lang='lat' dir='ltr'><strong>rerum</strong></span> 
     </span>
    </p>
   </div>
   <div class='ocr_carea' id='block_1_59' title="bbox 365 4276 1896 4364">
    <p class='ocr_par' dir='ltr' id='par_1_59' title="bbox 365 4276 1896 4364">
     <span class='ocr_line' id='line_1_59' title="bbox 365 4276 1896 4364; baseline 0.001 -22"><span class='ocrx_word' id='word_1_422' title='bbox 365 4287 620 4342; x_wconf 71' lang='lat' dir='ltr'><strong>novarum</strong></span> <span class='ocrx_word' id='word_1_423' title='bbox 655 4276 1226 4364; x_wconf 26' lang='lat' dir='ltr'><strong>lacta&#39;tuspcrtecorum</strong></span> <span class='ocrx_word' id='word_1_424' title='bbox 1252 4289 1528 4342; x_wconf 85' lang='lat' dir='ltr'><strong>erroribus</strong></span> <span class='ocrx_word' id='word_1_425' title='bbox 1558 4290 1761 4354; x_wconf 83' lang='lat' dir='ltr'><strong>favens,</strong></span> <span class='ocrx_word' id='word_1_426' title='bbox 1793 4290 1896 4344; x_wconf 88' lang='lat' dir='ltr'><strong>La-</strong></span> 
     </span>
    </p>
   </div>
   <div class='ocr_carea' id='block_1_60' title="bbox 2012 1965 3557 2039">
    <p class='ocr_par' dir='ltr' id='par_1_60' title="bbox 2012 1965 3557 2039">
     <span class='ocr_line' id='line_1_60' title="bbox 2012 1965 3557 2039; baseline -0.004 -16"><span class='ocrx_word' id='word_1_427' title='bbox 2012 1979 2174 2038; x_wconf 85' lang='lat' dir='ltr'><strong>atque</strong></span> <span class='ocrx_word' id='word_1_428' title='bbox 2205 1970 2451 2039; x_wconf 89' lang='lat' dir='ltr'><strong>dogmata</strong></span> <span class='ocrx_word' id='word_1_429' title='bbox 2470 1987 2534 2026; x_wconf 80' lang='lat' dir='ltr'><strong>es</strong></span> <span class='ocrx_word' id='word_1_430' title='bbox 2554 1973 2734 2026; x_wconf 88' lang='lat' dir='ltr'><strong>animo</strong></span> <span class='ocrx_word' id='word_1_431' title='bbox 2758 1972 3002 2025; x_wconf 88' lang='lat' dir='ltr'><strong>damnari</strong></span> <span class='ocrx_word' id='word_1_432' title='bbox 3023 1966 3362 2039; x_wconf 84' lang='lat' dir='ltr'><strong>apertissima</strong></span> <span class='ocrx_word' id='word_1_433' title='bbox 3392 1965 3557 2032; x_wconf 74' lang='lat' dir='ltr'><strong>dabat</strong></span> 
     </span>
    </p>
   </div>
   <div class='ocr_carea' id='block_1_61' title="bbox 2005 2060 3552 2133">
    <p class='ocr_par' dir='ltr' id='par_1_61' title="bbox 2005 2060 3552 2133">
     <span class='ocr_line' id='line_1_61' title="bbox 2005 2060 3552 2133; baseline -0.002 -17"><span class='ocrx_word' id='word_1_434' title='bbox 2005 2063 2227 2128; x_wconf 86' lang='lat' dir='ltr'><strong>indicia,</strong></span> <span class='ocrx_word' id='word_1_435' title='bbox 2246 2074 2305 2118; x_wconf 84' lang='lat' dir='ltr'><strong>ut</strong></span> <span class='ocrx_word' id='word_1_436' title='bbox 2333 2065 2640 2133; x_wconf 82' lang='lat' dir='ltr'><strong>apparebat,</strong></span> <span class='ocrx_word' id='word_1_437' title='bbox 2663 2083 2683 2118; x_wconf 71' lang='grc' dir='ltr'><strong><em>ι</em></strong></span> <span class='ocrx_word' id='word_1_438' title='bbox 2714 2075 2816 2120; x_wconf 88' lang='lat' dir='ltr'><strong>etc.</strong></span> <span class='ocrx_word' id='word_1_439' title='bbox 2845 2064 2984 2120; x_wconf 81' lang='lat' dir='ltr'><strong>Pene</strong></span> <span class='ocrx_word' id='word_1_440' title='bbox 3006 2063 3192 2119; x_wconf 85' lang='lat' dir='ltr'><strong>eadem</strong></span> <span class='ocrx_word' id='word_1_441' title='bbox 3225 2060 3552 2130; x_wconf 75' lang='lat' dir='ltr'><strong>Nicr-pborus</strong></span> 
     </span>
    </p>
   </div>
   <div class='ocr_carea' id='block_1_62' title="bbox 2007 2149 3556 2224">
    <p class='ocr_par' dir='ltr' id='par_1_62' title="bbox 2007 2149 3556 2224">
     <span class='ocr_line' id='line_1_62' title="bbox 2007 2149 3556 2224; baseline -0.006 -16"><span class='ocrx_word' id='word_1_442' title='bbox 2007 2155 2270 2224; x_wconf 78' lang='lat' dir='ltr'><strong>Grognras</strong></span> <span class='ocrx_word' id='word_1_443' title='bbox 2300 2173 2352 2211; x_wconf 69' lang='lat' dir='ltr'><strong>at</strong></span> <span class='ocrx_word' id='word_1_444' title='bbox 2380 2175 2394 2220; x_wconf 89' lang='lat'>;</span> <span class='ocrx_word' id='word_1_445' title='bbox 2425 2166 2680 2224; x_wconf 82' lang='lat' dir='ltr'><strong>tantoque</strong></span> <span class='ocrx_word' id='word_1_446' title='bbox 2716 2157 2769 2209; x_wconf 92' lang='lat' dir='ltr'><strong>in</strong></span> <span class='ocrx_word' id='word_1_447' title='bbox 2817 2155 2942 2210; x_wconf 90' lang='lat' dir='ltr'><strong>odio</strong></span> <span class='ocrx_word' id='word_1_448' title='bbox 2975 2153 3174 2208; x_wconf 64' lang='lat' dir='ltr'><strong>Graecis</strong></span> <span class='ocrx_word' id='word_1_449' title='bbox 3216 2166 3334 2205; x_wconf 85' lang='lat' dir='ltr'><strong>esse</strong></span> <span class='ocrx_word' id='word_1_450' title='bbox 3369 2149 3556 2213; x_wconf 75' lang='lat' dir='ltr'><strong>cmpit,</strong></span> 
     </span>
    </p>
   </div>
   <div class='ocr_carea' id='block_1_63' title="bbox 2006 2237 3552 2312">
    <p class='ocr_par' dir='ltr' id='par_1_63' title="bbox 2006 2237 3552 2312">
     <span class='ocr_line' id='line_1_63' title="bbox 2006 2237 3552 2312; baseline -0.006 -15"><span class='ocrx_word' id='word_1_451' title='bbox 2006 2254 2289 2312; x_wconf 81' lang='lat' dir='ltr'><strong>postquam</strong></span> <span class='ocrx_word' id='word_1_452' title='bbox 2333 2247 2401 2300; x_wconf 81' lang='lat' dir='ltr'><strong>ab</strong></span> <span class='ocrx_word' id='word_1_453' title='bbox 2429 2247 2508 2300; x_wconf 88' lang='lat' dir='ltr'><strong>eis</strong></span> <span class='ocrx_word' id='word_1_454' title='bbox 2562 2247 2808 2307; x_wconf 86' lang='lat' dir='ltr'><strong>recessit,</strong></span> <span class='ocrx_word' id='word_1_455' title='bbox 2857 2255 2914 2298; x_wconf 91' lang='lat' dir='ltr'><strong>ut</strong></span> <span class='ocrx_word' id='word_1_456' title='bbox 2966 2246 3152 2296; x_wconf 73' lang='lat' dir='ltr'><strong>eodem</strong></span> <span class='ocrx_word' id='word_1_457' title='bbox 3191 2237 3386 2291; x_wconf 77' lang='lat' dir='ltr'><strong>Allatio</strong></span> <span class='ocrx_word' id='word_1_458' title='bbox 3418 2246 3552 2289; x_wconf 67' lang='lat' dir='ltr'><strong>teste</strong></span> 
     </span>
    </p>
   </div>
   <div class='ocr_carea' id='block_1_64' title="bbox 2009 2325 3553 2404">
    <p class='ocr_par' dir='ltr' id='par_1_64' title="bbox 2009 2325 3553 2404">
     <span class='ocr_line' id='line_1_64' title="bbox 2009 2325 3553 2404; baseline -0.007 -15"><span class='ocrx_word' id='word_1_459' title='bbox 2009 2334 2100 2389; x_wconf 82' lang='lat' dir='ltr'><strong>ubi</strong></span> <span class='ocrx_word' id='word_1_460' title='bbox 2131 2347 2315 2402; x_wconf 74' lang='lat' dir='ltr'><strong>supra,</strong></span> <span class='ocrx_word' id='word_1_461' title='bbox 2372 2333 2835 2404; x_wconf 81' lang='lat' dir='ltr'><strong>ConstantinOpoli</strong></span> <span class='ocrx_word' id='word_1_462' title='bbox 2883 2333 3149 2385; x_wconf 86' lang='lat' dir='ltr'><strong>celebrata</strong></span> <span class='ocrx_word' id='word_1_463' title='bbox 3178 2327 3405 2399; x_wconf 80' lang='lat' dir='ltr'><strong>synodo,</strong></span> <span class='ocrx_word' id='word_1_464' title='bbox 3426 2325 3553 2379; x_wconf 80' lang='lat' dir='ltr'><strong>Bar-</strong></span> 
     </span>
    </p>
   </div>
   <div class='ocr_carea' id='block_1_65' title="bbox 2008 2419 3551 2490">
    <p class='ocr_par' dir='ltr' id='par_1_65' title="bbox 2008 2419 3551 2490">
     <span class='ocr_line' id='line_1_65' title="bbox 2008 2419 3551 2490; baseline -0.006 -12"><span class='ocrx_word' id='word_1_465' title='bbox 2008 2423 2217 2478; x_wconf 81' lang='lat' dir='ltr'><strong>laanius</strong></span> <span class='ocrx_word' id='word_1_466' title='bbox 2244 2425 2727 2478; x_wconf 87' lang='lat' dir='ltr'><strong>condemnaretur:</strong></span> <span class='ocrx_word' id='word_1_467' title='bbox 2764 2443 2782 2474; x_wconf 71' lang='grc' dir='ltr'>ι</span> <span class='ocrx_word' id='word_1_468' title='bbox 2809 2423 3136 2483; x_wconf 81' lang='lat' dir='ltr'><strong>Barlaamus,</strong></span> <span class='ocrx_word' id='word_1_469' title='bbox 3157 2419 3400 2490; x_wconf 77' lang='lat' dir='ltr'><strong>quamvis</strong></span> <span class='ocrx_word' id='word_1_470' title='bbox 3424 2432 3551 2486; x_wconf 87' lang='lat' dir='ltr'><strong>pro—</strong></span> 
     </span>
    </p>
   </div>
   <div class='ocr_carea' id='block_1_66' title="bbox 2009 2509 3550 2583">
    <p class='ocr_par' dir='ltr' id='par_1_66' title="bbox 2009 2509 3550 2583">
     <span class='ocr_line' id='line_1_66' title="bbox 2009 2509 3550 2583; baseline -0.002 -19"><span class='ocrx_word' id='word_1_471' title='bbox 2009 2513 2191 2583; x_wconf 81' lang='lat' dir='ltr'><strong>pitium</strong></span> <span class='ocrx_word' id='word_1_472' title='bbox 2213 2513 2584 2582; x_wconf 86' lang='lat' dir='ltr'><strong>imperatorem</strong></span> <span class='ocrx_word' id='word_1_473' title='bbox 2610 2513 2992 2580; x_wconf 78' lang='lat' dir='ltr'><strong>(Andronicum</strong></span> <span class='ocrx_word' id='word_1_474' title='bbox 3013 2509 3310 2578; x_wconf 88' lang='lat' dir='ltr'><strong>Juniorem)</strong></span> <span class='ocrx_word' id='word_1_475' title='bbox 3335 2517 3550 2583; x_wconf 83' lang='lat' dir='ltr'><strong>nactus,</strong></span> 
     </span>
    </p>
   </div>
   <div class='ocr_carea' id='block_1_67' title="bbox 2010 2582 3553 2669">
    <p class='ocr_par' dir='ltr' id='par_1_67' title="bbox 2010 2582 3553 2669">
     <span class='ocr_line' id='line_1_67' title="bbox 2010 2582 3553 2669; baseline -0.001 -15"><span class='ocrx_word' id='word_1_476' title='bbox 2010 2582 2169 2656; x_wconf 81' lang='lat' dir='ltr'><strong>rebus</strong></span> <span class='ocrx_word' id='word_1_477' title='bbox 2202 2609 2378 2658; x_wconf 81' lang='lat' dir='ltr'><strong>tamen</strong></span> <span class='ocrx_word' id='word_1_478' title='bbox 2415 2601 2753 2665; x_wconf 69' lang='lat' dir='ltr'><strong>Graecorum,</strong></span> <span class='ocrx_word' id='word_1_479' title='bbox 2788 2612 2838 2657; x_wconf 90' lang='lat' dir='ltr'><strong>et</strong></span> <span class='ocrx_word' id='word_1_480' title='bbox 2873 2602 3148 2656; x_wconf 84' lang='lat' dir='ltr'><strong>monachis</strong></span> <span class='ocrx_word' id='word_1_481' title='bbox 3187 2601 3424 2668; x_wconf 88' lang='lat' dir='ltr'><strong>iniquior</strong></span> <span class='ocrx_word' id='word_1_482' title='bbox 3465 2582 3553 2669; x_wconf 76' lang='lat' dir='ltr'><strong>(de</strong></span> 
     </span>
    </p>
   </div>
   <div class='ocr_carea' id='block_1_68' title="bbox 2009 2689 3554 2761">
    <p class='ocr_par' dir='ltr' id='par_1_68' title="bbox 2009 2689 3554 2761">
     <span class='ocr_line' id='line_1_68' title="bbox 2009 2689 3554 2761; baseline -0.003 -17"><span class='ocrx_word' id='word_1_483' title='bbox 2009 2691 2124 2759; x_wconf 70' lang='lat' dir='ltr'><strong>eius</strong></span> <span class='ocrx_word' id='word_1_484' title='bbox 2151 2706 2271 2746; x_wconf 85' lang='lat' dir='ltr'><strong>cum</strong></span> <span class='ocrx_word' id='word_1_485' title='bbox 2301 2695 2580 2747; x_wconf 80' lang='lat' dir='ltr'><strong>monachis</strong></span> <span class='ocrx_word' id='word_1_486' title='bbox 2634 2693 2830 2747; x_wconf 86' lang='lat' dir='ltr'><strong>montis</strong></span> <span class='ocrx_word' id='word_1_487' title='bbox 2873 2691 3013 2746; x_wconf 77' lang='lat' dir='ltr'><strong>Atho</strong></span> <span class='ocrx_word' id='word_1_488' title='bbox 3050 2690 3242 2761; x_wconf 86' lang='lat' dir='ltr'><strong>jurgiis</strong></span> <span class='ocrx_word' id='word_1_489' title='bbox 3293 2689 3554 2742; x_wconf 85' lang='lat' dir='ltr'><strong>videndus</strong></span> 
     </span>
    </p>
   </div>
   <div class='ocr_carea' id='block_1_69' title="bbox 2009 2777 3552 2851">
    <p class='ocr_par' dir='ltr' id='par_1_69' title="bbox 2009 2777 3552 2851">
     <span class='ocr_line' id='line_1_69' title="bbox 2009 2777 3552 2851; baseline -0.004 -17"><span class='ocrx_word' id='word_1_490' title='bbox 2009 2777 2327 2849; x_wconf 71' lang='lat' dir='ltr'><strong>Maimburg.</strong></span> <span class='ocrx_word' id='word_1_491' title='bbox 2359 2781 2397 2842; x_wconf 89' lang='lat' dir='ltr'><strong>l.</strong></span> <span class='ocrx_word' id='word_1_492' title='bbox 2436 2780 2510 2851; x_wconf 92' lang='lat' dir='ltr'><strong>c.)</strong></span> <span class='ocrx_word' id='word_1_493' title='bbox 2574 2797 2709 2851; x_wconf 85' lang='lat' dir='ltr'><strong>quos</strong></span> <span class='ocrx_word' id='word_1_494' title='bbox 2756 2781 3016 2836; x_wconf 85' lang='lat' dir='ltr'><strong>acerrimo</strong></span> <span class='ocrx_word' id='word_1_495' title='bbox 3057 2779 3182 2835; x_wconf 90' lang='lat' dir='ltr'><strong>odio</strong></span> <span class='ocrx_word' id='word_1_496' title='bbox 3220 2788 3552 2848; x_wconf 88' lang='lat' dir='ltr'><strong>prosecutus,</strong></span> 
     </span>
    </p>
   </div>
   <div class='ocr_carea' id='block_1_70' title="bbox 2010 2870 3554 2941">
    <p class='ocr_par' dir='ltr' id='par_1_70' title="bbox 2010 2870 3554 2941">
     <span class='ocr_line' id='line_1_70' title="bbox 2010 2870 3554 2941; baseline -0.005 -15"><span class='ocrx_word' id='word_1_497' title='bbox 2010 2870 2296 2939; x_wconf 69' lang='lat' dir='ltr'><strong>exagitavit</strong></span> <span class='ocrx_word' id='word_1_498' title='bbox 2319 2889 2334 2936; x_wconf 65' lang='grc' dir='ltr'><strong><em>ι</em></strong></span> <span class='ocrx_word' id='word_1_499' title='bbox 2358 2871 2581 2941; x_wconf 84' lang='lat' dir='ltr'><strong>ideoque</strong></span> <span class='ocrx_word' id='word_1_500' title='bbox 2607 2873 2870 2928; x_wconf 85' lang='lat' dir='ltr'><strong>celebrata</strong></span> <span class='ocrx_word' id='word_1_501' title='bbox 2905 2872 3110 2941; x_wconf 85' lang='lat' dir='ltr'><strong>synodo</strong></span> <span class='ocrx_word' id='word_1_502' title='bbox 3135 2871 3189 2923; x_wconf 86' lang='lat' dir='ltr'><strong>in</strong></span> <span class='ocrx_word' id='word_1_503' title='bbox 3236 2884 3426 2937; x_wconf 76' lang='lat' dir='ltr'><strong>magno</strong></span> <span class='ocrx_word' id='word_1_504' title='bbox 3462 2883 3554 2920; x_wconf 83' lang='lat' dir='ltr'><strong>sa-</strong></span> 
     </span>
    </p>
   </div>
   <div class='ocr_carea' id='block_1_71' title="bbox 2012 2957 3550 3029">
    <p class='ocr_par' dir='ltr' id='par_1_71' title="bbox 2012 2957 3550 3029">
     <span class='ocr_line' id='line_1_71' title="bbox 2012 2957 3550 3029; baseline -0.004 -14"><span class='ocrx_word' id='word_1_505' title='bbox 2012 2973 2118 3015; x_wconf 67' lang='lat' dir='ltr'><strong>cras</strong></span> <span class='ocrx_word' id='word_1_506' title='bbox 2142 2957 2426 3028; x_wconf 63' lang='lat' dir='ltr'><strong>Sapientia</strong></span> <span class='ocrx_word' id='word_1_507' title='bbox 2472 2961 2689 3028; x_wconf 89' lang='lat' dir='ltr'><strong>templo,</strong></span> <span class='ocrx_word' id='word_1_508' title='bbox 2719 2969 2977 3029; x_wconf 74' lang='lat' dir='ltr'><strong>prmseute</strong></span> <span class='ocrx_word' id='word_1_509' title='bbox 3022 2961 3179 3013; x_wconf 67' lang='lat' dir='ltr'><strong>etiam</strong></span> <span class='ocrx_word' id='word_1_510' title='bbox 3211 2959 3550 3023; x_wconf 82' lang='lat' dir='ltr'><strong>imperatore,</strong></span> 
     </span>
    </p>
   </div>
   <div class='ocr_carea' id='block_1_72' title="bbox 2016 3047 3553 3122">
    <p class='ocr_par' dir='ltr' id='par_1_72' title="bbox 2016 3047 3553 3122">
     <span class='ocr_line' id='line_1_72' title="bbox 2016 3047 3553 3122; baseline -0.003 -15"><span class='ocrx_word' id='word_1_511' title='bbox 2016 3066 2139 3108; x_wconf 81' lang='lat' dir='ltr'><strong>cum</strong></span> <span class='ocrx_word' id='word_1_512' title='bbox 2170 3063 2388 3110; x_wconf 80' lang='lat' dir='ltr'><strong>senatus</strong></span> <span class='ocrx_word' id='word_1_513' title='bbox 2428 3054 2780 3122; x_wconf 82' lang='lat' dir='ltr'><strong>principibus,</strong></span> <span class='ocrx_word' id='word_1_514' title='bbox 2811 3062 2864 3106; x_wconf 93' lang='lat' dir='ltr'><strong>et</strong></span> <span class='ocrx_word' id='word_1_515' title='bbox 2902 3047 3225 3110; x_wconf 81' lang='lat' dir='ltr'><strong>doctissimis</strong></span> <span class='ocrx_word' id='word_1_516' title='bbox 3270 3050 3387 3108; x_wconf 80' lang='lat' dir='ltr'><strong>aliis</strong></span> <span class='ocrx_word' id='word_1_517' title='bbox 3425 3048 3553 3104; x_wconf 84' lang='lat' dir='ltr'><strong>viris</strong></span> 
     </span>
    </p>
   </div>
   <div class='ocr_carea' id='block_1_73' title="bbox 2011 3137 3552 3209">
    <p class='ocr_par' dir='ltr' id='par_1_73' title="bbox 2011 3137 3552 3209">
     <span class='ocr_line' id='line_1_73' title="bbox 2011 3137 3552 3209; baseline -0.008 -9"><span class='ocrx_word' id='word_1_518' title='bbox 2011 3143 2397 3201; x_wconf 81' lang='lat' dir='ltr'><strong>condemnatus</strong></span> <span class='ocrx_word' id='word_1_519' title='bbox 2423 3151 2524 3202; x_wconf 83' lang='lat' dir='ltr'><strong>est.</strong></span> <span class='ocrx_word' id='word_1_520' title='bbox 2555 3163 2570 3195; x_wconf 84' lang='grc' dir='ltr'><strong><em>ι</em></strong></span> <span class='ocrx_word' id='word_1_521' title='bbox 2613 3142 2713 3205; x_wconf 83' lang='lat' dir='ltr'><strong>Sed</strong></span> <span class='ocrx_word' id='word_1_522' title='bbox 2742 3149 2793 3196; x_wconf 91' lang='lat' dir='ltr'><strong>ct</strong></span> <span class='ocrx_word' id='word_1_523' title='bbox 2839 3141 2976 3196; x_wconf 79' lang='lat' dir='ltr'><strong>idem</strong></span> <span class='ocrx_word' id='word_1_524' title='bbox 3033 3141 3124 3207; x_wconf 84' lang='lat' dir='ltr'><strong>qui</strong></span> <span class='ocrx_word' id='word_1_525' title='bbox 3154 3155 3313 3209; x_wconf 90' lang='lat' dir='ltr'><strong>supra</strong></span> <span class='ocrx_word' id='word_1_526' title='bbox 3349 3137 3552 3202; x_wconf 79' lang='lat' dir='ltr'><strong>Canta-</strong></span> 
     </span>
    </p>
   </div>
   <div class='ocr_carea' id='block_1_74' title="bbox 2013 3229 3561 3301">
    <p class='ocr_par' dir='ltr' id='par_1_74' title="bbox 2013 3229 3561 3301">
     <span class='ocr_line' id='line_1_74' title="bbox 2013 3229 3561 3301; baseline -0.003 -15"><span class='ocrx_word' id='word_1_527' title='bbox 2013 3244 2245 3288; x_wconf 81' lang='lat' dir='ltr'><strong>eucenua</strong></span> <span class='ocrx_word' id='word_1_528' title='bbox 2310 3251 2324 3287; x_wconf 90' lang='lat'><strong>:</strong></span> <span class='ocrx_word' id='word_1_529' title='bbox 2385 3251 2403 3284; x_wconf 74' lang='grc' dir='ltr'>ι</span> <span class='ocrx_word' id='word_1_530' title='bbox 2442 3232 2720 3287; x_wconf 85' lang='lat' dir='ltr'><strong>Postremo</strong></span> <span class='ocrx_word' id='word_1_531' title='bbox 2794 3233 3088 3300; x_wconf 77' lang='lat' dir='ltr'><strong>imperator</strong></span> <span class='ocrx_word' id='word_1_532' title='bbox 3143 3239 3191 3286; x_wconf 87' lang='lat' dir='ltr'><strong>et</strong></span> <span class='ocrx_word' id='word_1_533' title='bbox 3251 3229 3561 3301; x_wconf 75' lang='lat' dir='ltr'><strong>patriarcha</strong></span> 
     </span>
    </p>
   </div>
   <div class='ocr_carea' id='block_1_75' title="bbox 2011 3315 3551 3390">
    <p class='ocr_par' dir='ltr' id='par_1_75' title="bbox 2011 3315 3551 3390">
     <span class='ocr_line' id='line_1_75' title="bbox 2011 3315 3551 3390; baseline -0.003 -19"><span class='ocrx_word' id='word_1_534' title='bbox 2011 3328 2267 3385; x_wconf 75' lang='lat' dir='ltr'><strong>utrosque</strong></span> <span class='ocrx_word' id='word_1_535' title='bbox 2309 3319 2375 3386; x_wconf 85' lang='lat' dir='ltr'><strong>de</strong></span> <span class='ocrx_word' id='word_1_536' title='bbox 2426 3336 2556 3390; x_wconf 85' lang='lat' dir='ltr'><strong>pace</strong></span> <span class='ocrx_word' id='word_1_537' title='bbox 2587 3330 2644 3373; x_wconf 91' lang='lat' dir='ltr'><strong>ut</strong></span> <span class='ocrx_word' id='word_1_538' title='bbox 2676 3319 2954 3389; x_wconf 88' lang='lat' dir='ltr'><strong>oportebat</strong></span> <span class='ocrx_word' id='word_1_539' title='bbox 2999 3318 3236 3384; x_wconf 83' lang='lat' dir='ltr'><strong>allocuti,</strong></span> <span class='ocrx_word' id='word_1_540' title='bbox 3287 3315 3551 3386; x_wconf 82' lang='lat' dir='ltr'><strong>synodum</strong></span> 
     </span>
    </p>
   </div>
   <div class='ocr_carea' id='block_1_76' title="bbox 2009 3407 3552 3476">
    <p class='ocr_par' dir='ltr' id='par_1_76' title="bbox 2009 3407 3552 3476">
     <span class='ocr_line' id='line_1_76' title="bbox 2009 3407 3552 3476; baseline -0.007 -9"><span class='ocrx_word' id='word_1_541' title='bbox 2009 3407 2348 3467; x_wconf 77' lang='lat' dir='ltr'><strong>dimiserunt.</strong></span> <span class='ocrx_word' id='word_1_542' title='bbox 2368 3408 2679 3466; x_wconf 80' lang='lat' dir='ltr'><strong>Barlaamus</strong></span> <span class='ocrx_word' id='word_1_543' title='bbox 2707 3410 2848 3461; x_wconf 86' lang='lat' dir='ltr'><strong>haud</strong></span> <span class='ocrx_word' id='word_1_544' title='bbox 2878 3409 3092 3476; x_wconf 75' lang='lat' dir='ltr'><strong>longum</strong></span> <span class='ocrx_word' id='word_1_545' title='bbox 3120 3417 3326 3473; x_wconf 86' lang='lat' dir='ltr'><strong>tempus</strong></span> <span class='ocrx_word' id='word_1_546' title='bbox 3351 3408 3552 3474; x_wconf 77' lang='lat' dir='ltr'><strong>Byzan-</strong></span> 
     </span>
    </p>
   </div>
   <div class='ocr_carea' id='block_1_77' title="bbox 2001 3493 3546 3562">
    <p class='ocr_par' dir='ltr' id='par_1_77' title="bbox 2001 3493 3546 3562">
     <span class='ocr_line' id='line_1_77' title="bbox 2001 3493 3546 3562; baseline 0 -18"><span class='ocrx_word' id='word_1_547' title='bbox 2001 3493 2060 3553; x_wconf 87' lang='lat' dir='ltr'><strong>tii</strong></span> <span class='ocrx_word' id='word_1_548' title='bbox 2105 3503 2360 3558; x_wconf 72' lang='lat' dir='ltr'><strong>moratus,</strong></span> <span class='ocrx_word' id='word_1_549' title='bbox 2395 3495 2720 3562; x_wconf 81' lang='lat' dir='ltr'><strong>imperatore</strong></span> <span class='ocrx_word' id='word_1_550' title='bbox 2766 3495 2909 3546; x_wconf 82' lang='lat' dir='ltr'><strong>brevi</strong></span> <span class='ocrx_word' id='word_1_551' title='bbox 2957 3495 3237 3558; x_wconf 84' lang='lat' dir='ltr'><strong>defuncto,</strong></span> <span class='ocrx_word' id='word_1_552' title='bbox 3274 3509 3443 3559; x_wconf 73' lang='lat' dir='ltr'><strong>mque.</strong></span> <span class='ocrx_word' id='word_1_553' title='bbox 3488 3504 3546 3544; x_wconf 90' lang='lat' dir='ltr'><strong>nt</strong></span> 
     </span>
    </p>
   </div>
   <div class='ocr_carea' id='block_1_78' title="bbox 1999 3581 3546 3651">
    <p class='ocr_par' dir='ltr' id='par_1_78' title="bbox 1999 3581 3546 3651">
     <span class='ocr_line' id='line_1_78' title="bbox 1999 3581 3546 3651; baseline 0 -18"><span class='ocrx_word' id='word_1_554' title='bbox 1999 3581 2150 3649; x_wconf 89' lang='lat' dir='ltr'><strong>prius</strong></span> <span class='ocrx_word' id='word_1_555' title='bbox 2181 3583 2246 3635; x_wconf 89' lang='lat' dir='ltr'><strong>de</strong></span> <span class='ocrx_word' id='word_1_556' title='bbox 2270 3582 2530 3651; x_wconf 85' lang='lat' dir='ltr'><strong>dogmatis</strong></span> <span class='ocrx_word' id='word_1_557' title='bbox 2557 3583 2700 3638; x_wconf 85' lang='lat' dir='ltr'><strong>litem</strong></span> <span class='ocrx_word' id='word_1_558' title='bbox 2727 3584 2906 3648; x_wconf 87' lang='lat' dir='ltr'><strong>movit,</strong></span> <span class='ocrx_word' id='word_1_559' title='bbox 2926 3582 3188 3651; x_wconf 65' lang='lat' dir='ltr'><strong>judicium</strong></span> <span class='ocrx_word' id='word_1_560' title='bbox 3221 3581 3368 3635; x_wconf 69' lang='lat' dir='ltr'><strong>valde</strong></span> <span class='ocrx_word' id='word_1_561' title='bbox 3398 3583 3546 3634; x_wconf 82' lang='lat' dir='ltr'><strong>clau-</strong></span> 
     </span>
    </p>
   </div>
   <div class='ocr_carea' id='block_1_79' title="bbox 1999 3671 3548 3742">
    <p class='ocr_par' dir='ltr' id='par_1_79' title="bbox 1999 3671 3548 3742">
     <span class='ocr_line' id='line_1_79' title="bbox 1999 3671 3548 3742; baseline 0.001 -18"><span class='ocrx_word' id='word_1_562' title='bbox 1999 3671 2209 3725; x_wconf 85' lang='lat' dir='ltr'><strong>dicasse</strong></span> <span class='ocrx_word' id='word_1_563' title='bbox 2228 3671 2510 3728; x_wconf 81' lang='lat' dir='ltr'><strong>clamitans</strong></span> <span class='ocrx_word' id='word_1_564' title='bbox 2538 3691 2551 3737; x_wconf 87' lang='lat'>;</span> <span class='ocrx_word' id='word_1_565' title='bbox 2586 3682 2638 3727; x_wconf 88' lang='lat' dir='ltr'><strong>et</strong></span> <span class='ocrx_word' id='word_1_566' title='bbox 2664 3674 2944 3742; x_wconf 74' lang='lat' dir='ltr'><strong>aufugiens</strong></span> <span class='ocrx_word' id='word_1_567' title='bbox 2973 3674 3026 3726; x_wconf 91' lang='lat' dir='ltr'><strong>in</strong></span> <span class='ocrx_word' id='word_1_568' title='bbox 3053 3675 3276 3734; x_wconf 82' lang='lat' dir='ltr'><strong>Italiam,</strong></span> <span class='ocrx_word' id='word_1_569' title='bbox 3305 3689 3424 3728; x_wconf 89' lang='lat' dir='ltr'><strong>cum</strong></span> <span class='ocrx_word' id='word_1_570' title='bbox 3449 3673 3548 3728; x_wconf 80' lang='lat' dir='ltr'><strong>La-</strong></span> 
     </span>
    </p>
   </div>
   <div class='ocr_carea' id='block_1_80' title="bbox 2003 3758 3547 3831">
    <p class='ocr_par' dir='ltr' id='par_1_80' title="bbox 2003 3758 3547 3831">
     <span class='ocr_line' id='line_1_80' title="bbox 2003 3758 3547 3831; baseline 0 -19"><span class='ocrx_word' id='word_1_571' title='bbox 2003 3758 2146 3824; x_wconf 88' lang='lat' dir='ltr'><strong>tinis,</strong></span> <span class='ocrx_word' id='word_1_572' title='bbox 2181 3768 2241 3811; x_wconf 91' lang='lat' dir='ltr'><strong>ut</strong></span> <span class='ocrx_word' id='word_1_573' title='bbox 2284 3770 2461 3821; x_wconf 75' lang='lat' dir='ltr'><strong>antea,</strong></span> <span class='ocrx_word' id='word_1_574' title='bbox 2501 3762 2688 3826; x_wconf 83' lang='lat' dir='ltr'><strong>sensit,</strong></span> <span class='ocrx_word' id='word_1_575' title='bbox 2748 3763 2815 3815; x_wconf 87' lang='lat' dir='ltr'><strong>ab</strong></span> <span class='ocrx_word' id='word_1_576' title='bbox 2859 3761 3043 3827; x_wconf 75' lang='lat' dir='ltr'><strong>eisque</strong></span> <span class='ocrx_word' id='word_1_577' title='bbox 3073 3761 3308 3816; x_wconf 76' lang='lat' dir='ltr'><strong>Hieracis</strong></span> <span class='ocrx_word' id='word_1_578' title='bbox 3337 3762 3547 3831; x_wconf 79' lang='lat' dir='ltr'><strong>episco-</strong></span> 
     </span>
    </p>
   </div>
   <div class='ocr_carea' id='block_1_81' title="bbox 2004 3850 3548 3920">
    <p class='ocr_par' dir='ltr' id='par_1_81' title="bbox 2004 3850 3548 3920">
     <span class='ocr_line' id='line_1_81' title="bbox 2004 3850 3548 3920; baseline 0.001 -19"><span class='ocrx_word' id='word_1_579' title='bbox 2004 3865 2100 3918; x_wconf 89' lang='lat' dir='ltr'><strong>pus</strong></span> <span class='ocrx_word' id='word_1_580' title='bbox 2132 3861 2340 3903; x_wconf 83' lang='lat' dir='ltr'><strong>creatus</strong></span> <span class='ocrx_word' id='word_1_581' title='bbox 2358 3860 2457 3904; x_wconf 88' lang='lat' dir='ltr'><strong>est.</strong></span> <span class='ocrx_word' id='word_1_582' title='bbox 2491 3871 2510 3903; x_wconf 73' lang='grc' dir='ltr'>ι</span> <span class='ocrx_word' id='word_1_583' title='bbox 2549 3850 2623 3904; x_wconf 74' lang='lat' dir='ltr'><strong>Ex</strong></span> <span class='ocrx_word' id='word_1_584' title='bbox 2651 3867 2757 3920; x_wconf 88' lang='lat' dir='ltr'><strong>quo</strong></span> <span class='ocrx_word' id='word_1_585' title='bbox 2795 3861 3061 3905; x_wconf 75' lang='lat' dir='ltr'><strong>assertum</strong></span> <span class='ocrx_word' id='word_1_586' title='bbox 3096 3852 3160 3904; x_wconf 90' lang='lat' dir='ltr'><strong>de</strong></span> <span class='ocrx_word' id='word_1_587' title='bbox 3189 3852 3382 3920; x_wconf 78' lang='lat' dir='ltr'><strong>duplici</strong></span> <span class='ocrx_word' id='word_1_588' title='bbox 3416 3851 3548 3903; x_wconf 64' lang='lat' dir='ltr'><strong>Bar-</strong></span> 
     </span>
    </p>
   </div>
   <div class='ocr_carea' id='block_1_82' title="bbox 2003 3939 3547 4011">
    <p class='ocr_par' dir='ltr' id='par_1_82' title="bbox 2003 3939 3547 4011">
     <span class='ocr_line' id='line_1_82' title="bbox 2003 3939 3547 4011; baseline 0.005 -22"><span class='ocrx_word' id='word_1_589' title='bbox 2003 3939 2180 3993; x_wconf 82' lang='lat' dir='ltr'><strong>laamo</strong></span> <span class='ocrx_word' id='word_1_590' title='bbox 2210 3939 2390 3998; x_wconf 78' lang='lat' dir='ltr'><strong>labare</strong></span> <span class='ocrx_word' id='word_1_591' title='bbox 2417 3940 2700 4000; x_wconf 76' lang='lat' dir='ltr'><strong>manifeste</strong></span> <span class='ocrx_word' id='word_1_592' title='bbox 2737 3943 2942 4008; x_wconf 74' lang='lat' dir='ltr'><strong>colligit</strong></span> <span class='ocrx_word' id='word_1_593' title='bbox 2979 3941 3343 4011; x_wconf 77' lang='lat' dir='ltr'><strong>Maimburgus</strong></span> <span class='ocrx_word' id='word_1_594' title='bbox 3374 3962 3386 3994; x_wconf 85' lang='lat'>:</span> <span class='ocrx_word' id='word_1_595' title='bbox 3420 3961 3437 3996; x_wconf 72' lang='grc' dir='ltr'>ί</span> <span class='ocrx_word' id='word_1_596' title='bbox 3476 3943 3547 3996; x_wconf 77' lang='lat' dir='ltr'><strong>Cc</strong></span> 
     </span>
    </p>
   </div>
   <div class='ocr_carea' id='block_1_83' title="bbox 2003 4027 3548 4103">
    <p class='ocr_par' dir='ltr' id='par_1_83' title="bbox 2003 4027 3548 4103">
     <span class='ocr_line' id='line_1_83' title="bbox 2003 4027 3548 4103; baseline 0.005 -22"><span class='ocrx_word' id='word_1_597' title='bbox 2003 4027 2265 4095; x_wconf 76' lang='lat' dir='ltr'><strong>Barlaam,</strong></span> <span class='ocrx_word' id='word_1_598' title='bbox 2297 4031 2386 4099; x_wconf 87' lang='lat' dir='ltr'><strong>qui</strong></span> <span class='ocrx_word' id='word_1_599' title='bbox 2417 4041 2500 4085; x_wconf 85' lang='lat' dir='ltr'><strong>est</strong></span> <span class='ocrx_word' id='word_1_600' title='bbox 2526 4045 2726 4088; x_wconf 85' lang='lat' dir='ltr'><strong>encore</strong></span> <span class='ocrx_word' id='word_1_601' title='bbox 2753 4034 3087 4087; x_wconf 82' lang='lat' dir='ltr'><strong>maintenant</strong></span> <span class='ocrx_word' id='word_1_602' title='bbox 3122 4049 3192 4088; x_wconf 92' lang='lat' dir='ltr'><strong>un</strong></span> <span class='ocrx_word' id='word_1_603' title='bbox 3225 4036 3393 4103; x_wconf 83' lang='lat' dir='ltr'><strong>graml</strong></span> <span class='ocrx_word' id='word_1_604' title='bbox 3424 4049 3548 4102; x_wconf 82' lang='lat' dir='ltr'><strong>pro-</strong></span> 
     </span>
    </p>
   </div>
   <div class='ocr_carea' id='block_1_84' title="bbox 2003 4118 3543 4192">
    <p class='ocr_par' dir='ltr' id='par_1_84' title="bbox 2003 4118 3543 4192">
     <span class='ocr_line' id='line_1_84' title="bbox 2003 4118 3543 4192; baseline 0.003 -20"><span class='ocrx_word' id='word_1_605' title='bbox 2003 4118 2174 4172; x_wconf 77' lang='lat' dir='ltr'><strong>blems</strong></span> <span class='ocrx_word' id='word_1_606' title='bbox 2204 4129 2356 4173; x_wconf 83' lang='lat' dir='ltr'><strong>entre</strong></span> <span class='ocrx_word' id='word_1_607' title='bbox 2382 4120 2458 4174; x_wconf 83' lang='lat' dir='ltr'><strong>lea</strong></span> <span class='ocrx_word' id='word_1_608' title='bbox 2489 4135 2713 4188; x_wconf 67' lang='lat' dir='ltr'><strong>seavans</strong></span> <span class='ocrx_word' id='word_1_609' title='bbox 2733 4162 2746 4186; x_wconf 90' lang='lat'><strong>,</strong></span> <span class='ocrx_word' id='word_1_610' title='bbox 2777 4122 2905 4177; x_wconf 79' lang='lat' dir='ltr'><strong>dont</strong></span> <span class='ocrx_word' id='word_1_611' title='bbox 2934 4123 3011 4175; x_wconf 88' lang='lat' dir='ltr'><strong>les</strong></span> <span class='ocrx_word' id='word_1_612' title='bbox 3039 4137 3141 4176; x_wconf 90' lang='lat' dir='ltr'><strong>uns</strong></span> <span class='ocrx_word' id='word_1_613' title='bbox 3178 4123 3389 4176; x_wconf 86' lang='lat' dir='ltr'><strong>venient</strong></span> <span class='ocrx_word' id='word_1_614' title='bbox 3418 4125 3543 4192; x_wconf 80' lang='lat' dir='ltr'><strong>qu&#39;ii</strong></span> 
     </span>
    </p>
   </div>
   <div class='ocr_carea' id='block_1_85' title="bbox 2003 4208 3544 4280">
    <p class='ocr_par' dir='ltr' id='par_1_85' title="bbox 2003 4208 3544 4280">
     <span class='ocr_line' id='line_1_85' title="bbox 2003 4208 3544 4280; baseline 0.001 -19"><span class='ocrx_word' id='word_1_615' title='bbox 2003 4208 2107 4262; x_wconf 88' lang='lat' dir='ltr'><strong>soit</strong></span> <span class='ocrx_word' id='word_1_616' title='bbox 2130 4209 2545 4278; x_wconf 80' lang='lat' dir='ltr'><strong>schismatiquc,</strong></span> <span class='ocrx_word' id='word_1_617' title='bbox 2573 4222 2624 4265; x_wconf 86' lang='lat' dir='ltr'><strong>et</strong></span> <span class='ocrx_word' id='word_1_618' title='bbox 2655 4212 2730 4267; x_wconf 89' lang='lat' dir='ltr'><strong>les</strong></span> <span class='ocrx_word' id='word_1_619' title='bbox 2753 4222 2931 4266; x_wconf 88' lang='lat' dir='ltr'><strong>autrcs</strong></span> <span class='ocrx_word' id='word_1_620' title='bbox 2959 4212 3285 4280; x_wconf 81' lang='lat' dir='ltr'><strong>catholique,</strong></span> <span class='ocrx_word' id='word_1_621' title='bbox 3311 4212 3438 4264; x_wconf 83' lang='lat' dir='ltr'><strong>e&#39;toit</strong></span> <span class='ocrx_word' id='word_1_622' title='bbox 3473 4227 3544 4272; x_wconf 80' lang='lat' dir='ltr'><strong>un</strong></span> 
     </span>
    </p>
   </div>
   <div class='ocr_carea' id='block_1_86' title="bbox 2004 4300 3544 4372">
    <p class='ocr_par' dir='ltr' id='par_1_86' title="bbox 2004 4300 3544 4372">
     <span class='ocr_line' id='line_1_86' title="bbox 2004 4300 3544 4372; baseline 0.001 -22"><span class='ocrx_word' id='word_1_623' title='bbox 2004 4300 2182 4354; x_wconf 86' lang='lat' dir='ltr'><strong>moine</strong></span> <span class='ocrx_word' id='word_1_624' title='bbox 2212 4300 2494 4372; x_wconf 85' lang='lat' dir='ltr'><strong>calabrais,</strong></span> <span class='ocrx_word' id='word_1_625' title='bbox 2529 4303 2622 4371; x_wconf 86' lang='lat' dir='ltr'><strong>qui</strong></span> <span class='ocrx_word' id='word_1_626' title='bbox 2655 4303 2787 4361; x_wconf 87' lang='lat' dir='ltr'><strong>dans</strong></span> <span class='ocrx_word' id='word_1_627' title='bbox 2813 4305 2862 4357; x_wconf 90' lang='lat' dir='ltr'><strong>la</strong></span> <span class='ocrx_word' id='word_1_628' title='bbox 2895 4303 3058 4357; x_wconf 86' lang='lat' dir='ltr'><strong>vérité</strong></span> <span class='ocrx_word' id='word_1_629' title='bbox 3082 4302 3160 4357; x_wconf 91' lang='lat' dir='ltr'><strong>fut</strong></span> <span class='ocrx_word' id='word_1_630' title='bbox 3186 4303 3293 4355; x_wconf 90' lang='lat' dir='ltr'><strong>l‘uu</strong></span> <span class='ocrx_word' id='word_1_631' title='bbox 3339 4303 3544 4357; x_wconf 80' lang='lat' dir='ltr'><strong>etl&#39;au.</strong></span> 
     </span>
    </p>
   </div>
   <div class='ocr_carea' id='block_1_87' title="bbox 365 4363 3539 4460">
    <p class='ocr_par' dir='ltr' id='par_1_87' title="bbox 365 4363 3539 4460">
     <span class='ocr_line' id='line_1_87' title="bbox 365 4363 3539 4460; baseline 0.003 -27"><span class='ocrx_word' id='word_1_632' title='bbox 365 4381 504 4436; x_wconf 86' lang='lat' dir='ltr'><strong>tinos</strong></span> <span class='ocrx_word' id='word_1_633' title='bbox 533 4363 836 4447; x_wconf 73' lang='lat' dir='ltr'><strong>oppugnat”;</strong></span> <span class='ocrx_word' id='word_1_634' title='bbox 859 4379 1063 4447; x_wconf 77' lang='lat' dir='ltr'><strong>rjectus</strong></span> <span class='ocrx_word' id='word_1_635' title='bbox 1094 4379 1499 4460; x_wconf 73' lang='lat' dir='ltr'><strong>diﬂ‘amatusque</strong></span> <span class='ocrx_word' id='word_1_636' title='bbox 1520 4380 1574 4432; x_wconf 87' lang='lat' dir='ltr'><strong>in</strong></span> <span class='ocrx_word' id='word_1_637' title='bbox 1601 4377 1826 4441; x_wconf 72' lang='lat' dir='ltr'><strong>Graecia.</strong></span> <span class='ocrx_word' id='word_1_638' title='bbox 1842 4397 1895 4435; x_wconf 85' lang='lat' dir='ltr'><strong>to</strong></span> <span class='ocrx_word' id='word_1_639' title='bbox 1931 4381 1974 4435; x_wconf 84' lang='lat' dir='ltr'><strong>D</strong></span> <span class='ocrx_word' id='word_1_640' title='bbox 2005 4396 2102 4450; x_wconf 86' lang='lat' dir='ltr'><strong>tre,</strong></span> <span class='ocrx_word' id='word_1_641' title='bbox 2122 4403 2280 4453; x_wconf 80' lang='lat' dir='ltr'><strong>parce</strong></span> <span class='ocrx_word' id='word_1_642' title='bbox 2296 4389 2422 4458; x_wconf 82' lang='lat' dir='ltr'><strong>qu’il</strong></span> <span class='ocrx_word' id='word_1_643' title='bbox 2452 4363 2683 4459; x_wconf 58' lang='lat' dir='ltr'><strong>uitaligea</strong></span> <span class='ocrx_word' id='word_1_644' title='bbox 2709 4393 2838 4446; x_wconf 83' lang='lat' dir='ltr'><strong>trois</strong></span> <span class='ocrx_word' id='word_1_645' title='bbox 2867 4391 2966 4445; x_wconf 89' lang='lat' dir='ltr'><strong>l&#39;ois</strong></span> <span class='ocrx_word' id='word_1_646' title='bbox 2993 4392 3058 4445; x_wconf 92' lang='lat' dir='ltr'><strong>de</strong></span> <span class='ocrx_word' id='word_1_647' title='bbox 3084 4391 3326 4460; x_wconf 74' lang='lat' dir='ltr'><strong>religion,</strong></span> <span class='ocrx_word' id='word_1_648' title='bbox 3358 4409 3376 4442; x_wconf 77' lang='grc' dir='ltr'>ι</span> <span class='ocrx_word' id='word_1_649' title='bbox 3401 4399 3539 4454; x_wconf 83' lang='lat' dir='ltr'><strong>ctc.;</strong></span> 
     </span>
    </p>
   </div>
   <div class='ocr_carea' id='block_1_88' title="bbox 363 4468 1906 4549">
    <p class='ocr_par' dir='ltr' id='par_1_88' title="bbox 363 4468 1906 4548">
     <span class='ocr_line' id='line_1_88' title="bbox 363 4468 1906 4548; baseline 0.003 -26"><span class='ocrx_word' id='word_1_650' title='bbox 363 4468 572 4522; x_wconf 80' lang='lat' dir='ltr'><strong>Italia-nt</strong></span> <span class='ocrx_word' id='word_1_651' title='bbox 606 4485 869 4535; x_wconf 80' lang='lat' dir='ltr'><strong>reversus,</strong></span> <span class='ocrx_word' id='word_1_652' title='bbox 893 4480 946 4526; x_wconf 89' lang='lat' dir='ltr'><strong>et</strong></span> <span class='ocrx_word' id='word_1_653' title='bbox 976 4470 1324 4538; x_wconf 82' lang='lat' dir='ltr'><strong>dignitatibus</strong></span> <span class='ocrx_word' id='word_1_654' title='bbox 1341 4481 1556 4538; x_wconf 83' lang='lat' dir='ltr'><strong>auctus,</strong></span> <span class='ocrx_word' id='word_1_655' title='bbox 1586 4472 1906 4548; x_wconf 80' lang='lat' dir='ltr'><strong>neingratus</strong></span> 
     </span>
    </p>
   </div>
   <div class='ocr_carea' id='block_1_89' title="bbox 364 4559 1904 4630">
    <p class='ocr_par' dir='ltr' id='par_1_89' title="bbox 364 4559 1904 4630">
     <span class='ocr_line' id='line_1_89' title="bbox 364 4559 1904 4630; baseline 0.001 -19"><span class='ocrx_word' id='word_1_656' title='bbox 364 4574 482 4615; x_wconf 74' lang='lat' dir='ltr'><strong>esse</strong></span> <span class='ocrx_word' id='word_1_657' title='bbox 548 4561 816 4613; x_wconf 85' lang='lat' dir='ltr'><strong>videretur</strong></span> <span class='ocrx_word' id='word_1_658' title='bbox 868 4568 925 4613; x_wconf 81' lang='lat' dir='ltr'><strong>et</strong></span> <span class='ocrx_word' id='word_1_659' title='bbox 986 4559 1123 4615; x_wconf 85' lang='lat' dir='ltr'><strong>forte</strong></span> <span class='ocrx_word' id='word_1_660' title='bbox 1166 4562 1327 4616; x_wconf 83' lang='lat' dir='ltr'><strong>etiam</strong></span> <span class='ocrx_word' id='word_1_661' title='bbox 1399 4576 1521 4614; x_wconf 72' lang='lat' dir='ltr'><strong>vere</strong></span> <span class='ocrx_word' id='word_1_662' title='bbox 1571 4561 1904 4630; x_wconf 80' lang='lat' dir='ltr'><strong>iirmitcrque</strong></span> 
     </span>
    </p>
   </div>
   <div class='ocr_carea' id='block_1_90' title="bbox 365 4649 1899 4719">
    <p class='ocr_par' dir='ltr' id='par_1_90' title="bbox 365 4649 1899 4719">
     <span class='ocr_line' id='line_1_90' title="bbox 365 4649 1899 4719; baseline 0.004 -20"><span class='ocrx_word' id='word_1_663' title='bbox 365 4649 577 4718; x_wconf 85' lang='lat' dir='ltr'><strong>sapiens</strong></span> <span class='ocrx_word' id='word_1_664' title='bbox 615 4649 668 4702; x_wconf 88' lang='lat' dir='ltr'><strong>in</strong></span> <span class='ocrx_word' id='word_1_665' title='bbox 693 4649 939 4710; x_wconf 71' lang='lat' dir='ltr'><strong>defensos</strong></span> <span class='ocrx_word' id='word_1_666' title='bbox 965 4663 995 4704; x_wconf 87' lang='lat' dir='ltr'><strong>a</strong></span> <span class='ocrx_word' id='word_1_667' title='bbox 1024 4665 1083 4706; x_wconf 82' lang='lat' dir='ltr'><strong>se</strong></span> <span class='ocrx_word' id='word_1_668' title='bbox 1103 4650 1335 4719; x_wconf 72' lang='lat' dir='ltr'><strong>primum</strong></span> <span class='ocrx_word' id='word_1_669' title='bbox 1365 4650 1577 4707; x_wconf 70' lang='lat' dir='ltr'><strong>Graecos</strong></span> <span class='ocrx_word' id='word_1_670' title='bbox 1607 4651 1899 4719; x_wconf 81' lang='lat' dir='ltr'><strong>invehitur,</strong></span> 
     </span>
    </p>
   </div>
   <div class='ocr_carea' id='block_1_91' title="bbox 2011 4477 3541 4547">
    <p class='ocr_par' dir='ltr' id='par_1_91' title="bbox 2011 4477 3541 4547">
     <span class='ocr_line' id='line_1_91' title="bbox 2011 4477 3541 4547; baseline 0.002 -17"><span class='ocrx_word' id='word_1_671' title='bbox 2011 4478 2357 4547; x_wconf 87' lang='lat' dir='ltr'><strong>sequiturque</strong></span> <span class='ocrx_word' id='word_1_672' title='bbox 2406 4480 2510 4533; x_wconf 85' lang='lat' dir='ltr'><strong>late</strong></span> <span class='ocrx_word' id='word_1_673' title='bbox 2554 4491 2742 4536; x_wconf 87' lang='lat' dir='ltr'><strong>auctor</strong></span> <span class='ocrx_word' id='word_1_674' title='bbox 2785 4482 2849 4534; x_wconf 87' lang='lat' dir='ltr'><strong>de</strong></span> <span class='ocrx_word' id='word_1_675' title='bbox 2881 4483 3069 4536; x_wconf 87' lang='lat' dir='ltr'><strong>eodem</strong></span> <span class='ocrx_word' id='word_1_676' title='bbox 3112 4495 3329 4534; x_wconf 82' lang='lat' dir='ltr'><strong>narrare</strong></span> <span class='ocrx_word' id='word_1_677' title='bbox 3361 4477 3412 4532; x_wconf 86' lang='lat' dir='ltr'><strong>in</strong></span> <span class='ocrx_word' id='word_1_678' title='bbox 3443 4494 3541 4533; x_wconf 78' lang='lat' dir='ltr'><strong>sua</strong></span> 
     </span>
    </p>
   </div>
   <div class='ocr_carea' id='block_1_92' title="bbox 2015 4568 3449 4641">
    <p class='ocr_par' dir='ltr' id='par_1_92' title="bbox 2015 4568 3449 4641">
     <span class='ocr_line' id='line_1_92' title="bbox 2015 4568 3449 4641; baseline 0.003 -21"><span class='ocrx_word' id='word_1_679' title='bbox 2015 4568 2245 4621; x_wconf 75' lang='lat' dir='ltr'><strong>Histoire</strong></span> <span class='ocrx_word' id='word_1_680' title='bbox 2267 4569 2338 4621; x_wconf 78' lang='lat' dir='ltr'><strong>da</strong></span> <span class='ocrx_word' id='word_1_681' title='bbox 2359 4571 2578 4626; x_wconf 80' lang='lat' dir='ltr'><strong>arliisme</strong></span> <span class='ocrx_word' id='word_1_682' title='bbox 2596 4571 2685 4626; x_wconf 76' lang='lat' dir='ltr'><strong>des</strong></span> <span class='ocrx_word' id='word_1_683' title='bbox 2715 4570 2889 4638; x_wconf 72' lang='lat' dir='ltr'><strong>Greca,</strong></span> <span class='ocrx_word' id='word_1_684' title='bbox 2915 4581 3045 4628; x_wconf 79' lang='lat' dir='ltr'><strong>tom.</strong></span> <span class='ocrx_word' id='word_1_685' title='bbox 3076 4572 3143 4634; x_wconf 86' lang='lat' dir='ltr'><strong>ii,</strong></span> <span class='ocrx_word' id='word_1_686' title='bbox 3175 4587 3295 4641; x_wconf 83' lang='lat' dir='ltr'><strong>pag.</strong></span> <span class='ocrx_word' id='word_1_687' title='bbox 3328 4585 3449 4632; x_wconf 76' lang='lat' dir='ltr'><strong>cex.</strong></span> 
     </span>
    </p>
   </div>
   <div class='ocr_carea' id='block_1_93' title="bbox 365 4762 3540 4910">
    <p class='ocr_par' dir='ltr' id='par_1_93' title="bbox 365 4762 3540 4910">
     <span class='ocr_line' id='line_1_93' title="bbox 365 4762 3540 4910; baseline 0.002 -71"><span class='ocrx_word' id='word_1_688' title='bbox 365 4786 685 4857; x_wconf 75' lang='lat' dir='ltr'><strong>Sequebatur</strong></span> <span class='ocrx_word' id='word_1_689' title='bbox 711 4786 982 4845; x_wconf 73' lang='lat' dir='ltr'><strong>Barlaami</strong></span> <span class='ocrx_word' id='word_1_690' title='bbox 1034 4785 1257 4856; x_wconf 66' lang='lat' dir='ltr'><strong>Operam</strong></span> <span class='ocrx_word' id='word_1_691' title='bbox 1309 4762 1648 4854; x_wconf 71' lang='lat' dir='ltr'><strong>enunieretio,</strong></span> <span class='ocrx_word' id='word_1_692' title='bbox 1679 4800 1835 4853; x_wconf 75' lang='lat' dir='ltr'><strong>quant</strong></span> <span class='ocrx_word' id='word_1_693' title='bbox 1857 4797 2096 4910; x_wconf 51' lang='lat' dir='ltr'><strong>arma“</strong></span> <span class='ocrx_word' id='word_1_694' title='bbox 2119 4790 2308 4856; x_wconf 74' lang='lat' dir='ltr'><strong>pra-bet</strong></span> <span class='ocrx_word' id='word_1_695' title='bbox 2333 4788 2616 4845; x_wconf 80' lang='lat' dir='ltr'><strong>Fabricius</strong></span> <span class='ocrx_word' id='word_1_696' title='bbox 2670 4808 2791 4846; x_wconf 72' lang='lat' dir='ltr'><strong>mox</strong></span> <span class='ocrx_word' id='word_1_697' title='bbox 2821 4792 3172 4857; x_wconf 78' lang='lat' dir='ltr'><strong>adducendus,</strong></span> <span class='ocrx_word' id='word_1_698' title='bbox 3205 4803 3253 4845; x_wconf 82' lang='lat' dir='ltr'><strong>et</strong></span> <span class='ocrx_word' id='word_1_699' title='bbox 3300 4793 3413 4847; x_wconf 80' lang='lat' dir='ltr'><strong>ideo</strong></span> <span class='ocrx_word' id='word_1_700' title='bbox 3452 4794 3540 4850; x_wconf 67' lang='lat' dir='ltr'><strong>llic</strong></span> 
     </span>
     <span class='ocr_line' id='line_1_94' title="bbox 1810 4871 2095 4910; baseline 0.011 -3"><span class='ocrx_word' id='word_1_701' title='bbox 1810 4871 1912 4908; x_wconf 71' lang='lat' dir='ltr'><strong>om:</strong></span> <span class='ocrx_word' id='word_1_702' title='bbox 1965 4873 2095 4910; x_wconf 77' lang='lat' dir='ltr'><strong>iur.</strong></span> 
     </span>
    </p>
   </div>
   <div class='ocr_carea' id='block_1_94' title="bbox 1810 4871 2095 4911">
    <p class='ocr_par' dir='ltr' id='par_1_94' title="bbox 1810 4871 2095 4911">
     <span class='ocr_line' id='line_1_95' title="bbox 1810 4871 2095 4911; baseline 0.014 -4"><span class='ocrx_word' id='word_1_703' title='bbox 1810 4871 2095 4911; x_wconf 71' lang='grc' dir='ltr'><strong>οικηιιηιτ.</strong></span> 
     </span>
    </p>
   </div>
  </div>
