4450 6440
397 365 532 433 19.69

1754 381 1901 441 PRO
1929 381 2252 442 LATINIS.

3485 383 3620 445 1270

386 506 538 548 rznus
570 501 686 546 erat
717 494 768 546 in
803 508 1010 556 mensa.
1053 504 1108 549 et
1133 494 1320 551 divino
1358 497 1741 567 Chrysostomo
1773 499 1944 552 diccu-
1983 505 2027 560 Α
2061 497 2291 556 maticis.
2327 504 2381 552 et
2409 497 2473 549 de
2501 493 2698 566 quibus
2717 505 2930 566 oportet
2970 498 3190 552 credere
3215 517 3226 558 :
3256 497 3380 552 aliis
3409 515 3535 552 vero
3564 500 3618 551 in

384 595 454 644 ιοτ,
483 583 532 635 in
584 585 911 652 octogesima
964 586 1184 640 homilia
1241 597 1402 655 super
1449 587 1778 652 Matlbaaum,
1812 590 1946 642 nihil

381 675 714 727 contrarium
770 675 879 744 legl
933 691 1055 730 sero
1097 677 1188 730 illo
1235 676 1564 737 Salvatorein
1619 678 1842 741 fecisse:
1893 689 1947 734 et

381 767 525 833 quod
558 765 603 818 si
661 775 804 821 esset
857 770 1012 836 paruis
1063 770 1152 822 ille
1211 769 1603 834 fermentatus,
1661 770 1948 824 manifeste

381 858 566 926 utique
599 860 697 912 hoc
739 862 1073 916 contrarium
1119 871 1264 916 esset
1313 859 1451 931 legi:
1488 864 1666 918 exibis
1697 863 1951 917 omnibus

381 950 751 1004 indubitanter
799 953 1045 1005 concludi
1100 954 1274 1011 video.
1329 969 1421 1021 per
1454 970 1642 1023 panem
1676 970 1948 1025 azymum,

381 1055 479 1095 sua
515 1040 805 1094 tradidisse
828 1041 1114 1096 Dominum
1150 1046 1427 1114 mysteria.

439 1129 722 1194 Quoniam
757 1148 948 1187 rursus
980 1136 1230 1202 apostoli,
1266 1137 1450 1188 eadem
1487 1139 1640 1190 nobis
1672 1138 1944 1190 tradentes

385 1223 660 1288 mysteria,
695 1237 802 1276 non
836 1225 1218 1290 distinxerunt,
1254 1227 1366 1279 sive
1395 1226 1800 1292 fermentatum,
1832 1232 1946 1281 sive

383 1329 655 1382 azymum.
691 1315 787 1370 sed
823 1314 1114 1369 Orientalis
1145 1315 1407 1374 Ecclesia.
1456 1317 1716 1370 cantinuo
1752 1319 1947 1386 incepit

385 1404 785 1467 fertncntalum,
823 1405 1180 1461 Occidentalis
1209 1422 1336 1461 vero
1362 1422 1633 1477 azymum,
1690 1418 1754 1461 eo
1804 1408 1949 1476 quod

385 1491 520 1559 gerit
543 1492 829 1561 imaginem
862 1497 1107 1562 puritatis
1130 1504 1179 1548 et
1217 1497 1540 1550 sinceritatis
1569 1507 1621 1550 et
1676 1498 1944 1558 veritatis,

387 1592 618 1650 utraque
659 1600 758 1653 ego
790 1586 1008 1654 quidem
1039 1587 1288 1640 similiter
1319 1588 1485 1640 adoro
1515 1596 1570 1640 et
1601 1588 1739 1643 colo.
1802 1588 1949 1640 Lati-

387 1691 485 1728 nos
516 1691 667 1736 vero,
700 1676 751 1728 in
783 1685 990 1729 tantum
1019 1679 1391 1745 prudentiores
1416 1681 1644 1738 aestimo,
1699 1678 1840 1745 quod
1873 1680 1943 1731 illi

386 1768 603 1835 quidem
637 1768 854 1822 minime
882 1770 1108 1823 hostiam
1159 1771 1225 1823 de
1259 1769 1580 1823 fermentato
1619 1772 1943 1837 vituperant,

2049 591 2282 651 actione,
2314 603 2436 657 quae
2466 588 2731 656 agendum
2765 597 2816 641 et
2846 605 2976 652 non,
3029 589 3407 658 distinguunt;
3437 599 3490 642 et
3521 590 3621 642 ho-

2047 694 2167 733 rum
2197 695 2387 734 rursus
2411 679 2529 733 aliis
2549 679 2974 747 dependentibus
3001 696 3029 733 a
3059 681 3336 734 Dominico
3357 689 3409 733 et
3454 697 3619 734 evan-

2048 771 2216 839 gelico
2238 771 2492 824 mandato
2519 809 2535 834 ,
2571 771 2691 824 aliis
2721 786 2849 824 vero
2883 786 2986 824 non
3019 789 3031 826 :
3065 786 3184 839 qua:
3213 771 3423 841 singula
3449 786 3476 823 a
3503 782 3620 824 stu—

2046 862 2214 917 diosis
2257 872 2438 916 notata
2471 872 2628 926 sunt;
2669 876 2938 923 canonum
2971 876 3099 914 vero
3127 863 3192 914 de
3229 863 3351 925 fide,
3401 854 3454 914 ei
3490 878 3626 926 quo-

2048 970 2166 1008 rum
2221 962 2303 1006 est
2359 952 2699 1007 Dominicum
2754 953 3091 1016 mandatum,
3139 953 3342 1004 nullum
3382 967 3623 1018 unquam

2046 1043 2285 1104 Ecclesia
2308 1045 2551 1098 Romana
2580 1045 2830 1106 mutavit,
2857 1058 3033 1112 neque
3059 1051 3234 1108 potest
3262 1046 3362 1094 hoc
3379 1043 3620 1105 ostendi;

2045 1155 2184 1209 quos
2211 1153 2342 1192 vero
2367 1139 2597 1191 mutavit
2669 1137 2754 1192 vel
2792 1136 3089 1201 revocavit,
3153 1136 3204 1188 hi
3235 1143 3358 1189 sunt
3407 1133 3623 1188 illorum

2031 1243 2336 1293 canonum,
2357 1227 2448 1295 qui
2473 1241 2645 1294 neque
2665 1227 2730 1280 de
2753 1226 2856 1279 [ide
2878 1235 3024 1288 sunt,
3057 1228 3233 1292 neque
3261 1240 3300 1278 as
3328 1223 3616 1277 Domiuieo

2043 1317 2687 1386 pendent'lmandatoJloc
2703 1327 2880 1371 autem
2899 1317 3104 1370 nullum
3123 1325 3203 1370 est
3222 1315 3622 1368 inconveniens.

2044 1411 2172 1476 Qu.e
2192 1411 2332 1465 enim
2355 1413 2422 1462 ita
2441 1425 2497 1462 se
2513 1410 2704 1463 habent
2718 1415 2744 1475 ,'
2776 1409 2987 1461 etiamsi
3003 1409 3046 1462 si
3057 1419 3110 1460 ut
3129 1424 3221 1476 per
3238 1408 3484 1478 generale
3497 1422 3626 1458 con-

2043 1504 2224 1557 cilium
2244 1502 2616 1565 deterniinata,
2641 1502 2733 1554 sed
2757 1500 2917 1554 rebus
2938 1500 3401 1568 consequentibus
3421 1507 3629 1565 tempo-

2044 1595 2199 1647 ribus
2229 1593 2550 1646 cadentibus
2567 1604 2617 1644 et
2639 1592 2889 1644 humanis
2906 1591 3352 1659 dispositionibus
3378 1590 3622 1651 mutatis,

2043 1683 2470 1754 potestEcclesia
2499 1685 2635 1750 ipsa,
2663 1686 2833 1751 gratia
2851 1682 3114 1744 melioris,
3143 1691 3376 1733 mutare.
3399 1680 3470 1733 Ut
3490 1681 3630 1731 mul-

2049 1785 2099 1828 ta
2147 1775 2275 1827 talia
2313 1775 2680 1840 reperiuntur,
2715 1771 2876 1824 etiam
2916 1771 2967 1824 in
3005 1772 3133 1838 ipsis
3172 1771 3420 1824 conciliis
3448 1779 3628 1838 poste-

387 1861 478 1909 sed
507 1859 759 1912 similiter
787 1870 1130 1917 venerantur.
1159 1861 1360 1914 Horum
1393 1872 1571 1914 autem
1634 1861 1786 1915 multi
1840 1876 1953 1914 non
1982 1839 2018 1891 Β
2053 1866 2310 1931 rioribus,
2345 1863 2512 1917 multa
2561 1863 2806 1930 priorum
2839 1863 3192 1915 conciliorum
3225 1863 3465 1923 decreta,
3501 1876 3623 1911 cum

388 1951 578 2002 timent
610 1951 658 2002 in
681 1960 864 2003 sancta
907 1952 1359 2019 blasphemantes.

460 2041 649 2094 Adhuc
680 2052 857 2094 autem
892 2043 1042 2095 multi
1078 2046 1265 2097 dicunt
1312 2059 1368 2097 se
1401 2045 1779 2102 scandalizari‘.
1827 2047 1952 2114 quia

392 2133 557 2184 inulta
591 2141 777 2185 contra
806 2135 1169 2202 apostolorum
1202 2149 1438 2189 canones
1473 2147 1523 2189 et
1551 2144 1755 2205 septem
1791 2151 1957 2203 genea

392 2223 581 2275 ralium
630 2226 980 2279 conciliorum
1033 2226 1216 2278 vident
1259 2227 1310 2279 in
1363 2227 1675 2280 Latinorum
1713 2226 1955 2280 Ecclesia

394 2315 531 2368 fieri.
557 2314 636 2370 Me
659 2325 834 2369 autem
857 2332 1032 2384 neque
1060 2319 1162 2370 hoc
1184 2318 1552 2372 scandalizare
1572 2323 1730 2372 valet.
1755 2318 1959 2383 Quare?

394 2406 519 2474 quia
550 2408 781 2474 primum
810 2410 1021 2475 quidem
1055 2409 1365 2464 discurrens
1394 2420 1447 2462 et
1477 2410 1587 2478 ipse
1616 2411 1829 2462 eosdem
1870 2421 1962 2462 ca-

397 2512 586 2560 nones,
620 2508 672 2552 et
721 2500 786 2552 ad
833 2500 1113 2564 praesentia
1174 2501 1493 2569 respiciens,
1544 2501 1707 2554 multa
1745 2501 1962 2555 invenio

397 2596 450 2640 et
486 2588 538 2640 in
580 2587 678 2641 hac
706 2599 863 2658 gente
893 2591 1166 2644 contrario
1195 2591 1375 2655 modo,
1425 2606 1584 2660 quam
1621 2599 1678 2642 ut
1724 2603 1960 2642 canones

392 2677 586 2747 jubent
649 2679 811 2745 facta,
859 2691 913 2734 et
942 2682 1096 2748 plura
1128 2689 1183 2735 et
1236 2683 1462 2751 majora,
1518 2696 1679 2749 quam
1719 2681 1809 2732 illa
1841 2695 1960 2747 quae

400 2771 553 2824 aiunt
581 2770 803 2825 Latinos
853 2775 1155 2843 transgredi
1194 2793 1206 2827 :
1247 2784 1298 2827 ut
1345 2791 1450 2828 non
1489 2775 1603 2828 sint
1649 2773 1956 2828 secundum

402 2860 506 2914 hoc
529 2862 626 2928 ipsi
657 2864 902 2918 meliores
940 2865 1069 2919 illis.

474 2952 675 3008 Deinde
721 2963 775 3010 et
813 2957 915 3010 hoc
943 2957 1251 3022 considero,
1287 2956 1429 3027 quod
1457 2958 1702 3011 omnium
1732 2973 1854 3024 quae
1900 2955 1954 3009 in

399 3047 699 3106 canonibus
712 3051 1266 3119 comprehenduntur-,-
1285 3053 1403 3106 aliis
1426 3053 1813 3106 exsistentibus
1832 3050 1965 3120 dog-

2048 1955 2236 2010 eodem
2286 1951 2503 2019 spiritu,
2540 1951 2621 2004 vel
2667 1950 2886 2002 omnino
2918 1949 3286 2012 irritantibus,
3335 1949 3417 2002 vel
3449 1951 3627 2003 omni-

2047 2059 2119 2097 no
2155 2043 2218 2094 ad
2247 2044 2436 2096 melius
2466 2042 2926 2096 convertentibus.

2124 2134 2232 2189 Sed
2261 2133 2385 2201 quia
2415 2133 2526 2195 illa,
2558 2148 2679 2200 qua:
2718 2131 3030 2201 huiusmodi
3062 2142 3208 2192 sunt,
3236 2142 3454 2199 propter
3482 2120 3628 2188 velo-

2056 2243 2176 2283 cem
2229 2227 2589 2280 humanarum
2645 2241 2826 2278 rerum
2883 2226 3237 2278 mutationem
3294 2226 3630 2292 frequentius

2052 2321 2412 2384 contingunt:
2454 2317 2503 2368 in
2540 2316 2782 2384 quolibet
2821 2331 2948 2373 vero
2982 2320 3094 2372 non
3133 2328 3213 2371 est
3237 2317 3514 2384 possibile,
3545 2319 3627 2370 vel

2053 2424 2162 2465 non
2195 2419 2278 2462 est
2325 2407 2480 2462 facile
2529 2409 2775 2477 generale
2823 2423 3114 2477 aggregare
3163 2409 3476 2473 concilium,
3534 2409 3629 2462 sed

2057 2516 2238 2570 neque
2259 2508 2340 2554 est
2390 2499 2669 2568 quodlibet
2712 2507 2872 2554 tantae
2913 2499 3266 2565 difficultatis,
3307 2512 3364 2554 ut
3393 2502 3629 2569 generali

2063 2592 2453 2647 deliberatione
2481 2593 2751 2661 indigeat,
2795 2608 2901 2646 non
2929 2602 3155 2661 oportet
3181 2595 3410 2655 turbari.
3443 2595 3487 2648 si
3513 2609 3630 2646 ma-

2065 2695 2148 2739 ter
2183 2684 2574 2746 Ecclesiarum,
2613 2699 2740 2738 cum
2788 2686 2904 2739 sola
2952 2689 3094 2741 circa
3133 2702 3190 2740 sc
3241 2685 3468 2757 Syriodo,
3511 2701 3636 2755 quae

2065 2772 2378 2842 huiusmodi
2415 2780 2562 2834 sunt,
2595 2772 2706 2826 suis
2739 2773 3072 2841 temporibus
3103 2775 3400 2842 apostolica
3447 2784 3636 2826 aucto-

2062 2865 2226 2918 ritate
2265 2864 2484 2933 corrigit
2533 2873 2586 2918 ct
2636 2874 2805 2918 mutat
2849 2865 2935 2918 vel
2983 2865 3177 2919 irritat.
3225 2865 3341 2918 Non
3379 2868 3523 2919 enim
3566 2879 3636 2918 eo

2063 2955 2205 3024 quod
2238 2955 2308 3008 sit
2340 2955 2564 3024 majoris
2592 2958 2953 3018 auctoritatis,
2980 2966 3034 3010 et
3063 2957 3238 3025 magis
3268 2957 3441 3024 possit
3473 2971 3636 3024 gene-

2065 3047 2183 3100 rale
2223 3047 2536 3110 concilium,
2584 3062 2746 3114 quam
2799 3049 3093 3116 apostolica
3145 3049 3320 3112 sedes,
3365 3047 3631 3118 generalia

1505 3184 1860 3241 BARLAAMI
1898 3181 2170 3238 CONTRA
2214 3181 2530 3236 LATINOS.

403 3297 792 3366 ἐχειροτονεῖτο
817 3298 872 3351 δὲ
892 3298 980 3366 ὑφ’
1010 3299 1128 3362 ἑνὸς
1159 3299 1365 3364 αὑτῶν,
1393 3302 1528 3370 ὅπερ
1557 3303 1649 3354 καὶ
1674 3301 1955 3370 μέχριτῆς
1981 3301 2024 3363 C
2058 3297 2164 3350 τῶν
2207 3297 2605 3366 οίκουμενικῶν
2661 3297 2893 3349 συνόδων
2948 3295 3077 3364 περὶ
3131 3296 3226 3348 τοῦ
3283 3296 3475 3368 θρόνου
3534 3300 3627 3368 τῆς

405 3391 648 3458 σήμερον
677 3390 820 3442 οὑτω
866 3392 1095 3457 γίνεται.
1139 3387 1262 3445 Οίον
1305 3395 1332 3443 6
1383 3393 1483 3463 μὲν
1545 3393 1816 3461 ἡμέτερος
1857 3410 1964 3443 πα-

403 3484 669 3551 τριάρχης
697 3481 802 3534 ὑπὸ
829 3482 920 3534 τοῦ
983 3484 1380 3552 μητροπολίτου
1448 3483 1803 3553 Ἡρακλείας·
1839 3485 1865 3535 6
1910 3482 1966 3536 δὲ

417 3573 810 3644 Ἱεροσολύμων
850 3575 954 3628 ὑπὸ
1007 3576 1103 3628 τοῦ
1135 3575 1768 3644 Καισαρείας.’⁹ομοίως
1807 3576 1898 3627 καὶ
1917 3575 1969 3626 ot

407 3666 613 3722 λοιποί.

951 3763 1199 3816 ΚΕΦΑΛ.
1227 3759 1308 3815 H'.

481 3858 703 3908 Δίκαιον
733 3856 788 3908 δὲ
820 3854 1126 3923 ἡγούμεθα,
1162 3853 1255 3906 καὶ
1290 3855 1445 3921 ὑμεῖς
1474 3851 1618 3904 τοῦτ’
1651 3852 1717 3907 ἂν
1775 3853 1967 3920 ὁμολο-

417 3949 669 4016 γήσαιτε,
731 3949 814 3999 ὃτι
866 3948 1020 4014 εἴπερ
1050 3948 1076 3997 6
1108 3945 1339 4014 Χριστὸς
1372 3947 1518 4013 ἡμᾶς
1585 3945 1966 4013 είρηνοποίησε

407 4039 574 4102 λύσας
596 4039 695 4108 τὴν
721 4038 939 4108 ἔχθραν,
980 4037 1238 4090 τοσοῦτον
1255 4037 1412 4103 λόγον
1445 4037 1592 4103 ἔχειν
1639 4036 1731 4088 τὸν
1777 4037 1965 4087 πάπαν

407 4127 544 4196 πρὸς
588 4128 717 4188 τοὺς
740 4125 1105 4195 πατριάρχας,
1138 4124 1195 4175 δν
1222 4120 1334 4193 εἶχε
1365 4124 1459 4178 καὶ
1492 4121 1548 4176 ἐν
1575 4122 1651 4192 τῷ
1681 4123 1856 4192 καιρῷ
1877 4125 1967 4177 ὅτε

410 4221 730 4289 ὑπήρχομεν
765 4220 1061 4286 ἡνωμένοι.
1106 4217 1165 4268 Εί
1199 4217 1382 4271 τοίνυν
1413 4215 1532 4270 τότε
1573 4216 1747 4278 οὐδεὶς
1778 4216 1967 4269 οὐδένα

407 4311 756 4379 ἐχειροτόνει,
784 4310 904 4362 οὑδὲ
938 4309 1196 4378 συνήθεια
1221 4304 1287 4378 ἦν
1339 4307 1479 4360 ὥστε
1534 4310 1659 4370 τοὺς
1698 4308 1970 4376 πατριάρ-

410 4418 509 4468 χας
541 4402 645 4453 ὑπὸ
677 4400 772 4452 τοῦ
822 4401 979 4453 πάτια
1027 4398 1493 4469 χειροτονεῖσθαι·
1526 4398 1642 4459 πῶς
1689 4400 1824 4466 ὅπερ
1878 4397 1968 4451 οὑ-

409 4489 600 4543 δέποτι
641 4491 839 4559 εῐχετε,
892 4488 986 4541 νῦν
1034 4491 1108 4551 ὠς
1166 4489 1575 4559 ἀπαρακίνητον
1641 4490 1962 4551 ἀπαιτεῖτε;

409 4582 546 4634 Οῦτε
608 4584 839 4649 νόμιμον
895 4583 1023 4650 ἀρα,
1062 4581 1186 4632 οὕτε
1239 4579 1482 4649 εὔλογον,
1530 4578 1652 4632 οὔτε
1710 4579 1959 4648 σύνηθες,

408 4675 533 4735 τοὺς
560 4672 903 4742 πατριάρχας
946 4674 1048 4724 ὑπὸ
1089 4673 1179 4724 τοῦ
1215 4675 1370 4727 πάππ⁸
1403 4672 1849 4743 χειροτονεῖσθαι.

999 4765 1251 4818 ΚΕΦΛΑ.
1287 4765 1362 4817 Θ’.

479 4856 603 4915 Πῶς
631 4851 724 4909 οὖν
752 4858 778 4908 6
813 4856 997 4917 πάπας
1031 4856 1246 4926 πρῶτος
1288 4854 1396 4906 τῶν
1431 4854 1625 4922 ἄλλων,
1659 4854 1707 4908 εί
1734 4856 1834 4907 οὑκ
1859 4853 1957 4908 αὑ-

407 4950 498 5011 τὸς
547 4951 846 5018 χειροτονεῖ
889 4948 1123 5011 αὑτούς;
1172 4946 1296 5008 Πῶς
1359 4949 1387 4999 6
1421 4948 1687 5015 μακάριος
1734 4949 1957 5015 Πέτρος,

408 5033 469 5093 οὑ
520 5042 624 5109 φῂς
675 5041 915 5108 διάδοχον
962 5040 1053 5091 τὸν
1111 5038 1319 5105 πάπαν,
1380 5039 1593 5107 πρῶτος
1631 5039 1738 5091 τῶν
1787 5040 1962 5094 ἄλλων

409 5131 742 5191 ἀποστόλων,
762 5131 919 5197 εἰπερ
943 5130 1041 5183 οὑκ
1059 5129 1218 5191 αὐτὸς
1240 5127 1481 5190 ἐκείνους
1513 5129 1922 5197 ἐχειροτόνησεν
1943 5145 1961 5193 ;

423 5221 564 5288 Ἐγὼ
603 5222 700 5287 μὲν
740 5216 832 5272 οὖν
862 5221 986 5278 τοὺς
1017 5219 1246 5279 κανόνας
1278 5219 1775 5287 προχειριζόμενος,
1803 5217 1963 5270 τοῦτο

411 5310 571 5361 πλέον
599 5310 710 5361 τῶν
751 5309 924 5360 ἀλλων
960 5309 1200 5375 εὑρίσκω
1230 5309 1320 5360 τὸν
1353 5309 1539 5361 πάπαν
1576 5309 1770 5376 ἔχοντα
1815 5309 1958 5372 τότε,

411 5401 470 5450 τὸ
503 5399 981 5468 πρωτοκαθεδρίας
1019 5399 1448 5462 ἁξιοῦσθαι,.καὶ
1492 5399 1706 5466 πρῶτον
1733 5399 1960 5467 ἀδελφὸν

410 5483 793 5556 ὀνομάζεσθαι,
815 5489 908 5540 καὶ
938 5490 995 5541 ὲν
1015 5491 1136 5550 ταῖς
1171 5492 1456 5557 μυστικαῖς
1479 5489 1666 5557 εὐχαῖς
1689 5490 1783 5556 τῆς
1809 5490 1960 5554 θείας

411 5578 752 5647 λειτουργίας
785 5581 1000 5648 πρῶτον
1032 5582 1238 5635 ἐκείνου
1270 5581 1692 5650 μιμνήσκεσθαι.
1723 5583 1782 5634 El
1813 5583 1866 5634 δὲ
1897 5584 1958 5636 σὺ

415 5665 574 5728 πλέον
601 5670 793 5721 τούτου
826 5671 970 5739 ἔχοις
1009 5673 1207 5736 εἰπεῖν,
1241 5674 1412 5737 δεῖξον
1445 5671 1603 5725 τοῦτο
1632 5675 1695 5726 ὲκ
1733 5675 1841 5725 τῶν
1892 5676 1966 5725 ίε-

417 5758 528 5822 ρῶν
565 5761 830 5829 κανόνων,
864 5765 959 5816 καὶ
1000 5767 1099 5819 οὐκ
1145 5764 1513 5837 ἀντιλέξομεν.
1565 5768 1628 5821 ’0
1657 5765 1711 5821 δὲ
1740 5765 1965 5831 οὐδεμία

2078 3389 2297 3460 Ῥώμης
2343 3389 2730 3457 ἐνομοθέτησε,
2764 3387 2922 3440 τοῦτο
2964 3390 2992 3441 6
3033 3390 3496 3453 ἑπτακαιδέκατος
3531 3407 3627 3442 κα-

2064 3479 2172 3534 νὼν
2231 3483 2330 3548 τῆς
2382 3480 2653 3550 τετάρτης
2710 3480 2930 3531 συνόδου
2967 3481 3058 3531 τὸν
3096 3483 3193 3550 τῆς
3243 3483 3369 3543 νέας
3410 3482 3629 3549 Ῥώμης,

2068 3574 2259 3644 Θρόνον
2292 3573 2437 3642 ἔχειν
2471 3572 2810 3624 ἐδικαίωσεν.
2848 3590 2866 3622 ι
2912 3570 3026 3626 Ἰνα
3057 3571 3301 3642 δηλονότι
3352 3569 3475 3627 καθ’
3505 3575 3633 3625 ἑκά.-

2069 3681 2202 3734 στην
2233 3664 2525 3732 ἐπαρχίαν,
2559 3662 2720 3725 εἴτις
2746 3663 3042 3724 ἐπίσκοπος
3079 3664 3318 3715 ἀδικοῖτο
3348 3663 3498 3732 παρά
3538 3662 3630 3714 τοῦ

2070 3755 2202 3806 ίδίου
2253 3752 2679 3823 μητροπολίτου,
2718 3752 2869 3821 παρά
2916 3751 2992 3821 τῷ
3029 3751 3245 3821 ὲξάρχῳ
3294 3750 3394 3820 τῆς
3423 3751 3618 3819 διοικήι

2068 3863 2208 3907 σεως
2263 3845 2574 3917 δικάζηται,
2637 3844 2670 3913 ἢ
2721 3843 2798 3916 τῷ
2846 3841 2943 3911 τῆς
2998 3843 3627 3902 Κωνσταντινουπόλεως

2067 3938 2263 4008 θρόνῳ.
2313 3954 2332 3988 ι

2675 4026 2928 4080 ΚΕΦΑΛ.
2981 4023 3035 4079 1’.

2147 4119 2306 4174 Ἀλλά
2339 4119 2448 4190 μὴν
2488 4120 2616 4184 οὐδ’,
2649 4119 2722 4180 ὼς
2752 4117 2818 4171 ἄν
2850 4135 2932 4180 τις
2975 4117 3257 4181 ὑπολάϐοι,
3282 4119 3308 4168 6
3345 4118 3483 4168 κατὰ
3512 4133 3627 4167 κα.·

2068 4211 2159 4282 ρον
2193 4207 2380 4271 πάπας
2420 4211 2617 4278 ἐξῆρχε
2649 4208 2759 4261 τῶν
2808 4208 3205 4276 οἰκουμενικῶν
3234 4208 3489 4266 συνόδων,
3520 4207 3627 4258 οὐδ’

2066 4303 2224 4365 αὑτὸς
2255 4302 2446 4364 αὑταῖς
2474 4301 2789 4369 ἐνομοθέτει
2813 4317 2826 4331 ο
2856 4300 2969 4352 ἀλλ’
3004 4299 3160 4362 αὐτὸς
3191 4300 3288 4368 μὲν
3323 4300 3416 4351 καὶ
3445 4299 3628 4366 ήπερὶ

2065 4395 2225 4449 αὑτὸν
2268 4394 2562 4461 Ἐκκλησία
2611 4395 2775 4462 μέρος
2821 4389 2889 4461 ἦν
2936 4395 3032 4460 τῆς
3066 4393 3191 4458 ὅλης
3226 4392 3477 4445 συνόδου·
3513 4389 3627 4458 ἡδὲ

2067 4487 2280 4548 σύνοδος
2303 4486 2492 4556 ὥσπερ
2517 4489 2634 4547 ταῖς
2664 4485 2868 4548 ἄλλαις,
2904 4486 3046 4536 οὑτω
3070 4486 3132 4553 δὴ
3157 4488 3248 4536 καὶ
3275 4486 3339 4553 τῇ
3365 4483 3461 4552 τῆς
3495 4481 3626 4536 Ῥώ-

2070 4595 2176 4646 μης
2216 4576 2512 4645 Ἐκκλησία
2562 4575 2890 4642 ἐνομοθέτει.
2931 4593 2950 4625 ι
3015 4575 3234 4644 Ἐπειδὴ
3274 4577 3403 4643 γὰρ,
3435 4575 3624 4643 φησὶν,

2068 4669 2123 4719 ἐν
2153 4670 2215 4738 τῇ
2263 4667 2547 4734 Ῥωμαίων
2594 4666 2894 4736 Ἐκκλησία
2924 4667 2979 4716 ὲν
3010 4664 3162 4728 τάξει
3195 4665 3416 4724 κανόνος
3452 4681 3625 4732 παρα-

2065 4763 2308 4815 δεδόσθαι
2335 4762 2658 4830 διέγνωμεν,
2686 4762 2811 4823 τοὺς
2841 4762 3132 4831 μέλλοντας
3161 4761 3409 4812 διακόνου
3438 4760 3468 4828 ἢ
3494 4774 3626 4827 πρε-

2068 4855 2329 4922 σϐυτέρου
2380 4854 2664 4916 ἀξιοῦσθαι
2712 4852 3048 4922 χειροτονίας
3107 4849 3498 4919 καθομολογεῖν
3547 4852 3622 4911 ὼς

2065 4944 2249 4998 οὐκέτι
2281 4946 2400 5006 ταῖς
2433 4945 2610 4997 αὐτῶν
2629 4945 2997 4996 συνάπτονται
3032 4944 3318 5010 γαμεταῖςθ
3348 4941 3525 5007 ἡμεῖς,
3544 4938 3622 5007 τῷ

2065 5035 2278 5104 ἀρχαίῳ
2297 5035 2711 5096 ἀκολουθοῦντες
2734 5033 2918 5086 κανόνι
2945 5035 3041 5102 τῆς
3072 5030 3438 5097 ἁποστολικῆς
3466 5031 3621 5098 ἀκρι-

2069 5127 2220 5190 6είας
2255 5129 2347 5179 καὶ
2385 5127 2614 5190 τάξεως.
2649 5126 2716 5177 τά
2765 5125 2871 5178 τῶν
2921 5124 3081 5192 ίερῶν
3120 5122 3329 5192 ἀνδρῶν
3361 5121 3501 5172 κατά
3533 5118 3622 5171 νό-

2074 5235 2207 5288 μους
2254 5219 2564 5272 συνοικέσια
2608 5218 2703 5270 καὶ
2739 5215 2964 5273 ἀπὸτοῦ
3005 5215 3099 5268 νῦν
3135 5213 3406 5285 ἐρρῶσθαι
3437 5211 3621 5280 βουλάς

2072 5311 2234 5380 μεθα,
2288 5311 2548 5380 μηδαμῶς
2595 5310 2659 5363 ἂν
2708 5314 2807 5375 τὴν
2862 5310 3002 5378 πρὸς
3049 5306 3293 5375 γαμετὰς
3331 5304 3623 5371 συνάφειαν

2066 5403 2397 5468 διαλύοντες,
2443 5403 2476 5471 ἦ
2511 5403 2942 5470 ἀποστεροῦντες
2988 5401 3186 5462 ἀὑτοὺς
3219 5398 3318 5465 τῆς
3353 5397 3488 5465 πρὸς
3527 5397 3623 5448 ἀλ-

2068 5495 2259 5565 λήλους
2291 5496 2431 5548 κατὰ
2463 5497 2652 5565 καιρὸν
2669 5497 2758 5548 τὸν
2790 5496 3131 5564 προσήκοντα
3162 5491 3435 5561 ὁμιλίας.»
3474 5489 3531 5542 Ὀ
3564 5490 3621 5541 δὲ

2070 5586 2427 5655 πεντηκοστὸς
2447 5587 2693 5654 πέμπτος
2722 5585 2904 5654 φησίν
2930 5605 2948 5636 ι
2973 5583 3185 5651 Ἐπειδὴ
3221 5582 3621 5650 μεμαθήκαμεν

2064 5678 2189 5739 τοὺς
2219 5679 2275 5728 ἐν
2302 5679 2368 5746 τῇ
2409 5676 2697 5746 Ῥωμαίων
2734 5679 2883 5728 πόλει
2915 5679 2970 5728 ὲν
3008 5679 3123 5736 ταῖς
3152 5674 3336 5740 ἁγίαις
3366 5673 3459 5740 τῆς
3486 5669 3621 5722 Τεσ-

2069 5782 2134 5820 σα
2145 5767 2410 5835 ρακοττῆς
2437 5766 2710 5836 νηστείαις
2728 5768 2837 5829 τοῖς
2861 5765 3059 5834 ταύτης
3081 5764 3320 5817 Σάδδασι
3339 5759 3617 5831 νηστεύειν
