4450 6440
773 345 904 414 1ἳ75

1878 343 2273 405 ΒΑΗῙΛΛΜΙ
2323 342 2414 400 DE
2457 343 2608 407 SEM
2627 345 2810 403 [NAR
2829 346 2900 403 ῐΑ

3895 347 3909 405 1
3923 346 4028 411 276

769 458 1006 516 fidelium
1037 461 1341 515 necessaria
1396 461 1709 515 exsistant?
1744 458 1838 514 Vel
1871 461 2143 529 quomodo
2205 458 2418 516 μηδι-Α
2449 460 2728 522 lincliaut;
2768 460 3042 512 Romanos
3094 474 3221 512 vero
3276 459 3561 527 pontilices
3613 474 3641 512 a
3691 458 3853 514 beato
3901 461 4028 518 Cle-

767 551 896 607 Lter
928 553 1278 620 providentiae
1311 570 1444 623 opus
1478 560 1644 613 esset,
1702 554 1884 610 omnia
1942 553 2218 617 sapienter
2247 553 2340 604 al-

767 645 1148 709 ministrantis,
1179 645 1667 714 apostolisquidem
1701 647 2007 713 providere,
2035 645 2340 698 utliabeant

767 736 1047 802 primatem
1080 778 1093 801 ,
1134 752 1270 804 quos
1298 737 1368 789 ita
1400 737 1568 804 gratia
1604 747 1717 790 crat
1748 737 2078 806 perfectura,
2117 741 2175 786 ut
2230 749 2335 785 non

771 828 1049 895 indigeant
1081 831 1129 880 in
1169 829 1351 880 multis
1400 829 1590 882 ducem
1621 831 1896 882 licininem
1945 829 2180 880 habere:
2215 833 2339 892 post

770 918 891 972 illos
953 934 1078 970 vero
1118 918 1491 973 multitudines
1550 921 1783 972 lidelium
1841 917 2228 985 inpriocipatas
2285 920 2340 967 et

770 1013 1106 1065 inordinatos
1163 1012 1414 1066 deserere
1453 1012 1635 1065 ferre?
1667 1013 1776 1081 Ego
1807 1014 1948 1064 enim
2005 1008 2336 1066 contrarium

769 1104 952 1168 credo,
986 1103 1106 1155 ideo
1133 1101 1350 1155 Petrum
1389 1103 1682 1170 principem
1711 1103 1940 1155 aliorum
1977 1101 2337 1157 constitutum

771 1193 959 1254 fuisse,
992 1203 1047 1246 ut
1094 1195 1391 1246 sectmdum
1452 1195 1694 1246 eamdem
1748 1193 1973 1246 lormam
2021 1208 2232 1261 semper
2284 1193 2338 1245 in

768 1285 1006 1338 Ecclesia
1041 1286 1104 1336 ad
1152 1301 1316 1337 unum
1353 1284 1679 1338 reducantur
1745 1301 1935 1339 omnes
1986 1285 2336 1353 principium.

769 1377 872 1428 Sed
901 1378 1154 1447 quoniam
1191 1378 1561 1445 pontilicatum
1589 1378 1803 1445 quidem
1842 1377 1906 1429 ad
1938 1377 2134 1429 multos
2160 1387 2341 1430 trans-

772 1464 851 1519 ire
907 1466 1245 1534 impossibile
1286 1477 1434 1531 erat,
1482 1467 1604 1520 ideo
1636 1468 1760 1519 licet
1823 1467 1974 1521 multi
2006 1467 2055 1520 in
2109 1467 2339 1521 diversis

772 1555 924 1618 locis,
952 1559 1171 1622 etgorbis
1199 1559 1444 1626 pzirlibtts
1494 1559 1730 1627 episcopi
1755 1574 1783 1612 a
1805 1558 1961 1612 beato
1984 1559 2140 1612 Petro
2172 1560 2339 1613 creati

771 1650 1012 1709 luerunt.
1083 1661 1140 1703 ut
1192 1653 1256 1704 tle
1309 1668 1374 1705 eo
1423 1651 1689 1706 Chronica
1755 1653 1995 1717 indicat,
2062 1661 2115 1706 et
2153 1667 2342 1706 omnes

771 1741 1028 1806 possibile
1055 1754 1136 1796 est
1163 1743 1432 1796 nominari
1467 1759 1812 1798 successores
1848 1743 1988 1812 ejus,
2041 1742 2336 1796 secundum

769 1841 1017 1900 utraque,
1049 1835 1416 1901 pontificatum
1450 1837 1555 1897 aio,
1590 1846 1643 1888 et
1671 1836 1983 1904 primatum,
2016 1835 2163 1888 solus
2214 1834 2340 1888 bea-

769 1933 856 1976 tus
876 1923 1148 1989 Clemens,
1183 1943 1466 1980 succi-ssor
1496 1926 1614 1995 ejus
1662 1928 1729 1980 ab
1759 1928 1875 1996 ipso
1901 1925 2266 1980 substituitur.

838 2015 958 2082 Ipse
1002 2021 1145 2069 enim
1169 2019 1221 2070 in
1263 2020 1495 2087 quadam
1518 2020 1581 2072 ad
1604 2019 1865 2072 Jacobum
1903 2018 2127 2086 epistola
2155 2019 2225 2070 ita
2264 2016 2338 2086 (Ι)

767 2116 953 2160 narrat
990 2109 1182 2178 :_quod
1238 2110 1455 2164 divinus
1493 2113 1684 2164 Petrus
1713 2120 1836 2164 ante
1867 2125 2069 2179 paucos
2100 2109 2217 2163 dies
2252 2108 2337 2161 sui

769 2200 1072 2265 t-Oi-poralis
1103 2199 1247 2265 linis,
1292 2211 1588 2258 convocata
1626 2212 1736 2255 t0ta
1788 2203 2033 2255 Romana
2081 2201 2342 2262 Ecclesia,

767 2290 1044 2341 constituit
1073 2305 1193 2343 eum
1218 2307 1399 2345 coram
1431 2293 1683 2347 omnibus
1715 2293 1829 2346 vice
1871 2308 1967 2346 sua
1996 2292 2102 2346 illis
2133 2293 2346 2361 episco-

766 2392 916 2445 pum,
958 2379 1143 2434 dicens
1173 2382 1236 2435 ad
1268 2383 1414 2436 illum
1448 2385 1664 2451 quidem
1695 2401 1708 2437 :
1744 2384 1863 2437 Tibi
1893 2387 2196 2452 dooomnem
2231 2393 2342 2436 tra-

766 2471 932 2523 ditam
975 2474 1104 2525 milii
1141 2489 1168 2527 a
1201 2474 1427 2529 Domino
1459 2485 1775 2543 potestatem
1806 2477 1913 2540 ;ad
1948 2477 2156 2545 plebem
2189 2491 2340 2541 vero,

2436 2473 2608 2541 magis
2623 2489 2783 2540 quam
2805 2473 3234 2540 longinquiores,
3259 2473 3464 2529 clarius
3484 2477 3782 2529 illuminari
3817 2493 3830 2529 :

2446 561 2622 603 mente
2653 551 2979 618 incipiendo,
3010 558 3267 618 tanquam
3300 550 3465 603 totius
3507 550 3653 605 orbis
3681 553 4026 617 pratlaturam

2443 652 2497 696 et
2537 657 2723 695 curam
2777 641 3061 704 habentes,
3103 642 3432 695 universalia
3467 641 3852 696 administrare
3897 657 4028 696 mox

2442 735 2737 796 ordientes,
2784 737 2848 786 ad
2880 736 3163 790 universos
3203 734 3482 802 regulares
3515 735 3776 802 epistolas
3809 735 4023 801 (munit-

2446 836 2641 890 tentes,
2669 835 2721 879 et
2755 841 2875 894 qua:
2918 826 3120 893 ubique
3151 827 3518 895 peccabantur
3552 826 3828 898 corrigere
3853 830 4028 883 niten-

2444 929 2543 981 tes,
2577 928 2630 972 et
2674 919 2817 986 quod
2861 920 3127 988 agendum
3157 929 3273 974 erat
3302 920 3559 974 omnibus
3587 931 3886 974 statuentes
3920 940 3933 974 :
3964 929 4028 976 ut

2442 1018 2619 1080 potest
2647 1013 2748 1065 hoc
2777 1011 2926 1075 sciri,
2969 1012 3014 1066 si
3055 1013 3178 1080 quis
3228 1014 3505 1078 regulares
3533 1013 3786 1083 epistolas
3819 1012 4023 1066 Roma-

2443 1116 2636 1154 norum
2671 1103 2982 1169 pontificum
3019 1118 3046 1156 a
3079 1103 3236 1156 beato
3267 1102 3546 1158 Clemente
3577 1118 3747 1172 usque
3769 1104 3833 1156 ad
3858 1119 4024 1157 sanc-

2445 1203 2553 1246 tum
2586 1193 2916 1264 Sylvestrum
2946 1195 3256 1249 discurrere
3289 1195 3516 1250 voluerit
3547 1211 3561 1248 :
3598 1196 3651 1248 in
3684 1195 3882 1263 quibus
3911 1211 4020 1247 non

2443 1297 2617 1347 pauca
2667 1283 2905 1336 inveniet
2938 1295 3215 1348 contenta,
3249 1285 3410 1338 etiam
3464 1300 3676 1346 eorum,
3724 1300 3844 1352 quae
3877 1300 4023 1338 nunc

2442 1373 2682 1428 Ecclesia
2725 1372 3034 1428 Graecorum
3065 1375 3194 1428 facit
3228 1375 3294 1427 ab
3333 1374 3439 1428 illis
3478 1375 3823 1443 pontiﬁcibus
3867 1376 4026 1428 insti-

2444 1471 2559 1517 tuta
2585 1473 2637 1518 et
2662 1463 2928 1530 originem
2955 1466 3236 1519 habentia.
3283 1466 3438 1520 Unde
3484 1465 3628 1534 quod
3660 1465 3714 1518 in
3766 1466 4020 1519 machina

2445 1555 2681 1608 universi
2735 1557 3019 1622 contingit,
3071 1558 3214 1626 quod
3267 1573 3388 1626 qua:
3424 1558 3777 1627 longinquius
3825 1573 3855 1611 a
3914 1559 4022 1612 D.o

2441 1644 2667 1709 distant,
2712 1646 3039 1714 procliviora
3081 1654 3208 1701 sunt
3239 1649 3305 1702 ad
3339 1651 3702 1716 peccandum,
3751 1659 3805 1702 et
3838 1648 4021 1703 minus

2441 1736 2799 1789 determinata
2845 1747 2897 1791 et
2924 1739 3301 1804 mutabiliOra;
3335 1756 3454 1809 qua:
3482 1755 3610 1794 vero
3632 1741 4019 1809 propinquiora

2450 1836 2597 1890 sunt,
2630 1826 2819 1880 eadem
2849 1827 2903 1880 in
2935 1828 3075 1882 bono
3112 1830 3576 1893 permanentiora,
3643 1837 3697 1882 et
3733 1829 4016 1883 stabiliora

2450 1927 2503 1970 et
2544 1919 2712 1984 magis
2730 1920 3128 1974 deterniinata:
3156 1920 3297 1974 idem
3323 1921 3487 1976 etiam
3520 1924 3572 1974 in
3613 1921 3852 1976 Ecclesia
3892 1938 4023 1990 pro-

2449 2012 2591 2062 lecto
2617 2011 2903 2077 contingit.
2933 2010 3185 2066 Plurima:
3200 2013 3344 2065 enim
3364 2023 3418 2066 et
3444 2013 3755 2067 deterrimae
3787 2014 4020 2067 hereses

2447 2101 2499 2153 in
2539 2101 2783 2169 partibus
2802 2103 2973 2170 magis
2997 2119 3026 2156 a
3059 2104 3302 2158 Romana
3330 2106 3662 2160 distantibus
3696 2116 3828 2159 ortzc
3851 2118 3976 2160 sunt
4004 2123 4018 2171 ;

2443 2190 2627 2248 Romae
2649 2209 2774 2248 vero
2802 2197 2885 2249 vel
2918 2211 3105 2266 prope,
3135 2207 3388 2252 auctores
3413 2199 3681 2252 haeresum
3707 2198 3836 2253 facti
3903 2215 4013 2253 non

2441 2297 2587 2340 sunt.
2618 2287 2787 2342 Matre
2819 2290 2964 2342 enim
3021 2289 3393 2344 Ecclesiarum
3448 2293 3706 2346 omnibus
3767 2295 4016 2347 veritatis

2441 2381 2622 2433 radios
2644 2381 2902 2443 euitente,
2938 2380 3182 2444 profecto
3200 2383 3563 2450 contingebat
3598 2385 4015 2453 propinquiores

3885 2492 4010 2530 cum

768 2569 829 2614 ut
862 2562 915 2613 in
951 2563 1205 2615 omnibus
1242 2565 1316 2616 illi
1371 2576 1625 2633 tanquam
1665 2566 1768 2619 sibi
1803 2566 2104 2619 attendant.
2153 2565 2340 2634 Itaque
2434 2577 2614 2620 autem
2644 2566 2826 2618 divina
2853 2565 3211 2633 providentia,
3242 2567 3546 2635 respublica
3574 2569 3638 2620 ad
3670 2569 4018 2624 Christianos

769 2665 832 2704 ex
891 2661 1021 2706 tunc
1051 2653 1278 2707 aliarum
1313 2655 1530 2724 quidem
1563 2657 1840 2710 civitatum
1873 2657 2152 2725 pontiﬁces
2183 2658 2334 2709 inve-

768 2745 910 2803 nies.
943 2745 1076 2798 nihil
1111 2757 1167 2799 ut
1196 2747 1489 2814 plurimum
1517 2750 1853 2803 testimantes
1882 2759 2130 2817 oportere
2157 2750 2339 2804 curio-

769 2838 883 2895 sius
912 2853 1090 2906 agere,
1128 2843 1268 2893 ultra
1315 2842 1403 2895 illa
1441 2857 1561 2912 quae
1604 2842 1670 2895 ad
1704 2858 1858 2896 suam
1891 2842 2179 2896 dioecesem
2216 2855 2342 2902 pcr-

2442 2657 2699 2721 venisset,
2749 2659 2962 2723 piorum
3009 2657 3402 2725 imperatorum
3463 2657 3822 2727 legislatores,
3869 2659 4010 2713 Cone

2444 2750 2780 2802 stantinuset
2804 2758 2923 2812 post
2940 2765 3063 2802 eum
3094 2749 3454 2813 Justinianus,
3501 2762 3895 2820 consequenter
3914 2768 4012 2806 su-

2446 2839 2645 2908 periori
2686 2840 2963 2894 traditioni
2994 2842 3427 2910 etpossessioni,
3467 2842 3684 2912 legibus
3734 2853 3786 2896 ct
3817 2844 4006 2900 decre-

1884 2959 2230 3016 BARLAAMI
2255 2959 2533 3015 CONTRA
2562 2954 2878 3013 LATINOS.

770 3073 961 3135 κοστδς
997 3075 1254 3144 τέταρτος
1283 3076 1462 3128 κανὼν
1492 3077 1590 3144 τῆς
1620 3081 1674 3132 ἒν
1707 3079 2039 3148 Καροαγένῃ
2096 3077 2339 3137 συνόδου,
2370 3081 2415 3149 c
2445 3069 2512 3144 ἦς
2542 3076 2634 3128 καὶ
2660 3077 2728 3126 τὰ
2758 3077 3004 3144 δόγματα
3043 3077 3427 3145 διατηροῦντες
3461 3081 3824 3150 τυγχάνομενο
3851 3081 4011 3148 ὑμεῖς

771 3167 914 3219 οὕτω
953 3169 1125 3234 λέγων
1154 3185 1167 3198 ·
1211 3188 1228 3219 ι
1278 3171 1514 3239 ’Πρεσεν
1562 3171 1702 3225 ὥστε
1751 3172 1878 3238 περὶ
1922 3171 2021 3239 τῆς
2068 3170 2338 3239 διχονοίας

771 3263 867 3327 τῆς
909 3260 1231 3328 Ῥωμαῖκῆς
1266 3262 1361 3314 καὶ
1400 3262 1810 3330 Ἀλεξανδρινῆς
1844 3263 2172 3331 Ἐκκλησίας
2204 3261 2339 3329 πρὸς

770 3352 860 3401 τὶν
894 3351 1196 3416 ἁγιώτατον
1231 3354 1419 3404 πάπαν
1461 3354 1810 3406 Ἰννοκέντιον
1863 3356 2164 3425 γραφῆναι,
2193 3357 2339 3417 ὅπως

773 3443 1011 3510 ἑκατέρα
1042 3445 1341 3514 Ἐκκλησία
1374 3447 1510 3514 πρὸς
1567 3447 1804 3515 ἀλλήλας
1835 3449 2058 3516 εἰρήνην
2092 3446 2340 3514 φυλάξω-

773 3551 878 3596 σιν,
905 3535 970 3604 ἢν
1000 3537 1025 3586 ὀ
1052 3536 1250 3603 Κύριος
1287 3537 1678 3605 παραγγέλλει.
1717 3556 1735 3588 ι
1786 3539 1969 3600 Οὐδεὶς
2007 3539 2062 3590 δὲ
2098 3539 2217 3591 ἀντὶ
2246 3538 2339 3590 τοῦ

777 3628 954 3679 εἰπεῖν
1012 3629 1320 3700 Καθολικὴν
1364 3631 1713 3699 Ἐκκλησίαν,
1759 3630 2070 3700 Ῥωμαϊκήν
2108 3648 2236 3682 ποτε
2268 3628 2342 3681 εἴ·

781 3736 899 3772 παν.
957 3721 1057 3771 Τὸν
1112 3722 1274 3774 αὑτὸν
1308 3723 1374 3790 δὴ
1409 3723 1631 3790 τρόπον,
1666 3726 1756 3776 καὶ
1798 3723 1979 3774 πίστιν
2032 3722 2344 3790 Καθολικὴν

777 3811 906 3862 ὅταν
939 3811 1157 3878 λέγωσι,
1200 3813 1402 3881 ταύτην
1452 3815 1682 3879 νοοῦσιν,
1716 3817 1781 3884 ἣν
1834 3814 2072 3877 ἅπαντες
2104 3815 2152 3866 οἱ
2187 3814 2343 3883 ὁρΟὸ-

778 3901 918 3965 δοξοι
974 3904 1293 3972 Χριστιανοὶ
1341 3905 1715 3973 ὁμολογοῦσιν,
1767 3907 2007 3973 ὅπουπερ
2051 3906 2116 3958 ἂν
2144 3907 2346 3976 τυγχά-

778 4004 940 4052 νοιεν.
998 4000 1191 4051 Πῖσιιν
1243 3999 1297 4052 δὲ
1359 4000 1672 4071 Ῥωμαϊκὴν
1719 4002 1813 4070 τὴν
1863 4003 1967 4053 τῶν
2003 4002 2345 4071 Χριστιανῶν

779 4087 983 4152 πίστιν,
1009 4089 1275 4154 οὖδεὶς,ού
1299 4093 1507 4158 μανεὶς,
1531 4088 1704 4145 εἶπεν.
1727 4093 2222 4163 Ἐνομοοέτησανδὲ
2248 4095 2346 4146 οὐκ

781 4180 859 4240 είς
901 4178 1218 4250 Ῥωμαϊκὴν
1252 4182 1282 4248 ἢ
1317 4182 1499 4235 πίστιν
1530 4183 1560 4251 ἢ
1607 4184 1950 4251 Ἐκκλησίαν,
1985 4185 2097 4237 ἀλλ’
2128 4189 2206 4248 είς
2237 4188 2349 4238 Κα-

782 4271 1003 4340 Θολικὴν
1050 4273 1080 4339 ἦ
1135 4272 1319 4342 κοινὴν
1354 4275 1445 4326 καὶ
1494 4275 1677 4327 πίστιν
1713 4277 1804 4328 καὶ
1852 4276 2173 4347 Ἐκκλησίαν
2201 4279 2346 4345 ἡμᾶς

783 4364 1091 4416 πιστεύειν·
1126 4366 1193 4434 ἣν
1226 4365 1412 4416 πίστιν
1455 4368 1547 4418 καὶ
1582 4368 1874 4436 ὁμολογίαν
1934 4371 2026 4422 καὶ
2079 4370 2346 4437 ἐφυλάξα-

2441 3168 2498 3220 δὶ
2547 3169 2596 3220 ol
2657 3169 2754 3230 τὰς
2795 3170 2894 3237 τῆς
2954 3169 3250 3239 καθολικῆς
3297 3172 3622 3240 Ἐκκλησίας
3676 3174 4009 3242 παραδόσεις

2441 3261 2823 3330 ἀθετήσαντες,
2850 3263 2944 3313 καὶ
2961 3262 3164 3324 ταύτας
3196 3266 3272 3326 είς
3295 3265 3446 3317 οὐδὲν
3476 3265 3715 3334 Θέμενοι,
3744 3265 3864 3328 ξένα
3890 3266 4012 3317 τινὰ

2443 3356 2537 3407 καὶ
2592 3356 2845 3424 ἀλλότρια
2886 3355 3236 3421 ἀντεισάγετε
3303 3358 3570 3426 δόγματα,
3605 3357 3724 3419 πῶς
3762 3359 3826 3409 ἂν
3861 3357 3945 3424 εἴη
3962 3373 4012 3409 τε

2441 3443 2638 3498 δίκαιοι
2678 3446 2744 3515 ἣν
2778 3445 3081 3515 ὴθετήσατε
3121 3446 3470 3516 Ἐκκλησίαν,
3502 3449 3582 3510 εἰς
3611 3449 3817 3513 ταύτην
3851 3448 4010 3508 αὖθις

2444 3537 2726 3590 πιστεύειν
2783 3539 3108 3606 ὁμολογεῖν;
3165 3539 3486 3607 Ἀναγκαῖον
3523 3542 3630 3607 ἄρα
3684 3541 3819 3608 πρὸς
3863 3542 4013 3592 ἀντι-

2443 3627 2724 3696 διαστολὴν
2760 3627 2966 3699 ταύτης
3021 3630 3116 3698 τὴν
3157 3631 3473 3702 Ῥωμαϊκὴν
3515 3635 3847 3701 Ἐκκλησίαν
3875 3649 4014 3701 προ-

2445 3718 2759 3772 ϐάλλεσθαι.
2795 3719 2950 3772 Οῦτω
2986 3723 3093 3790 γὰρ
3141 3722 3206 3774 ἂν
3264 3724 3561 3777 δεικνύοιτε
3629 3727 3874 3795 φανερῶς
3911 3729 4008 3793 τῆς

2448 3811 2740 3880 καθολικῆς
2789 3814 3135 3866 παντάπασιν
3188 3815 3516 3885 Ἐκκλησίας
3565 3819 4010 3875 ἐκπεπτωκέναι.

2448 3902 2527 3953 Τὰ
2571 3904 2668 3971 μὲν
2708 3904 2815 3972 γὰρ
2860 3908 3014 3973 κοινῇ
3064 3907 3248 3976 ἁπάσῃ
3281 3911 3346 3976 τῇ
3395 3908 3489 3960 τοῦ
3528 3909 3662 3962 Θεοῦ
3710 3911 4012 3980 Ἐκκλησία

2448 3995 2881 4064 νομοθετηθέντα
2921 3997 3023 4050 ὑπό
3071 4014 3128 4049 τε
3171 3999 3278 4048 τῶν
3332 3999 3492 4050 θείων
3542 4002 3855 4052 ἀποστόλων
3915 4004 4011 4054 καὶ

2448 4087 2555 4137 τῶν
2587 4087 2757 4154 ἁγίων
2805 4089 3061 4155 Πατέρων
3092 4087 3274 4158 ἡμῶν,
3315 4091 3715 4160 αἰσχυνόμενοι,
3764 4097 3857 4147 καὶ
3905 4097 4011 4146 ὑπὸ

2446 4181 2546 4247 τῆς
2574 4179 2931 4246 συνειδήσεως
2957 4179 3325 4248 ἐλεγχόμενοι,
3349 4183 3639 4249 φυλάττειν
3667 4186 4004 4250 ὁμολογεῖτε·

2450 4267 2516 4320 ἂν
2545 4268 2600 4320 δέ
2626 4285 2709 4330 τις
2741 4269 2881 4336 ὑμᾶς
2922 4270 3136 4340 ἔρηται.
3177 4272 3298 4333 Πῶς
3368 4274 3458 4325 τὸν
3487 4275 3641 4327 δεῖνα
3675 4276 3706 4344 ἢ
3740 4277 3829 4328 τὸν
3860 4278 4009 4329 δεῖνα

2451 4347 2816 4426 παρασαίνὲτε
2869 4361 3071 4430 νόμως
3125 4363 3219 4414 ἐπὶ
3271 4364 3367 4433 τὴν
3415 4368 3664 4430 ἐξουσίαν
3710 4370 3892 4432 εύοὺς,
3935 4371 4013 4434 ὡς

788 4473 908 4522 μεν,
927 4456 1018 4506 καὶ
1050 4459 1130 4518 είς
1148 4419 1337 4520 ,τέλος,
1364 4457 1499 4509 Θεοῦ
1523 4419 1888 4529 φρουροῦντος
1908 4419 2346 4530 ήμάείεὲολᾷἐο-
2378 4419 2421 4474 D
2450 4448 2533 4499 ἐπ’
2566 4450 2858 4521 ἀκρόπολίν
2888 4419 3029 4516 τίνα,
3055 4419 3429 4522 καταφεύγετε
3451 4471 3465 4485 ο
3493 4458 3676 4524 ὅμοιόν
3705 4473 3755 4509 τι
3782 4419 3894 4520 τοῖς
3918 4419 4014 4511 tu:

787 4565 905 4616 μεν.
956 4551 1024 4601 Ἢ
1060 4552 1209 4611 ποῖος
1247 4550 1455 4619 μάρτυς
1484 4554 1731 4620 τυράννῳ
1783 4554 1913 4604 ποτὲ
1974 4553 2281 4623 παρεστὼς,
2317 4552 2348 4621 ἢ

785 4639 1059 4706 αἱρετικδς
1111 4643 1173 4692 ἐκ
1221 4642 1429 4710 πλάνης
1459 4642 1577 4694 ὁδοῦ
1611 4645 1774 4696 αὑτοῦ
1804 4645 2167 4714 ἐπιστρέφων,
2196 4646 2250 4695 έν
2286 4647 2348 4713 τῇ

783 4732 884 4799 τῆς
920 4734 1152 4794 πίστεως
1184 4737 1441 4807 ὁμολογίᾳ
1466 4733 1584 4788 εἶπέ
1621 4755 1671 4788 τι
1703 4736 1957 4800 τοιοῦτον,
1991 4739 2070 4788 ὅτι
2105 4737 2348 4788 Πιστεύω

781 4826 859 4884 είς
897 4823 1208 4892 Ῥωμαϊκὴν
1237 4827 1266 4896 ἢ
1297 4826 1548 4896 πίστιν,ἢ
1584 4828 1905 4895 Ἐκκλησίαν
1932 4845 1946 4892 ;
1973 4829 2065 4888 Τίς
2093 4827 2148 4879 δὲ
2175 4826 2347 4878 τοιαύ-

779 4932 878 4981 την
928 4917 1215 4983 ὁμολογίαν
1255 4919 1501 4987 ἁπῄτησέ
1554 4921 1682 4971 ποτέ
1743 4936 1886 4978 τινα.
1940 4919 2346 4987 τὴν,ήμετέραν

781 5005 1187 5076 ἀναιρουμένην
1222 5024 1281 5070 γε
1314 5009 1631 5072 εύσέδειαν;
1679 5009 1806 5060 Οῦτ’
1841 5004 1931 5061 οῦν
1965 5010 2107 5077 ἡμᾶς
2139 5007 2344 5059 δίκαιον

780 5097 862 5156 είς
919 5093 1232 5165 Ῥωμαϊκὴν
1291 5098 1615 5165 Ἐκκλησίαν
1665 5098 1826 5165 φάναι
1883 5097 2179 5158 πιστεύειν,
2231 5095 2344 5147 οὗθ’

785 5187 927 5254 ὑμᾶς
980 5187 1060 5248 είς
1112 5187 1441 5258 Καθολικήν.
1490 5191 1665 5259 Ἡμᾶς
1702 5191 1800 5257 μὶν
1835 5191 1944 5256 γάρ
1978 5189 2074 5240 ἆτε
2103 5190 2214 5248 τοῖς
2249 5188 2344 5254 τῆς

784 5277 1080 5347 ωοολικῆς
1114 5280 1442 5348 Ἐκκλησίας
1468 5282 1804 5350 ἐμμένοντας
1835 5281 2040 5347 νόμοις,
2076 5280 2168 5330 καὶ
2203 5279 2345 5340 σώας

784 5373 879 5423 καὶ
924 5371 1246 5439 ὁλοκλήρους
1294 5374 1389 5433 τὰς
1438 5375 1649 5440 ἐκείνης
1693 5373 2019 5440 παραδόσεις
2054 5371 2346 5438 φυλάττον.

784 5477 904 5527 τας,
937 5462 1367 5530 ἀναγκαιότατον
1415 5466 1495 5527 είς
1529 5467 1696 5533 αὐτὴν
1734 5465 2013 5516 πιστεύειν
2042 5462 2347 5533 ὁμολογεῖν,

859 5605 1153 5668 (“Nititur
1199 5605 1438 5675 Barlaam
1470 5608 1698 5675 epistola
1744 5608 2040 5662 Clementis
2086 5607 2148 5659 ad
2182 5605 2341 5660 laeu-

787 5674 935 5745 hom,
968 5691 1086 5739 qme
1109 5691 1171 5728 co
1204 5674 1414 5729 facilius
1445 5674 1623 5745 spuria
1663 5681 1941 5744 probatur,
1978 5678 2116 5745 quod
2141 5679 2340 5742 scripta

789 5743 953 5798 fuerit
985 5761 1088 5797 non
1123 5747 1220 5799 nisi
1271 5757 1392 5816 post
1445 5743 1673 5801 mortem
1713 5748 1874 5813 l’ctri,
1922 5743 2043 5802 cum
2093 5749 2244 5815 Ιοιιέυ
2281 5749 2344 5799 ad

2451 4542 2664 4608 ράννοις
2693 4539 2992 4604 ποιοῦντες,
3027 4544 3076 4596 οἳ
3103 4545 3246 4614 λόγῳ
3273 4547 3480 4600 πείθειν
3522 4549 3851 4616 ἀποροῦντες
3885 4553 4014 4615 τοὺς

2452 4631 2759 4700 μάρτυρας,
2814 4634 2945 4705 δρᾷν
2986 4639 3065 4698 εἰς
3115 4638 3316 4700 αὐτοὺς
3367 4641 3453 4691 διά
3500 4643 3596 4708 τῆς
3632 4643 3875 4706 ἐξουσίας
3911 4645 4014 4696 οὐκ

2450 4723 2656 4774 ὤκνουν
2689 4727 2753 4777 τὰ.
2779 4727 3052 4796 χείριστα.
3085 4729 3269 4782 Ταῦτα
3302 4731 3399 4799 μὲν
3431 4732 3570 4794 ἅλις.

3029 4821 3278 4878 ΚΕΦΑΛ.
3325 4821 3440 4889 Ιζῗ.

2523 4911 2611 4960 Δεῖ
2657 4910 2711 4961 δέ
2748 4927 2813 4979 με
2859 4913 3482 4982 ἀνακεφαλαιωσάμενον
3518 4916 3584 4968 τά
3613 4913 3701 4968 διὰ
3753 4918 4016 4973 πλειόνων

2449 5000 2772 5070 δεδειγμένα
2823 5006 2974 5066 τέλος
3015 5005 3281 5059 ἐπιθεῖναι
3316 5007 3391 5075 τῷ
3427 5007 3590 5077 λόγῳ.
3644 5010 3865 5078 Πρῶτον
3916 5012 4014 5079 μὲν

2452 5093 2544 5146 οῦν
2601 5095 2886 5160 ἀπέδειξα,
2920 5098 3003 5149 ὅτι
3053 5097 3283 5160 ἔκαστος
3332 5099 3442 5152 τῶν
3497 5102 3665 5167 ἁγίων
3701 5104 4017 5156 ἀποστόλων

2452 5187 2738 5250 καθολικὸς
2765 5192 2968 5258 ποιμήν
2997 5207 3056 5245 τε
3083 5191 3176 5242 καὶ
3205 5191 3520 5255 διδάσκαλος
3554 5194 3650 5262 τῆς
3683 5195 4017 5264 οἰκουμένης

2455 5279 2674 5348 ἀπάσης
2707 5280 2929 5346 ἀμέσως
2981 5283 3083 5334 ὑπὸ
3105 5282 3198 5335 τοῦ
3227 5284 3497 5336 Δεσπότου
3557 5285 3796 5354 Χριστοῦ
3857 5305 4022 5357 προε-

2456 5371 2657 5440 ϐλήοηθ
2709 5373 2980 5442 δεύτερον,
3028 5377 3108 5426 ὅτι
3155 5377 3181 5427 ὁ
3231 5378 3502 5448 μακάριος
3536 5379 3767 5448 Κλήμης
3803 5383 3862 5432 ού
3917 5383 4020 5450 τῆς

2456 5463 2780 5532 οἰκουμένης
2837 5465 3155 5532 ἐπίσκοπος,
3210 5468 3326 5520 ἀλλ’
3395 5469 3543 5533 ἰδίως
3605 5472 3704 5541 τῆς
3771 5471 4016 5542 Ῥώμης,

2449 5620 2675 5674 superos
2705 5609 2962 5663 evasisset
2984 5610 3071 5663 ille
3091 5608 3348 5678 Jacobns,
3377 5613 3468 5666 cui
3491 5612 3830 5672 inscribitur.
3855 5617 4026 5680 mea.

2530 5680 2604 5748 (Ξ)
2637 5681 2941 5736 Canonicas
2974 5682 3285 5737 decretales.
