4450 6440
399 335 525 400 ῐῖἶῗ

393 542 611 606 pietatis
673 544 1104 606 Ιιυοίιινίυηιρε,
1169 543 1457 598 manifeste
1524 545 1952 598 determinantes

395 631 691 685 Romanam
726 633 1024 687 Ecclesiam
1060 646 1310 701 opOitere
1360 636 1555 688 habere
1589 637 1855 688 rationem
1888 636 1951 688 ad

396 723 629 791 reliquas
662 740 885 788 omnes,
920 737 969 778 et
998 728 1098 793 ips:
1135 726 1428 779 convenire
1481 728 1723 780 omnium
1783 727 1957 781 domi-

394 818 535 878 nari,
565 826 617 870 et
649 818 829 869 omnia
869 826 1205 882 retractare,
1237 828 1289 871 et
1317 833 1439 886 qua:
1500 820 1699 886 ubique
1734 819 1797 873 de
1856 820 1957 873 tide

391 921 442 967 et
473 913 814 981 dogmatibus
843 913 1188 975 dubitantur,
1225 914 1287 966 ad
1326 912 1497 981 ipsam
1552 912 1760 976 referri,
1809 913 1953 967 clibi

393 1005 804 1057 convenientem
842 1006 1303 1058 examinationem
1335 1012 1388 1059 et
1421 1004 1791 1058 deﬁnitionem
1824 1019 1956 1057 cou-

394 1098 545 1162 sequi
580 1115 591 1159 ;
626 1107 786 1164 atque.
808 1095 1143 1150 Sardicensis
1176 1098 1391 1150 concilii
1426 1112 1682 1160 canones,
1713 1098 1956 1151 omnium

395 1188 625 1241 aliorum
661 1190 979 1258 pontilieum
1045 1190 1343 1244 sententias
1404 1189 1712 1261 judiciales,
1740 1191 1783 1243 si
1835 1192 1958 1258 quis

395 1280 459 1333 ad
491 1281 661 1349 ipsam
698 1283 1070 1351 appellaverit,
1108 1284 1281 1351 ipsam
1336 1294 1588 1351 oportere
1641 1292 1960 1347 retractare,

392 1382 446 1427 et
476 1372 918 1433 conlirinare,vel
962 1374 1198 1437 irritare,
1256 1374 1510 1429 similiter
1573 1385 1857 1435 statuunt;
1908 1388 1962 1429 et

397 1466 666 1532 generalia
701 1466 945 1532 quasdam
982 1467 1253 1529 concilia,
1299 1482 1447 1520 novae
1512 1466 1696 1520 Romae
1747 1471 1960 1536 epis“.—

399 1572 523 1624 pum
560 1559 832 1611 honorare
863 1559 1119 1623 volentia,
1144 1570 1393 1625 oportere
1436 1560 1610 1627 ipsum
1640 1562 1837 1613 habere
1869 1562 1963 1612 de-

401 1658 629 1702 cernunt
647 1649 933 1715 primatum
960 1661 1080 1720 post
1097 1653 1407 1718 episcopum
1429 1653 1661 1719 antiqua:
1683 1651 1864 1704 Romae
1883 1672 1894 1713 ;
1914 1664 1966 1705 et

397 1742 539 1810 quod
570 1742 812 1796 omnium
848 1742 1145 1795 maximum
1183 1753 1285 1801 est.
1314 1744 1457 1811 quod
1491 1753 1543 1796 et
1578 1746 1628 1795 iu
1664 1745 1964 1796 cauo‘nilzus

398 1834 672 1902 etiegibus
700 1834 900 1887 nullius
914 1832 1168 1887 Ecclesia:
1194 1835 1349 1887 sedes
1371 1836 1668 1903 apostolica
1716 1836 1961 1887 nomina-

402 1935 509 1985 tur,
538 1924 637 1977 nisi
673 1932 882 1977 tantum
920 1926 1195 1979 Romanae.
1221 1924 1367 1981 Unde
1400 1927 1547 1979 multi
1576 1928 1752 1995 magni
1778 1928 1872 1979 tiri
1900 1929 1961 1982 de

400 2014 656 2069 Orientali
694 2017 931 2070 Ecclesia
992 2017 1341 2079 arbitrantes,
1399 2032 1457 2071 se
1524 2017 1776 2087 injuriam
1839 2034 1959 2072 esse

399 2123 611 2178 passos,
637 2108 699 2160 ad
732 2107 909 2161 sedem
943 2107 1086 2160 illam
1127 2108 1442 2176 refugerunt
1481 2126 1494 2163 :
1526 2109 1750 2179 Magnus
1805 2112 1965 2164 Atha-

401 2200 609 2263 nasius,
647 2209 866 2251 sanctus
891 2198 1154 2252 Maximus
1182 2218 1194 2263 ;
1224 2200 1315 2253 sed
1353 2216 1525 2269 neque
1575 2203 1762 2255 beatus
1787 2204 1960 2272 Chry-

401 2300 676 2345 sostomus
710 2306 864 2343 suum
891 2291 1158 2358 ignoravit
1183 2302 1362 2360 caput.
1413 2294 1609 2347 Passus
1625 2295 1766 2347 enim
1795 2295 1964 2347 maxi-

402 2394 521 2435 mas
550 2380 876 2447 injurias,ad
916 2387 1043 2434 tunc
1102 2381 1474 2434 santissimum
1536 2397 1729 2450 papam
1781 2382 1961 2433 omnia

403 2473 587 2526 refert.
625 2472 725 2537 Qui
757 2482 1019 2539 quantum
1043 2474 1093 2524 in
1118 2488 1175 2527 se
1204 2481 1340 2534 erat,
1391 2489 1610 2527 manum
1661 2474 1963 2527 attxiliatii-

402 2581 515 2619 cem
539 2568 665 2618 dare
692 2563 945 2632 injuriam
978 2579 1162 2632 passo,
1190 2566 1339 2619 nullo
1374 2568 1531 2618 modo
1554 2567 1812 2634 neglexit.
1854 2565 1960 2619 Sed

401 2665 453 2706 ct
478 2656 747 2723 Agapetus
774 2654 1157 2708 sanctissimus
1184 2671 1346 2724 papa,
1385 2672 1506 2709 cum
1532 2659 1839 2712 advenisset
1871 2674 1966 2712 no-

402 2762 521 2799 \am
556 2747 779 2799 Romam
813 2755 1055 2815 tempore
1079 2746 1372 2801 Justiniani
1422 2748 1769 2813 imperatoris
1792 2791 1804 2811 ,
1829 2765 1966 2812 quo-

404 2837 547 2890 niam
572 2838 705 2891 vidit
734 2837 1045 2890 Authimum
1086 2840 1450 2906 patriai-chain
1473 2842 1761 2909 quamdam
1791 2842 1963 2896 lurre-

404 2933 507 2986 sim
536 2930 938 2997 defendentem,
966 2932 1113 2983 illum
1149 2932 1367 2999 quidem
1407 2934 1628 3002 deponit
1702 2937 1765 2987 de
1805 2940 1960 2990 sede:

406 3024 613 3078 Menam
636 3038 784 3089 vero,
829 3024 1004 3078 virum
1028 3025 1418 3087 orthodoxum,
1491 3026 1542 3078 in
1599 3029 1962 3093 patriarcham

1740 345 1878 393 :‘itll
1911 337 2232 396 ΙΛἸἸΝέδ.

396 453 463 503 tis
492 450 732 516 ejusdem
756 450 1006 504 Εοι·1ι·δι.ρ
1038 463 1328 518 probatum
1396 462 1659 512 statuunt.
1708 470 1759 504 in
1810 460 1962 519 parte
1989 452 2037 509 Α
2065 465 2150 508 cet
2183 456 2293 509 lieri
2320 453 2570 521 generale
2595 454 2889 507 concilium

2934 502 2937 503 ν
2985 465 3033 507 et
3076 472 3118 506 si
3148 453 3261 514 liat,
3295 451 3461 505 robur
3525 468 3631 505 non

2060 546 2294 599 habere:
2334 559 2646 613 quanquam
2677 543 3009 612 Ephesinum
3036 542 3324 595 concilium
3356 540 3488 595 nihil
3529 541 3632 591 im—

2059 637 2263 707 pedivit
2308 636 2558 707 generale
2576 644 2771 689 etesse
2790 644 2841 689 et
2892 635 3183 688 nominari.
3222 648 3405 701 neque
3449 633 3630 684 Antio-

2058 730 2230 781 Clieno
2254 729 2565 797 patriarcha
2598 736 2886 795 praesente,
2943 742 3119 793 neque
3166 725 3630 792 Constantinopo-

2061 820 2229 873 litano
2261 820 2621 883 assentiente;
2653 829 2707 872 et
2730 818 3178 871 Chalcedonense
3208 815 3481 876 similiter,
3514 817 3630 866 Alt--

2062 913 2327 966 xandrino
2364 912 2674 982 patriarcha
2705 926 2808 965 non
2841 909 3191 964 assentiente.

2131 1005 2318 1074 Neque
2374 1006 2536 1074 igitur
2574 1005 2823 1074 generale
2892 1002 3210 1062 concilium,
3274 1018 3451 1070 neque
3476 1001 3624 1054 aliud

2062 1098 2355 1166 quidquam
2385 1100 2449 1152 ad
2495 1100 2733 1152 universi
2762 1100 3080 1159 utilitatem.
3109 1112 3350 1160 unquam
3389 1096 3633 1148 celebra-

2065 1200 2174 1243 tum
2205 1200 2289 1243 cst
2318 1192 2433 1242 sine
2454 1189 2538 1241 illa
2562 1191 2707 1242 sede.
2728 1188 2866 1243 Etex
2893 1190 2979 1242 illa
2997 1189 3211 1252 quidem
3231 1187 3468 1241 Ecclesia
3490 1184 3633 1238 nttlla

2066 1280 2287 1335 hmresis
2342 1280 2721 1347 superioribus
2785 1281 3121 1350 temporibus
3162 1288 3338 1332 ortqu
3406 1278 3633 1331 habuit:

2066 1374 2213 1427 nulla
2250 1388 2377 1427 vero
2423 1374 2640 1427 aliunde
2677 1382 2919 1427 ortarum
2951 1373 3154 1426 occidit
3185 1373 3301 1425 sine
3332 1372 3477 1425 illius
3512 1386 3637 1438 pro-

2068 1466 2324 1520 videntia.
2365 1464 2627 1519 Omnibus
2655 1466 2873 1533 quidem
2922 1466 3120 1530 modis,
3151 1464 3507 1533 quibnsjuste
3536 1461 3639 1514 ali-

2066 1562 2193 1629 quid
2224 1560 2588 1627 possideatur,
2618 1560 2782 1613 totius
2815 1557 3068 1613 Ecclesiae
3097 1559 3183 1611 illa
3217 1558 3507 1626 primatum
3543 1554 3638 1605 ob—

2067 1650 2225 1703 tinuit
2253 1651 2405 1705 sedes
2427 1691 2440 1713 ,
2469 1650 2680 1705 scilicet
2714 1650 2897 1704 divina
2933 1652 3228 1710 sententia,
3257 1649 3637 1718 apostolorum

2072 1744 2525 1803 institutionibus,
2580 1742 2913 1809 synodorum
2968 1741 3291 1802 canonibus,
3318 1749 3634 1792 sanctorum

2068 1834 2320 1897 decretis,
2383 1833 2743 1887 multitudinis
2776 1848 3025 1895 assensu,
3057 1833 3318 1900 temporis
3354 1831 3639 1899 praescrip-

2069 1927 2233 1987 tione,
2268 1926 2333 1978 ab
2356 1925 2609 1979 omnibus
2628 1940 2918 1987 consensu,
2947 1934 2997 1977 et
3017 1925 3156 1992 quod
3190 1924 3444 1977 omnibus
3474 1937 3637 1989 supe-

2073 2018 2307 2072 rioribus
2342 2018 2672 2087 temporibus
2700 2020 2783 2085 pie
2808 2028 2859 2071 ιιι
2896 2020 3053 2072 rebus
3085 2018 3464 2071 cnmmunibus
3497 2016 3637 2068 utili»

2072 2118 2152 2163 ter
2181 2110 2480 2163 dominium
2517 2111 2779 2163 exercuit.
2819 2109 2955 2162 Nam
3000 2109 3101 2164 ctsi
3136 2109 3335 2175 aliquis
3372 2110 3537 2163 semel
3573 2113 3631 2159 il»

2071 2202 2245 2255 lorum
2304 2202 2622 2271 pontificum
2658 2202 2819 2254 ailt'lli
2856 2201 3043 2255 haeresi
3079 2217 3337 2256 assensus
3369 2213 3469 2266 est,
3546 2204 3637 2255 sed

2070 2312 2177 2349 non
2207 2297 2259 2348 in
2300 2296 2540 2361 Iungunt,
2570 2303 2664 2347 aut
2708 2295 2772 2347 de
2798 2294 2956 2363 longo
2984 2295 3148 2363 hujus
3172 2294 3491 2347 remedium.
3523 2291 3644 2346 Sta-

2074 2387 2167 2441 tim
2194 2389 2335 2441 cnim
2361 2386 2549 2440 eadem
2581 2386 2843 2450 Ecclesia,
2875 2388 3158 2439 adversata
3184 2387 3256 2448 ei,
3277 2386 3489 2439 illorum
3521 2399 3641 2438 ora-

2073 2481 2238 2540 tione,
2268 2479 2395 2533 sedc
2410 2478 2571 2532 simul
2598 2479 2774 2531 etvita
2803 2480 3069 2545 privatur.
3096 2478 3235 2543 Quid
3262 2487 3437 2531 autem
3465 2480 3509 2532 si
3546 2479 3639 2531 de-

2071 2572 2357 2640 Cusipsum
2386 2580 2439 2625 et
2460 2570 2747 2623 utilitatem
2774 2572 3120 2637 quzeramus?
3150 2586 3329 2623 nonne
3354 2568 3640 2623 videbitur

2071 2663 2353 2717 decentius
2376 2676 2515 2722 esse,
2539 2670 2590 2715 et
2614 2677 2707 2729 per
2737 2662 2941 2723 omnia,
2974 2670 3030 2712 ut
3071 2662 3140 2714 ita
3168 2662 3403 2722 dicatur,
3425 2662 3638 2722 utilius,

2071 2769 2123 2815 et
2157 2759 2245 2812 Dei
2284 2773 2410 2827 erga
2436 2773 2530 2809 nos
2569 2755 2764 2824 pietate
2794 2756 3032 2823 dignius,
3096 2763 3154 2807 ut
3191 2754 3264 2807 illi
3302 2754 3446 2822 genti
3474 2754 3641 2808 totius

2073 2852 2221 2904 orbis
2252 2850 2535 2917 praelatum
2587 2857 2749 2917 atque
2793 2862 2924 2901 cura
2950 2846 3236 2911 credatur,
3279 2862 3399 2915 quae
3430 2846 3640 2917 legibus

2073 2952 2125 2997 et
2160 2941 2304 2996 civili
2349 2941 2596 2995 doctrina
2657 2939 2889 2992 maxime
2928 2939 3171 2991 omnium
3220 2938 3464 3006 gaudet,
3517 2954 3637 3006 quze

2074 3048 2288 3089 omnem
2319 3032 2660 3094 inlinitatem,
2690 3042 2743 3085 et
2767 3031 3250 3092 iuordinatiouem,
3271 3038 3323 3084 et
3350 3030 3636 3098 irrequali-

406 3126 575 3170 ττεῧῑ·
609 3116 671 3170 El
703 3131 822 3170 cum
849 3118 1141 3184 aliquando
1168 3126 1402 3185 quam”
1459 3120 1780 3186 Dalrial‘dm
1839 3137 1960 3174 cum
1992 3138 2037 3199 ο
2074 3141 2256 3184 tatem.
2278 3138 2328 3181 et
2349 3128 2681 3189 violentiam,
2702 3136 2756 3179 ct
2779 3126 3035 3195 iujuriam
3066 3134 3120 3178 ct
3144 3125 3543 3179 detractionem
3574 3128 3638 3176 de

406 3209 732 3277 imperatore
768 3208 1031 3261 adversus
1092 3208 1430 3262 venerabiles
1475 3209 1737 3277 imagines
1795 3211 1958 3279 inpie

404 3302 727 3371 gessissent,
762 3315 868 3353 non
920 3302 1214 3367 paucisque
1238 3301 1393 3353 anuis
1445 3301 1570 3353 huic
1594 3303 1784 3355 haeresi
1848 3319 1967 3371 per-

406 3403 766 3458 severassent,
802 3402 965 3457 atque
990 3393 1054 3445 ad
1087 3391 1341 3444 delendas
1364 3391 1711 3449 honorabiles
1764 3398 1965 3463 lignras

407 3485 713 3539 communia
754 3486 999 3551 quzedam
1024 3482 1276 3541 com-ilia,
1313 3497 1432 3545 quze
1466 3484 1733 3549 generalia
1758 3502 1878 3536 esse
1911 3496 1965 3537 et

410 3575 676 3631 nominari
709 3574 1031 3641 probabant,
1078 3573 1477 3637 celebrasseut,
1507 3575 1692 3627 etsuis
1739 3575 1967 3628 decretis

410 3672 621 3725 beatum
654 3667 985 3734 Stephanum
1023 3681 1080 3719 se
1136 3666 1478 3719 Sttbsrribere
1527 3682 1720 3734 cogere
1772 3669 1965 3721 Voluis-

408 3773 563 3817 sent:
596 3762 841 3829 repudiat
894 3775 987 3814 eos
1029 3759 1114 3812 ille
1140 3769 1381 3823 sanctus,
1451 3774 1553 3811 non
1581 3775 1644 3812 ex
1675 3760 1803 3820 alio,
1866 3762 1963 3813 nisi

411 3856 553 3917 quod
586 3868 691 3905 non
723 3852 988 3905 habebant
1011 3852 1441 3904 consentientem
1493 3850 1794 3903 Romanum
1830 3868 1933 3918 pou

415 3946 632 4007 tilicetn,
668 3942 1222 4008 diceuszhujusmodi
1276 3945 1541 4010 synodum
1603 3958 1709 3995 non
1774 3943 1964 3995 debere

412 4036 711 4104 generalem
745 4033 1036 4097 nominari,
1069 4034 1159 4087 illo
1206 4034 1448 4097 absente,
1479 4048 1585 4103 quo
1616 4035 1729 4087 sine
1763 4050 1866 4086 non
1906 4035 1959 4086 li-

2066 3222 2361 3290 republica,
2410 3220 2477 3272 ab
2510 3219 2662 3271 initio
2723 3219 3009 3272 consuevit
3037 3218 3331 3285 extirpare,
3368 3233 3530 3286 quam
3565 3220 3632 3269 al-

2067 3313 2161 3365 teri
2225 3311 2573 3379 cuieunque?
2612 3328 2621 3337 ’

2138 3405 2266 3469 Qum
2300 3404 2441 3455 enim
2480 3403 2581 3454 alia
2612 3417 2774 3455 causa
2823 3403 3048 3454 inveniri
3099 3410 3295 3467 potest,
3332 3401 3401 3451 ob
3477 3414 3565 3454 ut:
3598 3428 3600 3431 τ

2075 3498 2236 3549 etiam
2264 3505 2387 3548 ante
2429 3494 2857 3547 incarnationem
2877 3493 3056 3558 Verbi,
3088 3500 3319 3556 quatuor
3338 3490 3595 3544 secunde.

2074 3589 2345 3642 Dauit-lem
2381 3601 2693 3654 magnorum
2720 3586 2931 3639 illorum
2955 3600 3265 3651 regnorum,
3286 3584 3383 3635 soli
3405 3581 3606 3635 norim

2074 3696 2161 3732 mo
2217 3689 2271 3733 ct
2305 3681 2690 3740 Romanorum,
2736 3687 2882 3732 totus
2907 3678 3056 3731 orbis
3088 3693 3115 3730 a
3156 3675 3496 3745 providentia
3525 3672 3575 3722 Π·

2071 3772 2401 3827 commissus
2454 3780 2577 3834 est,
2622 3770 2723 3824 nisi
2769 3769 2910 3838 quod
2976 3767 3201 3820 Romani
3254 3766 3545 3819 humanius
3588 3778 3629 3803 ιμ’

2070 3864 2306 3924 civilius,
2357 3871 2410 3915 et
2453 3861 2698 3929 legalius,
2743 3870 2796 3915 et
2826 3859 3086 3928 aequalius
3117 3858 3350 3913 subditis
3408 3858 3583 3909 utebm

2071 3954 2195 4007 tur?

2143 4042 2276 4109 Quia
2312 4058 2438 4096 vero
2471 4040 2837 4095 Romanorum
2867 4041 3160 4094 Ecl-lesiam
3188 4040 3479 4105 principem
3520 4057 3622 4088 ι-μιηι

1497 4173 1842 4229 BARLAAMI
1870 4175 2149 4231 CONTRA
2181 4175 2487 4231 LATINOS.

410 4301 595 4367 ὥσπερ
630 4298 786 4359 ἄλλος
840 4296 942 4347 ὑπο
992 4295 1084 4347 τοῦ
1141 4296 1438 4361 κορυφαίου
1497 4295 1959 4362 κεχειροτόνηται,

414 4393 501 4442 καὶ
529 4388 651 4443 οὔτε
682 4388 895 4456 πρῶτος
928 4386 1051 4437 οὔτε
1093 4386 1317 4453 ἔσχατος
1350 4386 1376 4434 ὁ
1408 4384 1624 4453 Ῥώμης
1656 4381 1722 4454 ἦν
1756 4385 1960 4452 θρόνος.

2071 4297 2363 4366 ἑμμένοντι
2399 4296 2499 4365 μὲν
2531 4295 2605 4363 τῷ
2634 4295 2792 4364 mit;
2837 4295 2945 4356 τοῖς
2974 4294 3079 4346 τῶν
3112 4294 3377 4361 Πατέρων
3400 4292 3631 4357 δί’-ιιλμαπε

2071 4389 2177 4459 χρὴ
2212 4389 2505 4454 ἀπονέμειν
2547 4387 2695 4456 αὐτῷ
2758 4385 3028 4454 τοσαύτην
3062 4386 3250 4455 τιμὴν,
3284 4386 3415 4453 ὅσην
3448 4386 3496 4435 οἱ
3531 4402 3628 4435 κα-

409 4481 510 4533 ί·πό
547 4499 603 4533 τε
643 4482 749 4531 τῶν
778 4480 948 4543 ἀγίων
992 4478 1245 4545 Πατέρων
1279 4475 1437 4545 ἡμῶν
1470 4476 1562 4528 καὶ
1592 4476 1698 4528 τῶν
1749 4477 1970 4528 εύσεόε-
2004 4490 2043 4542 ι)
2074 4484 2220 4543 νὸνες
2244 4480 2566 4549 διορίζονται
2587 4495 2598 4509 ·
2626 4479 2834 4531 δίκαιον
2865 4478 2992 4544 γὰρ,
3034 4478 3108 4546 μὴ
3149 4477 3476 4546 ἐμμένοντα,
3506 4477 3631 4544 φεύ·

416 4574 619 4626 ττάτων
656 4573 917 4640 βασιλέων
950 4569 1274 4637 νομοθεσίας
1322 4569 1533 4637 πρῶτος
1569 4570 1815 4633 ἐγένετοο
1849 4570 1969 4638 τρι.

412 4683 522 4723 τον,
551 4666 632 4716 ὅτι
683 4669 777 4715 καὶ
830 4663 920 4714 τὸν
973 4664 1070 4729 τῆς
1119 4662 1244 4721 νέας
1287 4659 1505 4728 Ῥώμης
1542 4660 1729 4731 θρόνον
1765 4661 1859 4713 καὶ
1892 4661 1969 4721 ὡς

413 4759 618 4811 ἐκεῖνον
652 4758 707 4807 ὲν
750 4758 861 4816 τοῖς
897 4755 1373 4823 ὲκκ>.ησιαστικοῖς
1434 4753 1830 4821 μεγαλύνεσθαι
1858 4752 1970 4805 ἐθέ-

416 4864 614 4899 σπισαν
646 4846 933 4915 πράγμασι
954 4862 967 4874 ·
1004 4848 1287 4911 τέταρτον,
1322 4844 1403 4895 δτι
1434 4843 1555 4896 οὔτε
1581 4846 1742 4912 νόμος
1768 4862 1850 4905 τις
1880 4862 1970 4896 κε-

416 4939 583 5003 λεύει,
619 4938 744 4989 ούτε
802 4937 1056 5005 συνήθεια
1114 4937 1426 5003 κεκράτηκε
1465 4936 1590 4997 τοὺς
1624 4935 1969 5003 πατριάρχας

418 5032 519 5082 ὑπὸ
542 5030 633 5080 τοῦ
663 5029 818 5080 πάπα
842 5026 1289 5096 χειροτονεῖσθαι,
1320 5026 1414 5078 καὶ⁹
1443 5027 1550 5092 μὴν
1579 5026 1698 5079 οὐδὲ
1731 5016 1965 5092 ὲῆένετο·

417 5123 684 5189 πέμπτον,
733 5120 813 5173 ὅτι
865 5119 967 5170 οὐκ
1014 5119 1243 5186 ἐξῆρχεν
1277 5120 1303 5170 ὁ
1339 5118 1523 5179 πάπας
1559 5118 1665 5169 τῶν
1717 5118 1967 5180 συνόδων,

415 5214 530 5266 ἀλλ’
552 5215 607 5266 αἱ
646 5211 851 5264 σύνοδοι
884 5214 978 5263 καὶ
1000 5215 1063 5279 τῇ
1096 5212 1225 5279 περὶ
1254 5211 1415 5263 αὐτὸν
1461 5211 1754 5281 Ἐκκλησία
1785 5213 1965 5278 ἐνομο-

415 5306 635 5358 θέτουν’
666 5304 842 5366 ἕκτον,
872 5303 951 5355 ὅτι
989 5302 1236 5371 διεκρίθη
1285 5302 1387 5354 ὑπὸ
1438 5302 1549 5354 τῶν
1584 5302 1741 5354 θείων
1793 5304 1967 5356 Hatﬁ-

416 5414 524 5464 ρων
552 5394 711 5466 ἡμῶν
746 5395 896 5455 τίνας
939 5393 1044 5446 τῶν
1089 5394 1227 5445 κατά
1272 5393 1369 5462 τὴν
1414 5394 1740 5463 οἰκουμένην
1768 5393 1967 5463 ἐκκλη-

416 5488 547 5538 σιῶν
582 5485 903 5537 ὑποκεῖσθαι
936 5484 1017 5536 δεῖ
1068 5484 1143 5552 τῷ
1196 5485 1377 5553 πάπᾴ,
1411 5485 1504 5535 κα.)⁵
1549 5487 1701 5545 τίνας
1753 5486 1967 5554 ἑκάστῳ

414 5577 523 5631 τῶν
559 5575 759 5628 λοιπῶν
800 5574 1182 5645 πατριαρχῶνο
1223 5575 1473 5643 ἕϐδομον,
1520 5574 1601 5626 ὅτι
1640 5574 1741 5627 οὐκ
1792 5574 1968 5639 ἔξεστί

413 5687 518 5721 τινι
577 5668 684 5721 τῶν
737 5667 1091 5737 πατριαρχῶν
1158 5668 1192 5736 ἢ
1241 5666 1319 5737 τῷ
1378 5669 1534 5736 πάπᾳ
1591 5668 1844 5736 περιττόν
1917 5687 1967 5721 τι

415 5759 758 5826 δογματίζειν
810 5760 936 5810 ἀνευ
970 5759 1065 5826 vi};
1102 5760 1316 5813 πάντων
1362 5760 1581 5827 γνώμης
1608 5776 1621 5788 ·
1651 5759 1853 5824 ὄγδοον,
1884 5760 1962 5811 ὅτι

2072 4590 2189 4637 γειν
2226 4572 2385 4623 αὐτὸν
2411 4571 2484 4633 ὡς
2519 4572 2683 4622 λύκον
2724 4571 2815 4623 καὶ
2845 4569 3101 4637 λυμεῶνα
3130 4568 3229 4637 τῆς
3267 4569 3592 4637 Ἐκκλησὶας
3619 4585 3629 4596 ·

2074 4666 2309 4723 ἔννατον,
2340 4664 2422 4714 ὅτι
2455 4663 2529 4721 εἰς
2564 4663 2661 4729 τὴν
2714 4660 3007 4728 καθολικὴν
3044 4658 3379 4728 Ἐκκλησίαν
3411 4658 3503 4709 καὶ
3546 4660 3632 4709 πί-

2073 4773 2190 4807 στιν
2248 4754 2524 4805 πιστεύειν
2580 4754 2659 4803 δεῖ
2705 4752 2828 4812 τοὺς
2871 4748 3248 4819 Χριστιανοὺς,
3278 4750 3372 4800 καὶ
3423 4749 3521 4799 οὐκ
3555 4766 3575 4797 ε
3608 4769 3628 4808 ς

2076 4847 2310 4915 μερικὴν
2387 4842 2527 4895 οὕτω
2559 4843 2667 4911 γὰρ
2717 4841 2772 4905 ἐξ
2813 4843 2985 4910 ἀρχῆς
3020 4840 3411 4909 νενομοθέτητο
3436 4857 3447 4868 ·
3476 4840 3630 4891 δέκα-

2074 4951 2185 4999 τον,
2221 4934 2311 4985 ὲπὶ
2354 4935 2520 4984 πᾶσιν
2551 4934 2633 4983 ὅτι
2679 4932 2842 4998 μέρος
2882 4930 3335 4997 ἀποκεκομμένον
3373 4930 3465 4995 τῆς
3515 4929 3603 4979 ὀλιε

2073 5042 2232 5093 τητος
2264 5024 2360 5093 τῆς
2389 5022 2683 5088 καθολικῆς
2727 5021 3055 5089 Ἐκκλησέας
3093 5021 3211 5071 ἐστὶ
3238 5019 3333 5071 καὶ
3365 5036 3583 5086 νενεκρι.

2076 5119 2235 5186 μένον
2265 5120 2311 5169 οἱ
2346 5118 2439 5177 τὰς
2480 5116 2586 5166 τῶν
2624 5115 2798 5181 ἀγίων
2847 5114 3164 5166 ἀποστόλων
3202 5114 3297 5164 καὶ
3322 5112 3428 5163 τῶν
3470 5111 3595 5161 θεῖσι.

2075 5209 2328 5277 Πατέρων
2371 5207 2529 5275 ήμῶν
2573 5205 2940 5272 ἀθετήσαντες
2994 5202 3340 5272 παραδόσεις,
3400 5201 3491 5250 καὶ
3552 5217 3615 5246 :-.

2074 5300 2307 5368 μερικὴν
2372 5296 2701 5364 Ἐκκλησεαν
2751 5299 2843 5346 καὶ
2896 5294 3080 5345 πίστιν
3123 5292 3397 5344 πιστεύειν
3434 5290 3619 5358 ὁμολο-

2071 5390 2315 5457 γοῦντες.
2360 5383 2454 5450 Οἷς
2488 5388 2543 5438 δὲ
2580 5386 2732 5437 οὐδὲν
2770 5385 2984 5437 οὐδέπω
3024 5384 3123 5452 τῆς
3174 5382 3465 5447 καθολικῆς
3510 5379 3600 5431 Ἐει

2071 5478 2295 5549 κλησίας
2328 5476 2680 5547 παραδόσεως
2708 5476 3016 5543 νενόμισται
3042 5474 3455 5542 προτιμότερον,
3480 5466 3626 5521 οὗτοι

2068 5572 2239 5642 δήπου
2271 5568 2331 5621 τὸ
2364 5569 2601 5634 ὑγιαῖνον
2643 5566 2950 5635 ὑπάρχουσι
2984 5565 3170 5633 μέρος,
3209 5558 3283 5622 οἷς
3320 5568 3409 5612 κπιί
3445 5562 3623 5627 μόνοις

2069 5665 2213 5727 εἰκὸς
2261 5664 2341 5725 εἰς
2388 5660 2713 5729 Ἐκκλησίαν
2752 5659 3044 5727 καθολικὴν
3100 5658 3260 5725 φάναι
3318 5654 3614 5707 πιστεύειν.

2070 5757 2251 5810 Ταῦτα
2299 5756 2393 5824 μὲν
2428 5748 2520 5806 οὖν
2574 5751 2680 5819 ἐγὼ
2735 5752 2941 5803 δίκαιον
2981 5750 3165 5817 ἔκρινα
3209 5748 3341 5814 πρὶς
3376 5750 3472 5814 τὴν
3514 5744 3611 5813 σὴν
