  <div class='ocr_page' id='page_1' title='image "/cluster/home/n/w/nwhite01/storage/ocr_20150623/151/nnc1.0022106707/651.png"; bbox 0 0 4450 6440; ppageno 0'>
   <div class='ocr_carea' id='block_1_1' title="bbox 815 340 942 406">
    <p class='ocr_par' dir='ltr' id='par_1_1' title="bbox 815 340 942 406">
     <span class='ocr_line' id='line_1_1' title="bbox 815 340 942 406; baseline 0.008 -1"><span class='ocrx_word' id='word_1_1' title='bbox 815 340 942 406; x_wconf 72' lang='grc'><strong>1283</strong></span> 
     </span>
    </p>
   </div>
   <div class='ocr_carea' id='block_1_2' title="bbox 2011 347 2753 416">
    <p class='ocr_par' dir='ltr' id='par_1_2' title="bbox 2011 347 2753 416">
     <span class='ocr_line' id='line_1_2' title="bbox 2011 347 2753 416; baseline 0.009 -7"><span class='ocrx_word' id='word_1_2' title='bbox 2011 352 2162 414; x_wconf 70' lang='lat' dir='ltr'><strong>DEM</strong></span> <span class='ocrx_word' id='word_1_3' title='bbox 2181 347 2387 410; x_wconf 64' lang='lat' dir='ltr'><strong>E&#39;l&#39;lill</strong></span> <span class='ocrx_word' id='word_1_4' title='bbox 2432 348 2753 416; x_wconf 67' lang='lat' dir='ltr'><strong>Ci&#39;DONlL</strong></span> 
     </span>
    </p>
   </div>
   <div class='ocr_carea' id='block_1_3' title="bbox 3910 367 4041 432">
    <p class='ocr_par' dir='ltr' id='par_1_3' title="bbox 3910 367 4041 432">
     <span class='ocr_line' id='line_1_3' title="bbox 3910 367 4041 432; baseline 0.008 -2"><span class='ocrx_word' id='word_1_5' title='bbox 3910 367 4041 432; x_wconf 64' lang='grc'><strong>1283</strong></span> 
     </span>
    </p>
   </div>
   <div class='ocr_carea' id='block_1_4' title="bbox 808 459 4048 554">
    <p class='ocr_par' dir='ltr' id='par_1_4' title="bbox 808 459 4048 554">
     <span class='ocr_line' id='line_1_4' title="bbox 808 459 4048 554; baseline 0.004 -42"><span class='ocrx_word' id='word_1_6' title='bbox 808 459 1187 520; x_wconf 54' lang='grc' dir='ltr'>διτιιιῑιγηιὶιιυε,</span> <span class='ocrx_word' id='word_1_7' title='bbox 1253 459 1366 528; x_wconf 65' lang='lat' dir='ltr'><strong>lpsﬂ</strong></span> <span class='ocrx_word' id='word_1_8' title='bbox 1421 466 1692 526; x_wconf 61' lang='grc' dir='ltr'>ι”οδιιυιιιο</span> <span class='ocrx_word' id='word_1_9' title='bbox 1753 461 2015 526; x_wconf 64' lang='grc' dir='ltr'><strong>(ίιῖεῖίὶΐδι,</strong></span> <span class='ocrx_word' id='word_1_10' title='bbox 2075 465 2126 518; x_wconf 73' lang='lat' dir='ltr'><strong>iii</strong></span> <span class='ocrx_word' id='word_1_11' title='bbox 2191 469 2364 534; x_wconf 84' lang='lat' dir='ltr'><strong>ipsum</strong></span> <span class='ocrx_word' id='word_1_12' title='bbox 2399 467 2442 532; x_wconf 61' lang='grc' dir='ltr'><strong>λ</strong></span> <span class='ocrx_word' id='word_1_13' title='bbox 2475 489 2715 542; x_wconf 76' lang='lat' dir='ltr'><strong>unquam</strong></span> <span class='ocrx_word' id='word_1_14' title='bbox 2748 470 3117 546; x_wconf 63' lang='lat' dir='ltr'><strong>disputantem</strong></span> <span class='ocrx_word' id='word_1_15' title='bbox 3170 480 3637 548; x_wconf 56' lang='lat' dir='ltr'><strong>irrationabiliter,</strong></span> <span class='ocrx_word' id='word_1_16' title='bbox 3690 484 3767 541; x_wconf 56' lang='lat' dir='ltr'><strong>sic</strong></span> <span class='ocrx_word' id='word_1_17' title='bbox 3805 499 3873 539; x_wconf 59' lang='lat' dir='ltr'><strong>ex</strong></span> <span class='ocrx_word' id='word_1_18' title='bbox 3922 489 4048 554; x_wconf 72' lang='lat' dir='ltr'><strong>&quot;pi...</strong></span> 
     </span>
    </p>
   </div>
   <div class='ocr_carea' id='block_1_5' title="bbox 806 554 4039 643">
    <p class='ocr_par' dir='ltr' id='par_1_5' title="bbox 806 554 4039 643">
     <span class='ocr_line' id='line_1_5' title="bbox 806 554 4039 643; baseline 0.008 -41"><span class='ocrx_word' id='word_1_19' title='bbox 806 562 1056 618; x_wconf 79' lang='lat' dir='ltr'><strong>oportch</strong></span> <span class='ocrx_word' id='word_1_20' title='bbox 1082 554 1249 610; x_wconf 79' lang='lat' dir='ltr'><strong>credi.</strong></span> <span class='ocrx_word' id='word_1_21' title='bbox 1283 564 1337 605; x_wconf 90' lang='lat' dir='ltr'><strong>et</strong></span> <span class='ocrx_word' id='word_1_22' title='bbox 1371 554 1704 617; x_wconf 79' lang='lat' dir='ltr'><strong>contrarium</strong></span> <span class='ocrx_word' id='word_1_23' title='bbox 1733 555 1998 618; x_wconf 80' lang='lat' dir='ltr'><strong>dicentes,</strong></span> <span class='ocrx_word' id='word_1_24' title='bbox 2026 557 2086 609; x_wconf 75' lang='lat' dir='ltr'><strong>in</strong></span> <span class='ocrx_word' id='word_1_25' title='bbox 2108 560 2367 632; x_wconf 69' lang='lat' dir='ltr'><strong>portione</strong></span> <span class='ocrx_word' id='word_1_26' title='bbox 2445 569 2671 634; x_wconf 67' lang='lat' dir='ltr'><strong>mando,</strong></span> <span class='ocrx_word' id='word_1_27' title='bbox 2704 583 2768 622; x_wconf 83' lang='lat' dir='ltr'><strong>ex</strong></span> <span class='ocrx_word' id='word_1_28' title='bbox 2793 571 2908 624; x_wconf 91' lang='lat' dir='ltr'><strong>solo</strong></span> <span class='ocrx_word' id='word_1_29' title='bbox 2942 570 3101 626; x_wconf 84' lang='lat' dir='ltr'><strong>Patre</strong></span> <span class='ocrx_word' id='word_1_30' title='bbox 3132 575 3423 641; x_wconf 82' lang='lat' dir='ltr'><strong>procedere</strong></span> <span class='ocrx_word' id='word_1_31' title='bbox 3456 575 3718 643; x_wconf 81' lang='lat' dir='ltr'><strong>Spiritum</strong></span> <span class='ocrx_word' id='word_1_32' title='bbox 3760 589 4039 639; x_wconf 74' lang='lat' dir='ltr'><strong>sanctum,</strong></span> 
     </span>
    </p>
   </div>
   <div class='ocr_carea' id='block_1_6' title="bbox 804 644 2365 718">
    <p class='ocr_par' dir='ltr' id='par_1_6' title="bbox 804 644 2365 718">
     <span class='ocr_line' id='line_1_6' title="bbox 804 644 2365 718; baseline 0.003 -21"><span class='ocrx_word' id='word_1_33' title='bbox 804 644 1182 697; x_wconf 71' lang='lat' dir='ltr'><strong>hereticorum</strong></span> <span class='ocrx_word' id='word_1_34' title='bbox 1210 646 1455 697; x_wconf 87' lang='lat' dir='ltr'><strong>ordinari</strong></span> <span class='ocrx_word' id='word_1_35' title='bbox 1485 647 1722 698; x_wconf 87' lang='lat' dir='ltr'><strong>decrevit</strong></span> <span class='ocrx_word' id='word_1_36' title='bbox 1754 666 1766 700; x_wconf 87' lang='lat'><strong>:</strong></span> <span class='ocrx_word' id='word_1_37' title='bbox 1806 647 1861 718; x_wconf 71' lang='lat' dir='ltr'><strong>in</strong></span> <span class='ocrx_word' id='word_1_38' title='bbox 1893 644 1980 702; x_wconf 72' lang='lat' dir='ltr'><strong>his</strong></span> <span class='ocrx_word' id='word_1_39' title='bbox 2010 650 2166 715; x_wconf 86' lang='lat' dir='ltr'><strong>quasi</strong></span> <span class='ocrx_word' id='word_1_40' title='bbox 2207 665 2365 716; x_wconf 77' lang='lat' dir='ltr'><strong>gene-</strong></span> 
     </span>
    </p>
   </div>
   <div class='ocr_carea' id='block_1_7' title="bbox 808 736 2363 812">
    <p class='ocr_par' dir='ltr' id='par_1_7' title="bbox 808 736 2363 812">
     <span class='ocr_line' id='line_1_7' title="bbox 808 736 2363 812; baseline 0.006 -28"><span class='ocrx_word' id='word_1_41' title='bbox 808 736 928 787; x_wconf 77' lang='lat' dir='ltr'><strong>imle</strong></span> <span class='ocrx_word' id='word_1_42' title='bbox 955 737 1246 788; x_wconf 86' lang='lat' dir='ltr'><strong>comilium</strong></span> <span class='ocrx_word' id='word_1_43' title='bbox 1281 737 1362 787; x_wconf 85' lang='lat' dir='ltr'><strong>ais</strong></span> <span class='ocrx_word' id='word_1_44' title='bbox 1387 737 1588 793; x_wconf 74' lang='lat' dir='ltr'><strong>factum</strong></span> <span class='ocrx_word' id='word_1_45' title='bbox 1618 754 1742 792; x_wconf 80' lang='lat' dir='ltr'><strong>esse</strong></span> <span class='ocrx_word' id='word_1_46' title='bbox 1772 740 1837 797; x_wconf 84' lang='lat' dir='ltr'><strong>de</strong></span> <span class='ocrx_word' id='word_1_47' title='bbox 1861 741 2183 807; x_wconf 85' lang='lat' dir='ltr'><strong>proposito;</strong></span> <span class='ocrx_word' id='word_1_48' title='bbox 2217 741 2363 812; x_wconf 87' lang='lat' dir='ltr'><strong>quod</strong></span> 
     </span>
    </p>
   </div>
   <div class='ocr_carea' id='block_1_8' title="bbox 803 829 2364 904">
    <p class='ocr_par' dir='ltr' id='par_1_8' title="bbox 803 829 2364 904">
     <span class='ocr_line' id='line_1_8' title="bbox 803 829 2364 904; baseline 0.006 -27"><span class='ocrx_word' id='word_1_49' title='bbox 803 829 1044 878; x_wconf 89' lang='lat' dir='ltr'><strong>nondum</strong></span> <span class='ocrx_word' id='word_1_50' title='bbox 1095 843 1268 894; x_wconf 83' lang='lat' dir='ltr'><strong>usque</strong></span> <span class='ocrx_word' id='word_1_51' title='bbox 1316 843 1459 884; x_wconf 91' lang='lat' dir='ltr'><strong>nunc</strong></span> <span class='ocrx_word' id='word_1_52' title='bbox 1493 832 1822 888; x_wconf 79' lang='lat' dir='ltr'><strong>audivitmis.</strong></span> <span class='ocrx_word' id='word_1_53' title='bbox 1869 831 2146 904; x_wconf 78' lang='lat' dir='ltr'><strong>Rogamus</strong></span> <span class='ocrx_word' id='word_1_54' title='bbox 2181 836 2364 902; x_wconf 88' lang='lat' dir='ltr'><strong>itaque</strong></span> 
     </span>
    </p>
   </div>
   <div class='ocr_carea' id='block_1_9' title="bbox 801 921 2364 992">
    <p class='ocr_par' dir='ltr' id='par_1_9' title="bbox 801 921 2364 992">
     <span class='ocr_line' id='line_1_9' title="bbox 801 921 2364 992; baseline 0.005 -23"><span class='ocrx_word' id='word_1_55' title='bbox 801 933 853 975; x_wconf 85' lang='lat' dir='ltr'><strong>te</strong></span> <span class='ocrx_word' id='word_1_56' title='bbox 876 921 1243 971; x_wconf 81' lang='lat' dir='ltr'><strong>communiter</strong></span> <span class='ocrx_word' id='word_1_57' title='bbox 1288 935 1499 987; x_wconf 90' lang='lat' dir='ltr'><strong>omnes,</strong></span> <span class='ocrx_word' id='word_1_58' title='bbox 1531 937 1626 990; x_wconf 80' lang='lat' dir='ltr'><strong>per</strong></span> <span class='ocrx_word' id='word_1_59' title='bbox 1669 923 1832 976; x_wconf 66' lang='lat' dir='ltr'><strong>Deum</strong></span> <span class='ocrx_word' id='word_1_60' title='bbox 1865 923 2066 992; x_wconf 87' lang='lat' dir='ltr'><strong>ipsum,</strong></span> <span class='ocrx_word' id='word_1_61' title='bbox 2102 935 2158 975; x_wconf 90' lang='lat' dir='ltr'><strong>ut</strong></span> <span class='ocrx_word' id='word_1_62' title='bbox 2192 926 2364 992; x_wconf 86' lang='lat' dir='ltr'><strong>siqui-</strong></span> 
     </span>
    </p>
   </div>
   <div class='ocr_carea' id='block_1_10' title="bbox 801 1011 2364 1082">
    <p class='ocr_par' dir='ltr' id='par_1_10' title="bbox 801 1011 2364 1082">
     <span class='ocr_line' id='line_1_10' title="bbox 801 1011 2364 1082; baseline 0.006 -22"><span class='ocrx_word' id='word_1_63' title='bbox 801 1013 918 1062; x_wconf 81' lang='lat' dir='ltr'><strong>dem</strong></span> <span class='ocrx_word' id='word_1_64' title='bbox 957 1011 1050 1063; x_wconf 83' lang='lat' dir='ltr'><strong>tibi</strong></span> <span class='ocrx_word' id='word_1_65' title='bbox 1079 1011 1332 1079; x_wconf 91' lang='lat' dir='ltr'><strong>possibile</strong></span> <span class='ocrx_word' id='word_1_66' title='bbox 1362 1023 1465 1078; x_wconf 88' lang='lat' dir='ltr'><strong>est,</strong></span> <span class='ocrx_word' id='word_1_67' title='bbox 1500 1023 1552 1067; x_wconf 82' lang='lat' dir='ltr'><strong>et</strong></span> <span class='ocrx_word' id='word_1_68' title='bbox 1584 1015 1870 1082; x_wconf 36' lang='lat' dir='ltr'><strong>pra‘dictas</strong></span> <span class='ocrx_word' id='word_1_69' title='bbox 1899 1027 2211 1070; x_wconf 80' lang='lat' dir='ltr'><strong>sanctorum</strong></span> <span class='ocrx_word' id='word_1_70' title='bbox 2249 1016 2364 1069; x_wconf 80' lang='lat' dir='ltr'><strong>itio-</strong></span> 
     </span>
    </p>
   </div>
   <div class='ocr_carea' id='block_1_11' title="bbox 805 1100 2372 1172">
    <p class='ocr_par' dir='ltr' id='par_1_11' title="bbox 805 1100 2372 1172">
     <span class='ocr_line' id='line_1_11' title="bbox 805 1100 2372 1172; baseline 0.005 -20"><span class='ocrx_word' id='word_1_71' title='bbox 805 1116 920 1161; x_wconf 88' lang='lat' dir='ltr'><strong>rum</strong></span> <span class='ocrx_word' id='word_1_72' title='bbox 959 1100 1274 1168; x_wconf 82' lang='lat' dir='ltr'><strong>pontiﬁcum</strong></span> <span class='ocrx_word' id='word_1_73' title='bbox 1331 1106 1611 1172; x_wconf 85' lang='lat' dir='ltr'><strong>epistolas,</strong></span> <span class='ocrx_word' id='word_1_74' title='bbox 1662 1115 1715 1158; x_wconf 90' lang='lat' dir='ltr'><strong>et</strong></span> <span class='ocrx_word' id='word_1_75' title='bbox 1770 1121 2052 1160; x_wconf 85' lang='lat' dir='ltr'><strong>sermones</strong></span> <span class='ocrx_word' id='word_1_76' title='bbox 2090 1108 2372 1169; x_wconf 84' lang='lat' dir='ltr'><strong>dictorum.</strong></span> 
     </span>
    </p>
   </div>
   <div class='ocr_carea' id='block_1_12' title="bbox 801 1192 2363 1268">
    <p class='ocr_par' dir='ltr' id='par_1_12' title="bbox 801 1192 2363 1268">
     <span class='ocr_line' id='line_1_12' title="bbox 801 1192 2363 1268; baseline 0.007 -25"><span class='ocrx_word' id='word_1_77' title='bbox 801 1192 963 1244; x_wconf 88' lang='lat' dir='ltr'><strong>trium</strong></span> <span class='ocrx_word' id='word_1_78' title='bbox 991 1194 1269 1248; x_wconf 87' lang='lat' dir='ltr'><strong>beatorum</strong></span> <span class='ocrx_word' id='word_1_79' title='bbox 1290 1193 1556 1257; x_wconf 83' lang='lat' dir='ltr'><strong>virorum,</strong></span> <span class='ocrx_word' id='word_1_80' title='bbox 1581 1199 1633 1248; x_wconf 91' lang='lat' dir='ltr'><strong>in</strong></span> <span class='ocrx_word' id='word_1_81' title='bbox 1661 1197 1860 1265; x_wconf 84' lang='lat' dir='ltr'><strong>quibus</strong></span> <span class='ocrx_word' id='word_1_82' title='bbox 1887 1200 2164 1266; x_wconf 86' lang='lat' dir='ltr'><strong>proposita</strong></span> <span class='ocrx_word' id='word_1_83' title='bbox 2216 1213 2363 1268; x_wconf 61' lang='lat' dir='ltr'><strong>qua!-</strong></span> 
     </span>
    </p>
   </div>
   <div class='ocr_carea' id='block_1_13' title="bbox 801 1287 2360 1357">
    <p class='ocr_par' dir='ltr' id='par_1_13' title="bbox 801 1287 2360 1357">
     <span class='ocr_line' id='line_1_13' title="bbox 801 1287 2360 1357; baseline 0.006 -20"><span class='ocrx_word' id='word_1_84' title='bbox 801 1287 909 1337; x_wconf 82' lang='lat' dir='ltr'><strong>SIio</strong></span> <span class='ocrx_word' id='word_1_85' title='bbox 945 1288 1274 1354; x_wconf 78' lang='lat' dir='ltr'><strong>continetur,</strong></span> <span class='ocrx_word' id='word_1_86' title='bbox 1303 1296 1356 1340; x_wconf 91' lang='lat' dir='ltr'><strong>et</strong></span> <span class='ocrx_word' id='word_1_87' title='bbox 1392 1289 1569 1348; x_wconf 86' lang='lat' dir='ltr'><strong>adhuc</strong></span> <span class='ocrx_word' id='word_1_88' title='bbox 1603 1298 1722 1341; x_wconf 85' lang='lat' dir='ltr'><strong>acta</strong></span> <span class='ocrx_word' id='word_1_89' title='bbox 1754 1289 2028 1357; x_wconf 56' lang='lat' dir='ltr'><strong>praediave</strong></span> <span class='ocrx_word' id='word_1_90' title='bbox 2053 1294 2360 1346; x_wconf 83' lang='lat' dir='ltr'><strong>communis</strong></span> 
     </span>
    </p>
   </div>
   <div class='ocr_carea' id='block_1_14' title="bbox 796 1381 2356 1452">
    <p class='ocr_par' dir='ltr' id='par_1_14' title="bbox 796 1381 2356 1452">
     <span class='ocr_line' id='line_1_14' title="bbox 796 1381 2356 1452; baseline 0.004 -22"><span class='ocrx_word' id='word_1_91' title='bbox 796 1381 1255 1447; x_wconf 64' lang='lat' dir='ltr'><strong>congregationis,</strong></span> <span class='ocrx_word' id='word_1_92' title='bbox 1307 1391 1639 1435; x_wconf 83' lang='lat' dir='ltr'><strong>convertens</strong></span> <span class='ocrx_word' id='word_1_93' title='bbox 1693 1383 1759 1434; x_wconf 91' lang='lat' dir='ltr'><strong>ad</strong></span> <span class='ocrx_word' id='word_1_94' title='bbox 1813 1382 2052 1452; x_wconf 79' lang='lat' dir='ltr'><strong>linguam</strong></span> <span class='ocrx_word' id='word_1_95' title='bbox 2090 1383 2356 1448; x_wconf 70' lang='lat' dir='ltr'><strong>Graecam,</strong></span> 
     </span>
    </p>
   </div>
   <div class='ocr_carea' id='block_1_15' title="bbox 795 1471 2360 1544">
    <p class='ocr_par' dir='ltr' id='par_1_15' title="bbox 795 1471 2360 1544">
     <span class='ocr_line' id='line_1_15' title="bbox 795 1471 2360 1544; baseline 0.006 -24"><span class='ocrx_word' id='word_1_96' title='bbox 795 1471 1137 1523; x_wconf 71' lang='lat' dir='ltr'><strong>transmittas</strong></span> <span class='ocrx_word' id='word_1_97' title='bbox 1165 1471 1324 1524; x_wconf 87' lang='lat' dir='ltr'><strong>nobis</strong></span> <span class='ocrx_word' id='word_1_98' title='bbox 1359 1472 1493 1540; x_wconf 87' lang='lat' dir='ltr'><strong>ipsa.</strong></span> <span class='ocrx_word' id='word_1_99' title='bbox 1530 1472 1663 1525; x_wconf 85' lang='lat' dir='ltr'><strong>Nam</strong></span> <span class='ocrx_word' id='word_1_100' title='bbox 1700 1474 1742 1526; x_wconf 89' lang='lat' dir='ltr'><strong>si</strong></span> <span class='ocrx_word' id='word_1_101' title='bbox 1771 1473 1855 1526; x_wconf 91' lang='lat' dir='ltr'><strong>bis</strong></span> <span class='ocrx_word' id='word_1_102' title='bbox 1884 1475 2034 1537; x_wconf 82' lang='lat' dir='ltr'><strong>visis,</strong></span> <span class='ocrx_word' id='word_1_103' title='bbox 2063 1478 2129 1528; x_wconf 84' lang='lat' dir='ltr'><strong>de</strong></span> <span class='ocrx_word' id='word_1_104' title='bbox 2160 1475 2360 1544; x_wconf 85' lang='lat' dir='ltr'><strong>quibus</strong></span> 
     </span>
    </p>
   </div>
   <div class='ocr_carea' id='block_1_16' title="bbox 793 1560 2360 1633">
    <p class='ocr_par' dir='ltr' id='par_1_16' title="bbox 793 1560 2360 1633">
     <span class='ocr_line' id='line_1_16' title="bbox 793 1560 2360 1633; baseline 0.007 -23"><span class='ocrx_word' id='word_1_105' title='bbox 793 1564 948 1622; x_wconf 78' lang='lat' dir='ltr'><strong>dicis,</strong></span> <span class='ocrx_word' id='word_1_106' title='bbox 981 1560 1421 1627; x_wconf 83' lang='lat' dir='ltr'><strong>inforrnabimur,</strong></span> <span class='ocrx_word' id='word_1_107' title='bbox 1453 1563 1587 1617; x_wconf 89' lang='lat' dir='ltr'><strong>bene</strong></span> <span class='ocrx_word' id='word_1_108' title='bbox 1619 1564 1775 1628; x_wconf 87' lang='lat' dir='ltr'><strong>scito,</strong></span> <span class='ocrx_word' id='word_1_109' title='bbox 1808 1566 1952 1633; x_wconf 89' lang='lat' dir='ltr'><strong>quod</strong></span> <span class='ocrx_word' id='word_1_110' title='bbox 1978 1567 2360 1621; x_wconf 61' lang='lat' dir='ltr'><strong>controversiae</strong></span> 
     </span>
    </p>
   </div>
   <div class='ocr_carea' id='block_1_17' title="bbox 793 1652 2356 1723">
    <p class='ocr_par' dir='ltr' id='par_1_17' title="bbox 793 1652 2356 1723">
     <span class='ocr_line' id='line_1_17' title="bbox 793 1652 2356 1723; baseline 0.005 -21"><span class='ocrx_word' id='word_1_111' title='bbox 793 1663 989 1705; x_wconf 70' lang='lat' dir='ltr'><strong>nostrae</strong></span> <span class='ocrx_word' id='word_1_112' title='bbox 1012 1668 1134 1706; x_wconf 93' lang='lat' dir='ltr'><strong>cum</strong></span> <span class='ocrx_word' id='word_1_113' title='bbox 1161 1652 1367 1710; x_wconf 82' lang='lat' dir='ltr'><strong>Latinis</strong></span> <span class='ocrx_word' id='word_1_114' title='bbox 1394 1671 1457 1714; x_wconf 80' lang='lat' dir='ltr'><strong>ex</strong></span> <span class='ocrx_word' id='word_1_115' title='bbox 1489 1655 1722 1707; x_wconf 67' lang='lat' dir='ltr'><strong>maxima</strong></span> <span class='ocrx_word' id='word_1_116' title='bbox 1758 1665 1906 1723; x_wconf 88' lang='lat' dir='ltr'><strong>parte</strong></span> <span class='ocrx_word' id='word_1_117' title='bbox 1943 1659 2134 1710; x_wconf 74' lang='lat' dir='ltr'><strong>soluta:</strong></span> <span class='ocrx_word' id='word_1_118' title='bbox 2174 1666 2356 1711; x_wconf 85' lang='lat' dir='ltr'><strong>erunt.</strong></span> 
     </span>
    </p>
   </div>
   <div class='ocr_carea' id='block_1_18' title="bbox 791 1805 2426 1876">
    <p class='ocr_par' dir='ltr' id='par_1_18' title="bbox 791 1805 2426 1876">
     <span class='ocr_line' id='line_1_18' title="bbox 791 1805 2426 1876; baseline 0.002 -17"><span class='ocrx_word' id='word_1_119' title='bbox 791 1809 1032 1874; x_wconf 65' lang='lat' dir='ltr'><strong>Epistola</strong></span> <span class='ocrx_word' id='word_1_120' title='bbox 1063 1810 1444 1876; x_wconf 73' lang='lat' dir='ltr'><strong>sapientissimi</strong></span> <span class='ocrx_word' id='word_1_121' title='bbox 1517 1821 1564 1862; x_wconf 83' lang='lat' dir='ltr'><strong>et</strong></span> <span class='ocrx_word' id='word_1_122' title='bbox 1598 1812 1898 1864; x_wconf 73' lang='lat' dir='ltr'><strong>doctissimi</strong></span> <span class='ocrx_word' id='word_1_123' title='bbox 1940 1813 2038 1863; x_wconf 86' lang='lat' dir='ltr'><strong>viri</strong></span> <span class='ocrx_word' id='word_1_124' title='bbox 2093 1811 2344 1866; x_wconf 78' lang='lat' dir='ltr'><strong>Demetrii</strong></span> <span class='ocrx_word' id='word_1_125' title='bbox 2387 1805 2426 1863; x_wconf 82' lang='grc' dir='ltr'>Β</span> 
     </span>
    </p>
   </div>
   <div class='ocr_carea' id='block_1_19' title="bbox 865 1880 2352 1936">
    <p class='ocr_par' dir='ltr' id='par_1_19' title="bbox 865 1880 2352 1936">
     <span class='ocr_line' id='line_1_19' title="bbox 865 1880 2352 1936; baseline 0.003 -5"><span class='ocrx_word' id='word_1_126' title='bbox 865 1880 1350 1934; x_wconf 71' lang='lat' dir='ltr'><strong>Thessalonicensis</strong></span> <span class='ocrx_word' id='word_1_127' title='bbox 1395 1881 1461 1931; x_wconf 84' lang='lat' dir='ltr'><strong>ad</strong></span> <span class='ocrx_word' id='word_1_128' title='bbox 1509 1882 1743 1933; x_wconf 79' lang='lat' dir='ltr'><strong>eumdem</strong></span> <span class='ocrx_word' id='word_1_129' title='bbox 1805 1886 2072 1934; x_wconf 79' lang='lat' dir='ltr'><strong>dominum</strong></span> <span class='ocrx_word' id='word_1_130' title='bbox 2119 1883 2352 1936; x_wconf 84' lang='lat' dir='ltr'><strong>Barlaa-</strong></span> 
     </span>
    </p>
   </div>
   <div class='ocr_carea' id='block_1_20' title="bbox 865 1949 2351 2020">
    <p class='ocr_par' dir='ltr' id='par_1_20' title="bbox 865 1949 2351 2020">
     <span class='ocr_line' id='line_1_20' title="bbox 865 1949 2351 2020; baseline 0.002 -21"><span class='ocrx_word' id='word_1_131' title='bbox 865 1966 1027 2011; x_wconf 84' lang='lat' dir='ltr'><strong>munt,</strong></span> <span class='ocrx_word' id='word_1_132' title='bbox 1060 1953 1358 2017; x_wconf 75' lang='lat' dir='ltr'><strong>episcopum</strong></span> <span class='ocrx_word' id='word_1_133' title='bbox 1395 1949 1742 2018; x_wconf 79' lang='lat' dir='ltr'><strong>Cyraccnsem</strong></span> <span class='ocrx_word' id='word_1_134' title='bbox 1771 1968 1786 2004; x_wconf 85' lang='lat'><strong>.&#39;</strong></span> <span class='ocrx_word' id='word_1_135' title='bbox 1810 1955 1863 2003; x_wconf 87' lang='lat' dir='ltr'><strong>in</strong></span> <span class='ocrx_word' id='word_1_136' title='bbox 1894 1969 1993 2020; x_wconf 75' lang='lat' dir='ltr'><strong>qua</strong></span> <span class='ocrx_word' id='word_1_137' title='bbox 2018 1968 2210 2019; x_wconf 71' lang='lat' dir='ltr'><strong>ponens</strong></span> <span class='ocrx_word' id='word_1_138' title='bbox 2235 1969 2351 2004; x_wconf 82' lang='lat' dir='ltr'><strong>oni-</strong></span> 
     </span>
    </p>
   </div>
   <div class='ocr_carea' id='block_1_21' title="bbox 858 2021 2347 2088">
    <p class='ocr_par' dir='ltr' id='par_1_21' title="bbox 858 2021 2347 2088">
     <span class='ocr_line' id='line_1_21' title="bbox 858 2021 2347 2088; baseline 0.005 -21"><span class='ocrx_word' id='word_1_139' title='bbox 858 2023 944 2068; x_wconf 76' lang='lat' dir='ltr'><strong>nia</strong></span> <span class='ocrx_word' id='word_1_140' title='bbox 979 2022 1142 2072; x_wconf 85' lang='lat' dir='ltr'><strong>dubia</strong></span> <span class='ocrx_word' id='word_1_141' title='bbox 1176 2038 1272 2072; x_wconf 75' lang='lat' dir='ltr'><strong>sua</strong></span> <span class='ocrx_word' id='word_1_142' title='bbox 1307 2023 1369 2072; x_wconf 80' lang='lat' dir='ltr'><strong>de</strong></span> <span class='ocrx_word' id='word_1_143' title='bbox 1394 2027 1727 2087; x_wconf 74' lang='lat' dir='ltr'><strong>proccssione</strong></span> <span class='ocrx_word' id='word_1_144' title='bbox 1757 2021 1987 2087; x_wconf 79' lang='lat' dir='ltr'><strong>Spiritus</strong></span> <span class='ocrx_word' id='word_1_145' title='bbox 2019 2025 2189 2074; x_wconf 79' lang='lat' dir='ltr'><strong>sancti</strong></span> <span class='ocrx_word' id='word_1_146' title='bbox 2221 2024 2347 2088; x_wconf 82' lang='lat' dir='ltr'><strong>petit</strong></span> 
     </span>
    </p>
   </div>
   <div class='ocr_carea' id='block_1_22' title="bbox 856 2092 2350 2157">
    <p class='ocr_par' dir='ltr' id='par_1_22' title="bbox 856 2092 2350 2157">
     <span class='ocr_line' id='line_1_22' title="bbox 856 2092 2350 2157; baseline 0.005 -18"><span class='ocrx_word' id='word_1_147' title='bbox 856 2092 919 2139; x_wconf 73' lang='lat' dir='ltr'><strong>uti</strong></span> <span class='ocrx_word' id='word_1_148' title='bbox 950 2106 1007 2140; x_wconf 87' lang='lat' dir='ltr'><strong>eo</strong></span> <span class='ocrx_word' id='word_1_149' title='bbox 1065 2093 1260 2152; x_wconf 89' lang='lat' dir='ltr'><strong>doceri,</strong></span> <span class='ocrx_word' id='word_1_150' title='bbox 1291 2092 1480 2157; x_wconf 79' lang='lat' dir='ltr'><strong>quibus</strong></span> <span class='ocrx_word' id='word_1_151' title='bbox 1528 2093 1693 2142; x_wconf 79' lang='lat' dir='ltr'><strong>modis</strong></span> <span class='ocrx_word' id='word_1_152' title='bbox 1729 2093 1990 2144; x_wconf 75' lang='lat' dir='ltr'><strong>adductus</strong></span> <span class='ocrx_word' id='word_1_153' title='bbox 2043 2096 2107 2144; x_wconf 80' lang='lat' dir='ltr'><strong>sit</strong></span> <span class='ocrx_word' id='word_1_154' title='bbox 2138 2095 2350 2146; x_wconf 80' lang='lat' dir='ltr'><strong>credere</strong></span> 
     </span>
    </p>
   </div>
   <div class='ocr_carea' id='block_1_23' title="bbox 859 2159 2061 2227">
    <p class='ocr_par' dir='ltr' id='par_1_23' title="bbox 859 2159 2061 2227">
     <span class='ocr_line' id='line_1_23' title="bbox 859 2159 2061 2227; baseline 0.003 -17"><span class='ocrx_word' id='word_1_155' title='bbox 859 2161 1119 2225; x_wconf 73' lang='lat' dir='ltr'><strong>Spiritum</strong></span> <span class='ocrx_word' id='word_1_156' title='bbox 1142 2171 1385 2212; x_wconf 76' lang='lat' dir='ltr'><strong>sanctum</strong></span> <span class='ocrx_word' id='word_1_157' title='bbox 1419 2169 1468 2213; x_wconf 81' lang='lat' dir='ltr'><strong>et</strong></span> <span class='ocrx_word' id='word_1_158' title='bbox 1498 2177 1561 2213; x_wconf 68' lang='lat' dir='ltr'><strong>ea:</strong></span> <span class='ocrx_word' id='word_1_159' title='bbox 1587 2159 1730 2212; x_wconf 80' lang='lat' dir='ltr'><strong>Filio</strong></span> <span class='ocrx_word' id='word_1_160' title='bbox 1755 2167 2061 2227; x_wconf 72' lang='lat' dir='ltr'><strong>procedere.</strong></span> 
     </span>
    </p>
   </div>
   <div class='ocr_carea' id='block_1_24' title="bbox 856 2292 2350 2362">
    <p class='ocr_par' dir='ltr' id='par_1_24' title="bbox 856 2292 2350 2362">
     <span class='ocr_line' id='line_1_24' title="bbox 856 2292 2350 2362; baseline 0.001 -16"><span class='ocrx_word' id='word_1_161' title='bbox 856 2296 988 2346; x_wconf 75' lang='lat' dir='ltr'><strong>(lum</strong></span> <span class='ocrx_word' id='word_1_162' title='bbox 1019 2295 1260 2358; x_wconf 84' lang='lat' dir='ltr'><strong>olim.tu,</strong></span> <span class='ocrx_word' id='word_1_163' title='bbox 1291 2295 1537 2362; x_wconf 84' lang='lat' dir='ltr'><strong>partibus</strong></span> <span class='ocrx_word' id='word_1_164' title='bbox 1571 2296 1776 2349; x_wconf 64' lang='lat' dir='ltr'><strong>nostris</strong></span> <span class='ocrx_word' id='word_1_165' title='bbox 1806 2294 2068 2359; x_wconf 82' lang='lat' dir='ltr'><strong>dimissis,</strong></span> <span class='ocrx_word' id='word_1_166' title='bbox 2103 2296 2167 2349; x_wconf 91' lang='lat' dir='ltr'><strong>ad</strong></span> <span class='ocrx_word' id='word_1_167' title='bbox 2196 2292 2350 2351; x_wconf 76' lang='lat' dir='ltr'><strong>Occi-</strong></span> 
     </span>
    </p>
   </div>
   <div class='ocr_carea' id='block_1_25' title="bbox 784 2387 2348 2454">
    <p class='ocr_par' dir='ltr' id='par_1_25' title="bbox 784 2387 2348 2454">
     <span class='ocr_line' id='line_1_25' title="bbox 784 2387 2348 2454; baseline 0.004 -19"><span class='ocrx_word' id='word_1_168' title='bbox 784 2394 998 2438; x_wconf 59' lang='lat' dir='ltr'><strong>dentem</strong></span> <span class='ocrx_word' id='word_1_169' title='bbox 1052 2387 1306 2449; x_wconf 90' lang='lat' dir='ltr'><strong>abiisses,</strong></span> <span class='ocrx_word' id='word_1_170' title='bbox 1355 2387 1540 2454; x_wconf 86' lang='lat' dir='ltr'><strong>ibique</strong></span> <span class='ocrx_word' id='word_1_171' title='bbox 1575 2390 1639 2440; x_wconf 84' lang='lat' dir='ltr'><strong>de</strong></span> <span class='ocrx_word' id='word_1_172' title='bbox 1669 2399 1864 2441; x_wconf 71' lang='lat' dir='ltr'><strong>cancro</strong></span> <span class='ocrx_word' id='word_1_173' title='bbox 1892 2389 2220 2442; x_wconf 83' lang='lat' dir='ltr'><strong>Commorari</strong></span> <span class='ocrx_word' id='word_1_174' title='bbox 2253 2405 2348 2441; x_wconf 91' lang='lat' dir='ltr'><strong>vo-</strong></span> 
     </span>
    </p>
   </div>
   <div class='ocr_carea' id='block_1_26' title="bbox 785 2479 2344 2547">
    <p class='ocr_par' dir='ltr' id='par_1_26' title="bbox 785 2479 2344 2547">
     <span class='ocr_line' id='line_1_26' title="bbox 785 2479 2344 2547; baseline 0.006 -23"><span class='ocrx_word' id='word_1_175' title='bbox 785 2491 999 2542; x_wconf 78' lang='lat' dir='ltr'><strong>iii;sses,</strong></span> <span class='ocrx_word' id='word_1_176' title='bbox 1056 2494 1157 2533; x_wconf 88' lang='lat' dir='ltr'><strong>nos</strong></span> <span class='ocrx_word' id='word_1_177' title='bbox 1207 2480 1296 2546; x_wconf 87' lang='lat' dir='ltr'><strong>qui</strong></span> <span class='ocrx_word' id='word_1_178' title='bbox 1350 2479 1515 2531; x_wconf 89' lang='lat' dir='ltr'><strong>radiis</strong></span> <span class='ocrx_word' id='word_1_179' title='bbox 1568 2491 1670 2532; x_wconf 71' lang='lat' dir='ltr'><strong>tua:</strong></span> <span class='ocrx_word' id='word_1_180' title='bbox 1732 2480 2012 2547; x_wconf 70' lang='lat' dir='ltr'><strong>sapientiae</strong></span> <span class='ocrx_word' id='word_1_181' title='bbox 2067 2480 2344 2542; x_wconf 84' lang='lat' dir='ltr'><strong>illustrati,</strong></span> 
     </span>
    </p>
   </div>
   <div class='ocr_carea' id='block_1_27' title="bbox 786 2571 2348 2641">
    <p class='ocr_par' dir='ltr' id='par_1_27' title="bbox 786 2571 2348 2641">
     <span class='ocr_line' id='line_1_27' title="bbox 786 2571 2348 2641; baseline 0.003 -21"><span class='ocrx_word' id='word_1_182' title='bbox 786 2571 967 2622; x_wconf 83' lang='lat' dir='ltr'><strong>multis</strong></span> <span class='ocrx_word' id='word_1_183' title='bbox 1007 2571 1326 2638; x_wconf 65' lang='lat' dir='ltr'><strong>ignorantiae</strong></span> <span class='ocrx_word' id='word_1_184' title='bbox 1365 2572 1599 2625; x_wconf 84' lang='lat' dir='ltr'><strong>tenebris</strong></span> <span class='ocrx_word' id='word_1_185' title='bbox 1632 2572 1890 2624; x_wconf 84' lang='lat' dir='ltr'><strong>liberatos</strong></span> <span class='ocrx_word' id='word_1_186' title='bbox 1918 2586 2017 2625; x_wconf 87' lang='lat' dir='ltr'><strong>nos</strong></span> <span class='ocrx_word' id='word_1_187' title='bbox 2047 2588 2166 2630; x_wconf 82' lang='lat' dir='ltr'><strong>esse</strong></span> <span class='ocrx_word' id='word_1_188' title='bbox 2192 2583 2348 2641; x_wconf 86' lang='lat' dir='ltr'><strong>puta-</strong></span> 
     </span>
    </p>
   </div>
   <div class='ocr_carea' id='block_1_28' title="bbox 783 2665 2344 2732">
    <p class='ocr_par' dir='ltr' id='par_1_28' title="bbox 783 2665 2344 2732">
     <span class='ocr_line' id='line_1_28' title="bbox 783 2665 2344 2732; baseline 0.004 -18"><span class='ocrx_word' id='word_1_189' title='bbox 783 2668 998 2725; x_wconf 76' lang='lat' dir='ltr'><strong>bamus,</strong></span> <span class='ocrx_word' id='word_1_190' title='bbox 1057 2679 1248 2716; x_wconf 87' lang='lat' dir='ltr'><strong>rursus</strong></span> <span class='ocrx_word' id='word_1_191' title='bbox 1281 2673 1382 2716; x_wconf 61' lang='lat' dir='ltr'><strong>tum</strong></span> <span class='ocrx_word' id='word_1_192' title='bbox 1427 2665 1686 2716; x_wconf 72' lang='lat' dir='ltr'><strong>absentia:</strong></span> <span class='ocrx_word' id='word_1_193' title='bbox 1737 2665 1978 2718; x_wconf 90' lang='lat' dir='ltr'><strong>tenebris</strong></span> <span class='ocrx_word' id='word_1_194' title='bbox 2020 2665 2344 2732; x_wconf 86' lang='lat' dir='ltr'><strong>incidentes,</strong></span> 
     </span>
    </p>
   </div>
   <div class='ocr_carea' id='block_1_29' title="bbox 782 2754 2346 2820">
    <p class='ocr_par' dir='ltr' id='par_1_29' title="bbox 782 2754 2346 2820">
     <span class='ocr_line' id='line_1_29' title="bbox 782 2754 2346 2820; baseline 0.004 -16"><span class='ocrx_word' id='word_1_195' title='bbox 782 2765 1034 2820; x_wconf 71' lang='lat' dir='ltr'><strong>tanquam</strong></span> <span class='ocrx_word' id='word_1_196' title='bbox 1090 2754 1142 2807; x_wconf 91' lang='lat' dir='ltr'><strong>in</strong></span> <span class='ocrx_word' id='word_1_197' title='bbox 1190 2764 1346 2808; x_wconf 90' lang='lat' dir='ltr'><strong>nocte</strong></span> <span class='ocrx_word' id='word_1_198' title='bbox 1391 2755 1559 2807; x_wconf 89' lang='lat' dir='ltr'><strong>vitam</strong></span> <span class='ocrx_word' id='word_1_199' title='bbox 1606 2755 1965 2820; x_wconf 87' lang='lat' dir='ltr'><strong>dueebamus,</strong></span> <span class='ocrx_word' id='word_1_200' title='bbox 2026 2757 2168 2809; x_wconf 88' lang='lat' dir='ltr'><strong>sicut</strong></span> <span class='ocrx_word' id='word_1_201' title='bbox 2214 2757 2346 2812; x_wconf 89' lang='lat' dir='ltr'><strong>solis</strong></span> 
     </span>
    </p>
   </div>
   <div class='ocr_carea' id='block_1_30' title="bbox 779 2848 2344 2917">
    <p class='ocr_par' dir='ltr' id='par_1_30' title="bbox 779 2848 2344 2917">
     <span class='ocr_line' id='line_1_30' title="bbox 779 2848 2344 2917; baseline 0.006 -22"><span class='ocrx_word' id='word_1_202' title='bbox 779 2848 1103 2907; x_wconf 81' lang='lat' dir='ltr'><strong>occidentis,</strong></span> <span class='ocrx_word' id='word_1_203' title='bbox 1143 2857 1195 2899; x_wconf 89' lang='lat' dir='ltr'><strong>et</strong></span> <span class='ocrx_word' id='word_1_204' title='bbox 1241 2848 1476 2916; x_wconf 85' lang='lat' dir='ltr'><strong>amplius</strong></span> <span class='ocrx_word' id='word_1_205' title='bbox 1506 2863 1612 2900; x_wconf 91' lang='lat' dir='ltr'><strong>non</strong></span> <span class='ocrx_word' id='word_1_206' title='bbox 1656 2849 1789 2905; x_wconf 88' lang='lat' dir='ltr'><strong>oriri</strong></span> <span class='ocrx_word' id='word_1_207' title='bbox 1823 2849 2046 2916; x_wconf 84' lang='lat' dir='ltr'><strong>Sperati,</strong></span> <span class='ocrx_word' id='word_1_208' title='bbox 2080 2851 2344 2917; x_wconf 88' lang='lat' dir='ltr'><strong>privatio-</strong></span> 
     </span>
    </p>
   </div>
   <div class='ocr_carea' id='block_1_31' title="bbox 781 2938 2344 3008">
    <p class='ocr_par' dir='ltr' id='par_1_31' title="bbox 781 2938 2344 3008">
     <span class='ocr_line' id='line_1_31' title="bbox 781 2938 2344 3008; baseline 0.003 -18"><span class='ocrx_word' id='word_1_209' title='bbox 781 2955 902 2991; x_wconf 89' lang='lat' dir='ltr'><strong>nem</strong></span> <span class='ocrx_word' id='word_1_210' title='bbox 941 2940 1208 3008; x_wconf 75' lang='lat' dir='ltr'><strong>lugentes.</strong></span> <span class='ocrx_word' id='word_1_211' title='bbox 1241 2938 1346 2992; x_wconf 90' lang='lat' dir='ltr'><strong>Sed</strong></span> <span class='ocrx_word' id='word_1_212' title='bbox 1378 2955 1550 3006; x_wconf 83' lang='lat' dir='ltr'><strong>nUper</strong></span> <span class='ocrx_word' id='word_1_213' title='bbox 1587 2939 1728 2993; x_wconf 77' lang='lat' dir='ltr'><strong>fama</strong></span> <span class='ocrx_word' id='word_1_214' title='bbox 1762 2942 1994 3008; x_wconf 89' lang='lat' dir='ltr'><strong>quadam</strong></span> <span class='ocrx_word' id='word_1_215' title='bbox 2032 2943 2214 2996; x_wconf 90' lang='lat' dir='ltr'><strong>subito</strong></span> <span class='ocrx_word' id='word_1_216' title='bbox 2245 2958 2344 2995; x_wconf 84' lang='lat' dir='ltr'><strong>au-</strong></span> 
     </span>
    </p>
   </div>
   <div class='ocr_carea' id='block_1_32' title="bbox 777 3031 2340 3101">
    <p class='ocr_par' dir='ltr' id='par_1_32' title="bbox 777 3031 2340 3101">
     <span class='ocr_line' id='line_1_32' title="bbox 777 3031 2340 3101; baseline 0.002 -18"><span class='ocrx_word' id='word_1_217' title='bbox 777 3034 911 3095; x_wconf 83' lang='lat' dir='ltr'><strong>dita,</strong></span> <span class='ocrx_word' id='word_1_218' title='bbox 945 3040 994 3084; x_wconf 90' lang='lat' dir='ltr'><strong>et</strong></span> <span class='ocrx_word' id='word_1_219' title='bbox 1035 3031 1232 3098; x_wconf 87' lang='lat' dir='ltr'><strong>tibique</strong></span> <span class='ocrx_word' id='word_1_220' title='bbox 1258 3032 1652 3095; x_wconf 81' lang='lat' dir='ltr'><strong>circumeunte,</strong></span> <span class='ocrx_word' id='word_1_221' title='bbox 1682 3042 1735 3086; x_wconf 86' lang='lat' dir='ltr'><strong>et</strong></span> <span class='ocrx_word' id='word_1_222' title='bbox 1775 3033 2060 3101; x_wconf 75' lang='lat' dir='ltr'><strong>splendide</strong></span> <span class='ocrx_word' id='word_1_223' title='bbox 2092 3035 2340 3087; x_wconf 83' lang='lat' dir='ltr'><strong>c!aman-</strong></span> 
     </span>
    </p>
   </div>
   <div class='ocr_carea' id='block_1_33' title="bbox 2468 662 4033 732">
    <p class='ocr_par' dir='ltr' id='par_1_33' title="bbox 2468 662 4033 732">
     <span class='ocr_line' id='line_1_33' title="bbox 2468 662 4033 732; baseline 0.006 -22"><span class='ocrx_word' id='word_1_224' title='bbox 2468 671 2793 725; x_wconf 78' lang='lat' dir='ltr'><strong>conversum</strong></span> <span class='ocrx_word' id='word_1_225' title='bbox 2821 675 2950 715; x_wconf 83' lang='lat' dir='ltr'><strong>esse</strong></span> <span class='ocrx_word' id='word_1_226' title='bbox 2985 662 3048 716; x_wconf 90' lang='lat' dir='ltr'><strong>ad</strong></span> <span class='ocrx_word' id='word_1_227' title='bbox 3093 665 3524 731; x_wconf 79' lang='lat' dir='ltr'><strong>praedicandum.</strong></span> <span class='ocrx_word' id='word_1_228' title='bbox 3581 666 3722 732; x_wconf 63' lang='lat' dir='ltr'><strong>qunti</strong></span> <span class='ocrx_word' id='word_1_229' title='bbox 3753 667 3918 720; x_wconf 85' lang='lat' dir='ltr'><strong>etiam</strong></span> <span class='ocrx_word' id='word_1_230' title='bbox 3969 684 4033 720; x_wconf 76' lang='lat' dir='ltr'><strong>ex</strong></span> 
     </span>
    </p>
   </div>
   <div class='ocr_carea' id='block_1_34' title="bbox 2464 749 4032 826">
    <p class='ocr_par' dir='ltr' id='par_1_34' title="bbox 2464 749 4032 826">
     <span class='ocr_line' id='line_1_34' title="bbox 2464 749 4032 826; baseline 0.005 -24"><span class='ocrx_word' id='word_1_231' title='bbox 2464 749 2607 811; x_wconf 81' lang='lat' dir='ltr'><strong>Filio</strong></span> <span class='ocrx_word' id='word_1_232' title='bbox 2641 768 2654 804; x_wconf 89' lang='lat'><strong>:</strong></span> <span class='ocrx_word' id='word_1_233' title='bbox 2695 753 2798 806; x_wconf 88' lang='lat' dir='ltr'><strong>nisi</strong></span> <span class='ocrx_word' id='word_1_234' title='bbox 2824 753 3003 821; x_wconf 77' lang='lat' dir='ltr'><strong>aliqua</strong></span> <span class='ocrx_word' id='word_1_235' title='bbox 3033 755 3220 808; x_wconf 84' lang='lat' dir='ltr'><strong>idonea</strong></span> <span class='ocrx_word' id='word_1_236' title='bbox 3254 759 3556 826; x_wconf 80' lang='lat' dir='ltr'><strong>necessitas</strong></span> <span class='ocrx_word' id='word_1_237' title='bbox 3593 761 3656 812; x_wconf 92' lang='lat' dir='ltr'><strong>al</strong></span> <span class='ocrx_word' id='word_1_238' title='bbox 3695 759 3795 811; x_wconf 83' lang='lat' dir='ltr'><strong>hoc</strong></span> <span class='ocrx_word' id='word_1_239' title='bbox 3833 771 3883 810; x_wconf 89' lang='lat' dir='ltr'><strong>te</strong></span> <span class='ocrx_word' id='word_1_240' title='bbox 3929 759 4032 810; x_wconf 72' lang='grc' dir='ltr'><strong>ἰηι-</strong></span> 
     </span>
    </p>
   </div>
   <div class='ocr_carea' id='block_1_35' title="bbox 2467 841 4036 916">
    <p class='ocr_par' dir='ltr' id='par_1_35' title="bbox 2467 841 4036 916">
     <span class='ocr_line' id='line_1_35' title="bbox 2467 841 4036 916; baseline 0.006 -24"><span class='ocrx_word' id='word_1_241' title='bbox 2467 841 2712 907; x_wconf 84' lang='lat' dir='ltr'><strong>pulisset,</strong></span> <span class='ocrx_word' id='word_1_242' title='bbox 2743 853 2866 910; x_wconf 76' lang='lat' dir='ltr'><strong>qua:</strong></span> <span class='ocrx_word' id='word_1_243' title='bbox 2893 843 3297 913; x_wconf 78' lang='lat' dir='ltr'><strong>philosoplianti</strong></span> <span class='ocrx_word' id='word_1_244' title='bbox 3336 848 3531 901; x_wconf 64' lang='lat' dir='ltr'><strong>animm</strong></span> <span class='ocrx_word' id='word_1_245' title='bbox 3559 847 3878 901; x_wconf 73' lang='lat' dir='ltr'><strong>satisfacere</strong></span> <span class='ocrx_word' id='word_1_246' title='bbox 3913 865 4036 916; x_wconf 82' lang='lat' dir='ltr'><strong>pns-</strong></span> 
     </span>
    </p>
   </div>
   <div class='ocr_carea' id='block_1_36' title="bbox 2465 934 4033 1004">
    <p class='ocr_par' dir='ltr' id='par_1_36' title="bbox 2465 934 4033 1004">
     <span class='ocr_line' id='line_1_36' title="bbox 2465 934 4033 1004; baseline 0.006 -21"><span class='ocrx_word' id='word_1_247' title='bbox 2465 942 2568 993; x_wconf 87' lang='lat' dir='ltr'><strong>set,</strong></span> <span class='ocrx_word' id='word_1_248' title='bbox 2604 943 2662 986; x_wconf 90' lang='lat' dir='ltr'><strong>ut</strong></span> <span class='ocrx_word' id='word_1_249' title='bbox 2689 934 2923 1002; x_wconf 81' lang='lat' dir='ltr'><strong>amplius</strong></span> <span class='ocrx_word' id='word_1_250' title='bbox 2958 936 3066 989; x_wconf 91' lang='lat' dir='ltr'><strong>alio</strong></span> <span class='ocrx_word' id='word_1_251' title='bbox 3092 952 3199 989; x_wconf 89' lang='lat' dir='ltr'><strong>non</strong></span> <span class='ocrx_word' id='word_1_252' title='bbox 3228 937 3517 1004; x_wconf 76' lang='lat' dir='ltr'><strong>indigeret.</strong></span> <span class='ocrx_word' id='word_1_253' title='bbox 3551 939 3810 993; x_wconf 86' lang='lat' dir='ltr'><strong>Libenter</strong></span> <span class='ocrx_word' id='word_1_254' title='bbox 3837 941 4033 993; x_wconf 80' lang='lat' dir='ltr'><strong>vellent</strong></span> 
     </span>
    </p>
   </div>
   <div class='ocr_carea' id='block_1_37' title="bbox 2463 1028 4031 1103">
    <p class='ocr_par' dir='ltr' id='par_1_37' title="bbox 2463 1028 4031 1103">
     <span class='ocr_line' id='line_1_37' title="bbox 2463 1028 4031 1103; baseline 0.006 -29"><span class='ocrx_word' id='word_1_255' title='bbox 2463 1035 2559 1077; x_wconf 84' lang='lat' dir='ltr'><strong>tuo</strong></span> <span class='ocrx_word' id='word_1_256' title='bbox 2591 1040 2864 1084; x_wconf 88' lang='lat' dir='ltr'><strong>conventu</strong></span> <span class='ocrx_word' id='word_1_257' title='bbox 2889 1042 2916 1080; x_wconf 90' lang='lat' dir='ltr'><strong>a</strong></span> <span class='ocrx_word' id='word_1_258' title='bbox 2946 1037 2996 1080; x_wconf 90' lang='lat' dir='ltr'><strong>te</strong></span> <span class='ocrx_word' id='word_1_259' title='bbox 3026 1028 3258 1095; x_wconf 77' lang='lat' dir='ltr'><strong>discere,</strong></span> <span class='ocrx_word' id='word_1_260' title='bbox 3285 1030 3541 1103; x_wconf 58' lang='lat' dir='ltr'><strong>quidnam</strong></span> <span class='ocrx_word' id='word_1_261' title='bbox 3570 1030 3670 1083; x_wconf 84' lang='lat' dir='ltr'><strong>fuit</strong></span> <span class='ocrx_word' id='word_1_262' title='bbox 3710 1030 3859 1094; x_wconf 81' lang='lat' dir='ltr'><strong>illud,</strong></span> <span class='ocrx_word' id='word_1_263' title='bbox 3890 1032 4031 1098; x_wconf 91' lang='lat' dir='ltr'><strong>quod</strong></span> 
     </span>
    </p>
   </div>
   <div class='ocr_carea' id='block_1_38' title="bbox 2466 1118 4037 1190">
    <p class='ocr_par' dir='ltr' id='par_1_38' title="bbox 2466 1118 4037 1190">
     <span class='ocr_line' id='line_1_38' title="bbox 2466 1118 4037 1190; baseline 0.003 -21"><span class='ocrx_word' id='word_1_264' title='bbox 2466 1125 2516 1171; x_wconf 90' lang='lat' dir='ltr'><strong>te</strong></span> <span class='ocrx_word' id='word_1_265' title='bbox 2543 1118 2606 1169; x_wconf 87' lang='lat' dir='ltr'><strong>ad</strong></span> <span class='ocrx_word' id='word_1_266' title='bbox 2627 1120 2735 1174; x_wconf 83' lang='lat' dir='ltr'><strong>iioc</strong></span> <span class='ocrx_word' id='word_1_267' title='bbox 2763 1122 3056 1174; x_wconf 79' lang='lat' dir='ltr'><strong>necessitas</strong></span> <span class='ocrx_word' id='word_1_268' title='bbox 3077 1124 3349 1189; x_wconf 65' lang='lat' dir='ltr'><strong>perduxit.</strong></span> <span class='ocrx_word' id='word_1_269' title='bbox 3374 1122 3526 1186; x_wconf 83' lang='lat' dir='ltr'><strong>Quod</strong></span> <span class='ocrx_word' id='word_1_270' title='bbox 3549 1135 3649 1190; x_wconf 77' lang='lat' dir='ltr'><strong>ego</strong></span> <span class='ocrx_word' id='word_1_271' title='bbox 3674 1139 3888 1190; x_wconf 86' lang='lat' dir='ltr'><strong>semper</strong></span> <span class='ocrx_word' id='word_1_272' title='bbox 3918 1125 4037 1190; x_wconf 86' lang='lat' dir='ltr'><strong>plu-</strong></span> 
     </span>
    </p>
   </div>
   <div class='ocr_carea' id='block_1_39' title="bbox 2466 1205 4034 1277">
    <p class='ocr_par' dir='ltr' id='par_1_39' title="bbox 2466 1205 4034 1277">
     <span class='ocr_line' id='line_1_39' title="bbox 2466 1205 4034 1277; baseline 0.001 -18"><span class='ocrx_word' id='word_1_273' title='bbox 2466 1205 2586 1259; x_wconf 90' lang='lat' dir='ltr'><strong>rimi</strong></span> <span class='ocrx_word' id='word_1_274' title='bbox 2617 1207 2843 1270; x_wconf 81' lang='lat' dir='ltr'><strong>faciens,</strong></span> <span class='ocrx_word' id='word_1_275' title='bbox 2880 1209 2946 1262; x_wconf 88' lang='lat' dir='ltr'><strong>ad</strong></span> <span class='ocrx_word' id='word_1_276' title='bbox 2981 1210 3183 1277; x_wconf 86' lang='lat' dir='ltr'><strong>aliquid</strong></span> <span class='ocrx_word' id='word_1_277' title='bbox 3216 1221 3425 1264; x_wconf 80' lang='lat' dir='ltr'><strong>certum</strong></span> <span class='ocrx_word' id='word_1_278' title='bbox 3460 1212 3525 1263; x_wconf 89' lang='lat' dir='ltr'><strong>de</strong></span> <span class='ocrx_word' id='word_1_279' title='bbox 3558 1212 3642 1263; x_wconf 88' lang='lat' dir='ltr'><strong>bis</strong></span> <span class='ocrx_word' id='word_1_280' title='bbox 3674 1213 3936 1264; x_wconf 61' lang='lat' dir='ltr'><strong>venirem.</strong></span> <span class='ocrx_word' id='word_1_281' title='bbox 3971 1209 4034 1263; x_wconf 77' lang='lat' dir='ltr'><strong>Et</strong></span> 
     </span>
    </p>
   </div>
   <div class='ocr_carea' id='block_1_40' title="bbox 2465 1299 4032 1370">
    <p class='ocr_par' dir='ltr' id='par_1_40' title="bbox 2465 1299 4032 1370">
     <span class='ocr_line' id='line_1_40' title="bbox 2465 1299 4032 1370; baseline 0.001 -18"><span class='ocrx_word' id='word_1_282' title='bbox 2465 1301 2629 1353; x_wconf 91' lang='lat' dir='ltr'><strong>multa</strong></span> <span class='ocrx_word' id='word_1_283' title='bbox 2681 1314 2710 1351; x_wconf 86' lang='lat' dir='ltr'><strong>a</strong></span> <span class='ocrx_word' id='word_1_284' title='bbox 2748 1301 2932 1354; x_wconf 79' lang='lat' dir='ltr'><strong>multis</strong></span> <span class='ocrx_word' id='word_1_285' title='bbox 2961 1303 3207 1363; x_wconf 87' lang='lat' dir='ltr'><strong>audiens,</strong></span> <span class='ocrx_word' id='word_1_286' title='bbox 3240 1312 3292 1355; x_wconf 88' lang='lat' dir='ltr'><strong>et</strong></span> <span class='ocrx_word' id='word_1_287' title='bbox 3335 1304 3441 1363; x_wconf 86' lang='lat' dir='ltr'><strong>liis.</strong></span> <span class='ocrx_word' id='word_1_288' title='bbox 3479 1305 3569 1370; x_wconf 87' lang='lat' dir='ltr'><strong>qui</strong></span> <span class='ocrx_word' id='word_1_289' title='bbox 3606 1305 3669 1356; x_wconf 90' lang='lat' dir='ltr'><strong>ad</strong></span> <span class='ocrx_word' id='word_1_290' title='bbox 3720 1305 3895 1356; x_wconf 85' lang='lat' dir='ltr'><strong>solum</strong></span> <span class='ocrx_word' id='word_1_291' title='bbox 3932 1299 4032 1354; x_wconf 78' lang='lat' dir='ltr'><strong>Pa-</strong></span> 
     </span>
    </p>
   </div>
   <div class='ocr_carea' id='block_1_41' title="bbox 2465 1391 4033 1464">
    <p class='ocr_par' dir='ltr' id='par_1_41' title="bbox 2465 1391 4033 1464">
     <span class='ocr_line' id='line_1_41' title="bbox 2465 1391 4033 1464; baseline 0.002 -22"><span class='ocrx_word' id='word_1_292' title='bbox 2465 1399 2600 1442; x_wconf 86' lang='lat' dir='ltr'><strong>trem</strong></span> <span class='ocrx_word' id='word_1_293' title='bbox 2632 1391 2888 1460; x_wconf 85' lang='lat' dir='ltr'><strong>Spiritum</strong></span> <span class='ocrx_word' id='word_1_294' title='bbox 2919 1408 3171 1445; x_wconf 85' lang='lat' dir='ltr'><strong>sanetuin</strong></span> <span class='ocrx_word' id='word_1_295' title='bbox 3199 1393 3463 1458; x_wconf 73' lang='lat' dir='ltr'><strong>reierunt,</strong></span> <span class='ocrx_word' id='word_1_296' title='bbox 3498 1405 3550 1448; x_wconf 85' lang='lat' dir='ltr'><strong>et</strong></span> <span class='ocrx_word' id='word_1_297' title='bbox 3582 1394 3685 1460; x_wconf 87' lang='lat' dir='ltr'><strong>bis,</strong></span> <span class='ocrx_word' id='word_1_298' title='bbox 3714 1396 3812 1464; x_wconf 82' lang='lat' dir='ltr'><strong>qui</strong></span> <span class='ocrx_word' id='word_1_299' title='bbox 3841 1401 3903 1446; x_wconf 84' lang='lat' dir='ltr'><strong>ad</strong></span> <span class='ocrx_word' id='word_1_300' title='bbox 3932 1395 4033 1448; x_wconf 82' lang='lat' dir='ltr'><strong>Pa-</strong></span> 
     </span>
    </p>
   </div>
   <div class='ocr_carea' id='block_1_42' title="bbox 2465 1477 4027 1550">
    <p class='ocr_par' dir='ltr' id='par_1_42' title="bbox 2465 1477 4027 1550">
     <span class='ocr_line' id='line_1_42' title="bbox 2465 1477 4027 1550; baseline 0.003 -20"><span class='ocrx_word' id='word_1_301' title='bbox 2465 1487 2598 1531; x_wconf 86' lang='lat' dir='ltr'><strong>trem</strong></span> <span class='ocrx_word' id='word_1_302' title='bbox 2627 1489 2680 1531; x_wconf 89' lang='lat' dir='ltr'><strong>et</strong></span> <span class='ocrx_word' id='word_1_303' title='bbox 2704 1477 2936 1532; x_wconf 74' lang='lat' dir='ltr'><strong>Filium:</strong></span> <span class='ocrx_word' id='word_1_304' title='bbox 2968 1481 3206 1532; x_wconf 84' lang='lat' dir='ltr'><strong>nondum</strong></span> <span class='ocrx_word' id='word_1_305' title='bbox 3235 1497 3411 1550; x_wconf 90' lang='lat' dir='ltr'><strong>usque</strong></span> <span class='ocrx_word' id='word_1_306' title='bbox 3433 1484 3498 1536; x_wconf 88' lang='lat' dir='ltr'><strong>ad</strong></span> <span class='ocrx_word' id='word_1_307' title='bbox 3540 1484 3859 1536; x_wconf 81' lang='lat' dir='ltr'><strong>hodiernum</strong></span> <span class='ocrx_word' id='word_1_308' title='bbox 3886 1483 4027 1535; x_wconf 76' lang='lat' dir='ltr'><strong>diem</strong></span> 
     </span>
    </p>
   </div>
   <div class='ocr_carea' id='block_1_43' title="bbox 2461 1569 4030 1641">
    <p class='ocr_par' dir='ltr' id='par_1_43' title="bbox 2461 1569 4030 1641">
     <span class='ocr_line' id='line_1_43' title="bbox 2461 1569 4030 1641; baseline 0.003 -17"><span class='ocrx_word' id='word_1_309' title='bbox 2461 1569 2528 1624; x_wconf 87' lang='lat' dir='ltr'><strong>de</strong></span> <span class='ocrx_word' id='word_1_310' title='bbox 2568 1569 2748 1625; x_wconf 86' lang='lat' dir='ltr'><strong>verbis</strong></span> <span class='ocrx_word' id='word_1_311' title='bbox 2787 1569 3002 1625; x_wconf 81' lang='lat' dir='ltr'><strong>illorum</strong></span> <span class='ocrx_word' id='word_1_312' title='bbox 3052 1573 3352 1641; x_wconf 79' lang='lat' dir='ltr'><strong>intelligere</strong></span> <span class='ocrx_word' id='word_1_313' title='bbox 3379 1577 3522 1627; x_wconf 90' lang='lat' dir='ltr'><strong>valui</strong></span> <span class='ocrx_word' id='word_1_314' title='bbox 3558 1575 3798 1640; x_wconf 86' lang='lat' dir='ltr'><strong>aliquam</strong></span> <span class='ocrx_word' id='word_1_315' title='bbox 3840 1590 4030 1628; x_wconf 56' lang='lat' dir='ltr'><strong>ncces-</strong></span> 
     </span>
    </p>
   </div>
   <div class='ocr_carea' id='block_1_44' title="bbox 2461 1661 4031 1733">
    <p class='ocr_par' dir='ltr' id='par_1_44' title="bbox 2461 1661 4031 1733">
     <span class='ocr_line' id='line_1_44' title="bbox 2461 1661 4031 1733; baseline 0.002 -20"><span class='ocrx_word' id='word_1_316' title='bbox 2461 1661 2699 1725; x_wconf 83' lang='lat' dir='ltr'><strong>sitatem,</strong></span> <span class='ocrx_word' id='word_1_317' title='bbox 2735 1676 2840 1729; x_wconf 89' lang='lat' dir='ltr'><strong>qua</strong></span> <span class='ocrx_word' id='word_1_318' title='bbox 2874 1663 3040 1714; x_wconf 88' lang='lat' dir='ltr'><strong>altera</strong></span> <span class='ocrx_word' id='word_1_319' title='bbox 3069 1663 3335 1717; x_wconf 90' lang='lat' dir='ltr'><strong>dictarum</strong></span> <span class='ocrx_word' id='word_1_320' title='bbox 3368 1666 3686 1733; x_wconf 89' lang='lat' dir='ltr'><strong>opinionum</strong></span> <span class='ocrx_word' id='word_1_321' title='bbox 3730 1666 4031 1720; x_wconf 72' lang='lat' dir='ltr'><strong>stabilisset</strong></span> 
     </span>
    </p>
   </div>
   <div class='ocr_carea' id='block_1_45' title="bbox 2463 1754 4023 1829">
    <p class='ocr_par' dir='ltr' id='par_1_45' title="bbox 2463 1754 4023 1829">
     <span class='ocr_line' id='line_1_45' title="bbox 2463 1754 4023 1829; baseline 0.002 -24"><span class='ocrx_word' id='word_1_322' title='bbox 2463 1755 2594 1807; x_wconf 84' lang='lat' dir='ltr'><strong>milii</strong></span> <span class='ocrx_word' id='word_1_323' title='bbox 2621 1754 2950 1810; x_wconf 71' lang='lat' dir='ltr'><strong>sufﬁcienter</strong></span> <span class='ocrx_word' id='word_1_324' title='bbox 2980 1759 3176 1812; x_wconf 85' lang='lat' dir='ltr'><strong>mentis</strong></span> <span class='ocrx_word' id='word_1_325' title='bbox 3208 1772 3441 1813; x_wconf 90' lang='lat' dir='ltr'><strong>motum.</strong></span> <span class='ocrx_word' id='word_1_326' title='bbox 3470 1759 3606 1829; x_wconf 76' lang='lat' dir='ltr'><strong>Ergo</strong></span> <span class='ocrx_word' id='word_1_327' title='bbox 3634 1762 3678 1812; x_wconf 91' lang='lat' dir='ltr'><strong>si</strong></span> <span class='ocrx_word' id='word_1_328' title='bbox 3710 1761 3851 1828; x_wconf 88' lang='lat' dir='ltr'><strong>quod</strong></span> <span class='ocrx_word' id='word_1_329' title='bbox 3885 1772 3933 1812; x_wconf 92' lang='lat' dir='ltr'><strong>te</strong></span> <span class='ocrx_word' id='word_1_330' title='bbox 3958 1758 4023 1810; x_wconf 88' lang='lat' dir='ltr'><strong>ad</strong></span> 
     </span>
    </p>
   </div>
   <div class='ocr_carea' id='block_1_46' title="bbox 2456 1847 4026 1921">
    <p class='ocr_par' dir='ltr' id='par_1_46' title="bbox 2456 1847 4026 1921">
     <span class='ocr_line' id='line_1_46' title="bbox 2456 1847 4026 1921; baseline 0.002 -22"><span class='ocrx_word' id='word_1_331' title='bbox 2456 1847 2560 1900; x_wconf 88' lang='lat' dir='ltr'><strong>hoc</strong></span> <span class='ocrx_word' id='word_1_332' title='bbox 2607 1850 2801 1915; x_wconf 83' lang='lat' dir='ltr'><strong>coegit,</strong></span> <span class='ocrx_word' id='word_1_333' title='bbox 2840 1859 2922 1902; x_wconf 90' lang='lat' dir='ltr'><strong>est</strong></span> <span class='ocrx_word' id='word_1_334' title='bbox 2956 1850 3157 1917; x_wconf 90' lang='lat' dir='ltr'><strong>aliquid</strong></span> <span class='ocrx_word' id='word_1_335' title='bbox 3190 1866 3379 1904; x_wconf 90' lang='lat' dir='ltr'><strong>eorum</strong></span> <span class='ocrx_word' id='word_1_336' title='bbox 3416 1869 3537 1921; x_wconf 65' lang='lat' dir='ltr'><strong>quae</strong></span> <span class='ocrx_word' id='word_1_337' title='bbox 3569 1855 3839 1920; x_wconf 84' lang='lat' dir='ltr'><strong>scriptura</strong></span> <span class='ocrx_word' id='word_1_338' title='bbox 3886 1851 4026 1904; x_wconf 87' lang='lat' dir='ltr'><strong>tradi</strong></span> 
     </span>
    </p>
   </div>
   <div class='ocr_carea' id='block_1_47' title="bbox 2455 1939 4029 2007">
    <p class='ocr_par' dir='ltr' id='par_1_47' title="bbox 2455 1939 4029 2007">
     <span class='ocr_line' id='line_1_47' title="bbox 2455 1939 4029 2007; baseline 0.003 -20"><span class='ocrx_word' id='word_1_339' title='bbox 2455 1946 2704 2002; x_wconf 86' lang='lat' dir='ltr'><strong>possunt,</strong></span> <span class='ocrx_word' id='word_1_340' title='bbox 2741 1951 2934 2004; x_wconf 90' lang='lat' dir='ltr'><strong>precor</strong></span> <span class='ocrx_word' id='word_1_341' title='bbox 2960 1946 3019 1991; x_wconf 88' lang='lat' dir='ltr'><strong>te</strong></span> <span class='ocrx_word' id='word_1_342' title='bbox 3054 1954 3149 2006; x_wconf 90' lang='lat' dir='ltr'><strong>per</strong></span> <span class='ocrx_word' id='word_1_343' title='bbox 3181 1939 3432 1993; x_wconf 72' lang='lat' dir='ltr'><strong>amicitia:</strong></span> <span class='ocrx_word' id='word_1_344' title='bbox 3461 1943 3764 2004; x_wconf 82' lang='lat' dir='ltr'><strong>custodem,</strong></span> <span class='ocrx_word' id='word_1_345' title='bbox 3806 1951 3856 1992; x_wconf 93' lang='lat' dir='ltr'><strong>ut</strong></span> <span class='ocrx_word' id='word_1_346' title='bbox 3883 1955 4029 2007; x_wconf 88' lang='lat' dir='ltr'><strong>quo-</strong></span> 
     </span>
    </p>
   </div>
   <div class='ocr_carea' id='block_1_48' title="bbox 2453 2025 4026 2094">
    <p class='ocr_par' dir='ltr' id='par_1_48' title="bbox 2453 2025 4026 2094">
     <span class='ocr_line' id='line_1_48' title="bbox 2453 2025 4026 2094; baseline 0.004 -18"><span class='ocrx_word' id='word_1_347' title='bbox 2453 2025 2594 2077; x_wconf 85' lang='lat' dir='ltr'><strong>niam</strong></span> <span class='ocrx_word' id='word_1_348' title='bbox 2621 2028 2684 2078; x_wconf 89' lang='lat' dir='ltr'><strong>ad</strong></span> <span class='ocrx_word' id='word_1_349' title='bbox 2721 2028 2882 2080; x_wconf 80' lang='lat' dir='ltr'><strong>verba</strong></span> <span class='ocrx_word' id='word_1_350' title='bbox 2914 2028 3008 2082; x_wconf 89' lang='lat' dir='ltr'><strong>tibi</strong></span> <span class='ocrx_word' id='word_1_351' title='bbox 3044 2031 3227 2082; x_wconf 80' lang='lat' dir='ltr'><strong>venire</strong></span> <span class='ocrx_word' id='word_1_352' title='bbox 3259 2031 3399 2084; x_wconf 89' lang='lat' dir='ltr'><strong>Deus</strong></span> <span class='ocrx_word' id='word_1_353' title='bbox 3432 2049 3538 2083; x_wconf 84' lang='lat' dir='ltr'><strong>non</strong></span> <span class='ocrx_word' id='word_1_354' title='bbox 3564 2033 3730 2094; x_wconf 88' lang='lat' dir='ltr'><strong>dedit,</strong></span> <span class='ocrx_word' id='word_1_355' title='bbox 3763 2034 3863 2084; x_wconf 83' lang='lat' dir='ltr'><strong>hoc</strong></span> <span class='ocrx_word' id='word_1_356' title='bbox 3892 2029 4026 2084; x_wconf 83' lang='lat' dir='ltr'><strong>milii</strong></span> 
     </span>
    </p>
   </div>
   <div class='ocr_carea' id='block_1_49' title="bbox 2453 2119 4026 2191">
    <p class='ocr_par' dir='ltr' id='par_1_49' title="bbox 2453 2119 4026 2191">
     <span class='ocr_line' id='line_1_49' title="bbox 2453 2119 4026 2191; baseline 0.002 -22"><span class='ocrx_word' id='word_1_357' title='bbox 2453 2132 2549 2184; x_wconf 91' lang='lat' dir='ltr'><strong>per</strong></span> <span class='ocrx_word' id='word_1_358' title='bbox 2574 2119 2908 2185; x_wconf 84' lang='lat' dir='ltr'><strong>scripturam</strong></span> <span class='ocrx_word' id='word_1_359' title='bbox 2935 2122 3246 2188; x_wconf 64' lang='lat' dir='ltr'><strong>signiﬁcare</strong></span> <span class='ocrx_word' id='word_1_360' title='bbox 3273 2124 3422 2175; x_wconf 86' lang='lat' dir='ltr'><strong>nullo</strong></span> <span class='ocrx_word' id='word_1_361' title='bbox 3445 2126 3605 2177; x_wconf 88' lang='lat' dir='ltr'><strong>modo</strong></span> <span class='ocrx_word' id='word_1_362' title='bbox 3624 2124 3950 2191; x_wconf 68' lang='lat' dir='ltr'><strong>neglexeris.</strong></span> <span class='ocrx_word' id='word_1_363' title='bbox 3969 2121 4026 2172; x_wconf 89' lang='lat' dir='ltr'><strong>Si</strong></span> 
     </span>
    </p>
   </div>
   <div class='ocr_carea' id='block_1_50' title="bbox 2451 2210 4026 2284">
    <p class='ocr_par' dir='ltr' id='par_1_50' title="bbox 2451 2210 4026 2284">
     <span class='ocr_line' id='line_1_50' title="bbox 2451 2210 4026 2284; baseline 0.006 -24"><span class='ocrx_word' id='word_1_364' title='bbox 2451 2223 2581 2262; x_wconf 90' lang='lat' dir='ltr'><strong>vero</strong></span> <span class='ocrx_word' id='word_1_365' title='bbox 2617 2210 2882 2266; x_wconf 88' lang='lat' dir='ltr'><strong>divinitus</strong></span> <span class='ocrx_word' id='word_1_366' title='bbox 2915 2214 3010 2266; x_wconf 91' lang='lat' dir='ltr'><strong>tibi</strong></span> <span class='ocrx_word' id='word_1_367' title='bbox 3043 2216 3108 2267; x_wconf 80' lang='lat' dir='ltr'><strong>ad</strong></span> <span class='ocrx_word' id='word_1_368' title='bbox 3153 2216 3256 2270; x_wconf 86' lang='lat' dir='ltr'><strong>lioc</strong></span> <span class='ocrx_word' id='word_1_369' title='bbox 3291 2214 3432 2268; x_wconf 84' lang='lat' dir='ltr'><strong>facta</strong></span> <span class='ocrx_word' id='word_1_370' title='bbox 3476 2228 3558 2269; x_wconf 89' lang='lat' dir='ltr'><strong>est</strong></span> <span class='ocrx_word' id='word_1_371' title='bbox 3587 2217 3767 2284; x_wconf 86' lang='lat' dir='ltr'><strong>aliqua</strong></span> <span class='ocrx_word' id='word_1_372' title='bbox 3808 2217 4026 2270; x_wconf 85' lang='lat' dir='ltr'><strong>occulta</strong></span> 
     </span>
    </p>
   </div>
   <div class='ocr_carea' id='block_1_51' title="bbox 2450 2301 4024 2375">
    <p class='ocr_par' dir='ltr' id='par_1_51' title="bbox 2450 2301 4024 2375">
     <span class='ocr_line' id='line_1_51' title="bbox 2450 2301 4024 2375; baseline 0.001 -21"><span class='ocrx_word' id='word_1_373' title='bbox 2450 2301 2778 2356; x_wconf 89' lang='lat' dir='ltr'><strong>illuiuiuatio</strong></span> <span class='ocrx_word' id='word_1_374' title='bbox 2810 2320 2825 2369; x_wconf 91' lang='lat'><strong>;</strong></span> <span class='ocrx_word' id='word_1_375' title='bbox 2870 2305 3098 2372; x_wconf 91' lang='lat' dir='ltr'><strong>primum</strong></span> <span class='ocrx_word' id='word_1_376' title='bbox 3137 2308 3356 2375; x_wconf 86' lang='lat' dir='ltr'><strong>quidem</strong></span> <span class='ocrx_word' id='word_1_377' title='bbox 3401 2323 3550 2375; x_wconf 80' lang='lat' dir='ltr'><strong>rogo,</strong></span> <span class='ocrx_word' id='word_1_378' title='bbox 3587 2318 3642 2360; x_wconf 91' lang='lat' dir='ltr'><strong>ut</strong></span> <span class='ocrx_word' id='word_1_379' title='bbox 3690 2307 3893 2360; x_wconf 80' lang='lat' dir='ltr'><strong>sanctis</strong></span> <span class='ocrx_word' id='word_1_380' title='bbox 3926 2320 4024 2372; x_wconf 89' lang='lat' dir='ltr'><strong>pro</strong></span> 
     </span>
    </p>
   </div>
   <div class='ocr_carea' id='block_1_52' title="bbox 2450 2391 4025 2468">
    <p class='ocr_par' dir='ltr' id='par_1_52' title="bbox 2450 2391 4025 2468">
     <span class='ocr_line' id='line_1_52' title="bbox 2450 2391 4025 2468; baseline 0.003 -22"><span class='ocrx_word' id='word_1_381' title='bbox 2450 2391 2638 2448; x_wconf 58' lang='lat' dir='ltr'><strong>amicis</strong></span> <span class='ocrx_word' id='word_1_382' title='bbox 2653 2399 2994 2451; x_wconf 85' lang='lat' dir='ltr'><strong>orationibus</strong></span> <span class='ocrx_word' id='word_1_383' title='bbox 3017 2397 3248 2466; x_wconf 88' lang='lat' dir='ltr'><strong>idipsum</strong></span> <span class='ocrx_word' id='word_1_384' title='bbox 3271 2401 3425 2452; x_wconf 86' lang='lat' dir='ltr'><strong>nobis</strong></span> <span class='ocrx_word' id='word_1_385' title='bbox 3447 2417 3474 2452; x_wconf 89' lang='lat' dir='ltr'><strong>a</strong></span> <span class='ocrx_word' id='word_1_386' title='bbox 3500 2401 3607 2452; x_wconf 71' lang='lat' dir='ltr'><strong>lit-0</strong></span> <span class='ocrx_word' id='word_1_387' title='bbox 3622 2409 3771 2468; x_wconf 88' lang='lat' dir='ltr'><strong>petas</strong></span> <span class='ocrx_word' id='word_1_388' title='bbox 3797 2415 3810 2463; x_wconf 94' lang='lat'>;</span> <span class='ocrx_word' id='word_1_389' title='bbox 3827 2396 4025 2451; x_wconf 87' lang='lat' dir='ltr'><strong>deinde</strong></span> 
     </span>
    </p>
   </div>
   <div class='ocr_carea' id='block_1_53' title="bbox 2451 2487 4028 2559">
    <p class='ocr_par' dir='ltr' id='par_1_53' title="bbox 2451 2487 4028 2559">
     <span class='ocr_line' id='line_1_53' title="bbox 2451 2487 4028 2559; baseline 0.001 -21"><span class='ocrx_word' id='word_1_390' title='bbox 2451 2494 2508 2538; x_wconf 86' lang='lat' dir='ltr'><strong>ut</strong></span> <span class='ocrx_word' id='word_1_391' title='bbox 2527 2487 2688 2538; x_wconf 89' lang='lat' dir='ltr'><strong>etiam</strong></span> <span class='ocrx_word' id='word_1_392' title='bbox 2715 2504 2808 2555; x_wconf 86' lang='lat' dir='ltr'><strong>per</strong></span> <span class='ocrx_word' id='word_1_393' title='bbox 2827 2493 3155 2557; x_wconf 78' lang='lat' dir='ltr'><strong>scripturam</strong></span> <span class='ocrx_word' id='word_1_394' title='bbox 3183 2506 3279 2544; x_wconf 91' lang='lat' dir='ltr'><strong>nos</strong></span> <span class='ocrx_word' id='word_1_395' title='bbox 3304 2493 3621 2550; x_wconf 66' lang='lat' dir='ltr'><strong>admoneas.</strong></span> <span class='ocrx_word' id='word_1_396' title='bbox 3646 2493 3844 2559; x_wconf 87' lang='lat' dir='ltr'><strong>quibus</strong></span> <span class='ocrx_word' id='word_1_397' title='bbox 3867 2504 4028 2542; x_wconf 73' lang='lat' dir='ltr'><strong>exer—</strong></span> 
     </span>
    </p>
   </div>
   <div class='ocr_carea' id='block_1_54' title="bbox 2444 2575 4027 2652">
    <p class='ocr_par' dir='ltr' id='par_1_54' title="bbox 2444 2575 4027 2652">
     <span class='ocr_line' id='line_1_54' title="bbox 2444 2575 4027 2652; baseline 0.004 -22"><span class='ocrx_word' id='word_1_398' title='bbox 2444 2575 2590 2632; x_wconf 85' lang='lat' dir='ltr'><strong>citiis</strong></span> <span class='ocrx_word' id='word_1_399' title='bbox 2625 2581 2925 2647; x_wconf 85' lang='lat' dir='ltr'><strong>principale</strong></span> <span class='ocrx_word' id='word_1_400' title='bbox 2957 2591 3203 2633; x_wconf 73' lang='lat' dir='ltr'><strong>nostrum</strong></span> <span class='ocrx_word' id='word_1_401' title='bbox 3238 2595 3548 2652; x_wconf 80' lang='lat' dir='ltr'><strong>purgantes,</strong></span> <span class='ocrx_word' id='word_1_402' title='bbox 3588 2584 3710 2638; x_wconf 84' lang='lat' dir='ltr'><strong>t..lis</strong></span> <span class='ocrx_word' id='word_1_403' title='bbox 3745 2582 4027 2636; x_wconf 75' lang='lat' dir='ltr'><strong>illumina-</strong></span> 
     </span>
    </p>
   </div>
   <div class='ocr_carea' id='block_1_55' title="bbox 2449 2670 3237 2736">
    <p class='ocr_par' dir='ltr' id='par_1_55' title="bbox 2449 2670 3237 2736">
     <span class='ocr_line' id='line_1_55' title="bbox 2449 2670 3237 2736; baseline 0.006 -14"><span class='ocrx_word' id='word_1_404' title='bbox 2449 2670 2615 2723; x_wconf 82' lang='lat' dir='ltr'><strong>tionis</strong></span> <span class='ocrx_word' id='word_1_405' title='bbox 2655 2686 2880 2736; x_wconf 78' lang='lat' dir='ltr'><strong>eupaces</strong></span> <span class='ocrx_word' id='word_1_406' title='bbox 2911 2672 3237 2728; x_wconf 86' lang='lat' dir='ltr'><strong>ellieiamur.</strong></span> 
     </span>
    </p>
   </div>
   <div class='ocr_carea' id='block_1_56' title="bbox 2521 2761 4021 2836">
    <p class='ocr_par' dir='ltr' id='par_1_56' title="bbox 2521 2761 4021 2836">
     <span class='ocr_line' id='line_1_56' title="bbox 2521 2761 4021 2836; baseline 0.007 -21"><span class='ocrx_word' id='word_1_407' title='bbox 2521 2761 2590 2815; x_wconf 88' lang='lat' dir='ltr'><strong>Ut</strong></span> <span class='ocrx_word' id='word_1_408' title='bbox 2621 2764 2787 2831; x_wconf 69' lang='lat' dir='ltr'><strong>igitur</strong></span> <span class='ocrx_word' id='word_1_409' title='bbox 2823 2767 2994 2831; x_wconf 82' lang='lat' dir='ltr'><strong>magis</strong></span> <span class='ocrx_word' id='word_1_410' title='bbox 3029 2767 3206 2819; x_wconf 83' lang='lat' dir='ltr'><strong>valeas</strong></span> <span class='ocrx_word' id='word_1_411' title='bbox 3254 2769 3416 2829; x_wconf 87' lang='lat' dir='ltr'><strong>scire,</strong></span> <span class='ocrx_word' id='word_1_412' title='bbox 3448 2785 3555 2836; x_wconf 88' lang='lat' dir='ltr'><strong>quo</strong></span> <span class='ocrx_word' id='word_1_413' title='bbox 3594 2773 3756 2824; x_wconf 91' lang='lat' dir='ltr'><strong>modo</strong></span> <span class='ocrx_word' id='word_1_414' title='bbox 3791 2785 3890 2823; x_wconf 91' lang='lat' dir='ltr'><strong>nos</strong></span> <span class='ocrx_word' id='word_1_415' title='bbox 3919 2788 4021 2825; x_wconf 86' lang='lat' dir='ltr'><strong>cu-</strong></span> 
     </span>
    </p>
   </div>
   <div class='ocr_carea' id='block_1_57' title="bbox 2447 2861 4021 2931">
    <p class='ocr_par' dir='ltr' id='par_1_57' title="bbox 2447 2861 4021 2931">
     <span class='ocr_line' id='line_1_57' title="bbox 2447 2861 4021 2931; baseline 0.006 -25"><span class='ocrx_word' id='word_1_416' title='bbox 2447 2869 2569 2907; x_wconf 82' lang='lat' dir='ltr'><strong>rare</strong></span> <span class='ocrx_word' id='word_1_417' title='bbox 2601 2866 2649 2906; x_wconf 90' lang='lat' dir='ltr'><strong>te</strong></span> <span class='ocrx_word' id='word_1_418' title='bbox 2676 2866 2923 2923; x_wconf 80' lang='lat' dir='ltr'><strong>oporteat</strong></span> <span class='ocrx_word' id='word_1_419' title='bbox 2949 2898 2963 2920; x_wconf 93' lang='lat'><strong>,</strong></span> <span class='ocrx_word' id='word_1_420' title='bbox 2995 2861 3362 2912; x_wconf 79' lang='lat' dir='ltr'><strong>necessarium</strong></span> <span class='ocrx_word' id='word_1_421' title='bbox 3390 2863 3518 2914; x_wconf 86' lang='lat' dir='ltr'><strong>mihi</strong></span> <span class='ocrx_word' id='word_1_422' title='bbox 3551 2863 3784 2927; x_wconf 86' lang='lat' dir='ltr'><strong>\idctur,</strong></span> <span class='ocrx_word' id='word_1_423' title='bbox 3819 2873 3870 2915; x_wconf 88' lang='lat' dir='ltr'><strong>et</strong></span> <span class='ocrx_word' id='word_1_424' title='bbox 3894 2880 4021 2931; x_wconf 90' lang='lat' dir='ltr'><strong>par-</strong></span> 
     </span>
    </p>
   </div>
   <div class='ocr_carea' id='block_1_58' title="bbox 2446 2945 4018 3020">
    <p class='ocr_par' dir='ltr' id='par_1_58' title="bbox 2446 2945 4018 3020">
     <span class='ocr_line' id='line_1_58' title="bbox 2446 2945 4018 3020; baseline 0.008 -24"><span class='ocrx_word' id='word_1_425' title='bbox 2446 2945 2745 2998; x_wconf 76' lang='lat' dir='ltr'><strong>tiriilaritcr</strong></span> <span class='ocrx_word' id='word_1_426' title='bbox 2772 2962 3067 3014; x_wconf 83' lang='lat' dir='ltr'><strong>exponere,</strong></span> <span class='ocrx_word' id='word_1_427' title='bbox 3103 2952 3380 3016; x_wconf 73' lang='lat' dir='ltr'><strong>quomodo</strong></span> <span class='ocrx_word' id='word_1_428' title='bbox 3408 2969 3579 3020; x_wconf 84' lang='lat' dir='ltr'><strong>usque</strong></span> <span class='ocrx_word' id='word_1_429' title='bbox 3617 2970 3761 3008; x_wconf 85' lang='lat' dir='ltr'><strong>nunc</strong></span> <span class='ocrx_word' id='word_1_430' title='bbox 3795 2965 4018 3008; x_wconf 80' lang='lat' dir='ltr'><strong>neutro-</strong></span> 
     </span>
    </p>
   </div>
   <div class='ocr_carea' id='block_1_59' title="bbox 2446 3038 4018 3110">
    <p class='ocr_par' dir='ltr' id='par_1_59' title="bbox 2446 3038 4018 3110">
     <span class='ocr_line' id='line_1_59' title="bbox 2446 3038 4018 3110; baseline 0.008 -23"><span class='ocrx_word' id='word_1_431' title='bbox 2446 3050 2565 3088; x_wconf 88' lang='lat' dir='ltr'><strong>rum</strong></span> <span class='ocrx_word' id='word_1_432' title='bbox 2622 3038 2782 3090; x_wconf 88' lang='lat' dir='ltr'><strong>verba</strong></span> <span class='ocrx_word' id='word_1_433' title='bbox 2835 3051 3124 3105; x_wconf 88' lang='lat' dir='ltr'><strong>potuerunt</strong></span> <span class='ocrx_word' id='word_1_434' title='bbox 3160 3057 3243 3094; x_wconf 92' lang='lat' dir='ltr'><strong>me</strong></span> <span class='ocrx_word' id='word_1_435' title='bbox 3270 3059 3464 3110; x_wconf 79' lang='lat' dir='ltr'><strong>cogere</strong></span> <span class='ocrx_word' id='word_1_436' title='bbox 3512 3048 3589 3098; x_wconf 91' lang='lat' dir='ltr'><strong>eis</strong></span> <span class='ocrx_word' id='word_1_437' title='bbox 3623 3047 3894 3099; x_wconf 81' lang='lat' dir='ltr'><strong>assentiri.</strong></span> <span class='ocrx_word' id='word_1_438' title='bbox 3951 3046 4018 3100; x_wconf 82' lang='lat' dir='ltr'><strong>Et</strong></span> 
     </span>
    </p>
   </div>
   <div class='ocr_carea' id='block_1_60' title="bbox 780 3123 3898 3210">
    <p class='ocr_par' dir='ltr' id='par_1_60' title="bbox 780 3123 3898 3210">
     <span class='ocr_line' id='line_1_60' title="bbox 780 3123 3898 3210; baseline 0.005 -38"><span class='ocrx_word' id='word_1_439' title='bbox 780 3136 851 3184; x_wconf 84' lang='lat' dir='ltr'><strong>te,</strong></span> <span class='ocrx_word' id='word_1_440' title='bbox 886 3133 936 3175; x_wconf 92' lang='lat' dir='ltr'><strong>te</strong></span> <span class='ocrx_word' id='word_1_441' title='bbox 986 3138 1089 3174; x_wconf 90' lang='lat' dir='ltr'><strong>non</strong></span> <span class='ocrx_word' id='word_1_442' title='bbox 1123 3133 1241 3190; x_wconf 83' lang='lat' dir='ltr'><strong>p0st</strong></span> <span class='ocrx_word' id='word_1_443' title='bbox 1276 3123 1503 3175; x_wconf 89' lang='lat' dir='ltr'><strong>multum</strong></span> <span class='ocrx_word' id='word_1_444' title='bbox 1531 3124 1597 3176; x_wconf 90' lang='lat' dir='ltr'><strong>ad</strong></span> <span class='ocrx_word' id='word_1_445' title='bbox 1636 3139 1830 3176; x_wconf 87' lang='lat' dir='ltr'><strong>novam</strong></span> <span class='ocrx_word' id='word_1_446' title='bbox 1876 3123 2104 3178; x_wconf 82' lang='lat' dir='ltr'><strong>Romam</strong></span> <span class='ocrx_word' id='word_1_447' title='bbox 2138 3126 2338 3180; x_wconf 86' lang='lat' dir='ltr'><strong>adven-</strong></span> <span class='ocrx_word' id='word_1_448' title='bbox 2367 3153 2410 3210; x_wconf 65' lang='grc' dir='ltr'>ο</span> <span class='ocrx_word' id='word_1_449' title='bbox 2447 3130 2682 3195; x_wconf 88' lang='lat' dir='ltr'><strong>primum</strong></span> <span class='ocrx_word' id='word_1_450' title='bbox 2716 3131 3010 3186; x_wconf 88' lang='lat' dir='ltr'><strong>dicendum</strong></span> <span class='ocrx_word' id='word_1_451' title='bbox 3042 3143 3127 3186; x_wconf 90' lang='lat' dir='ltr'><strong>est</strong></span> <span class='ocrx_word' id='word_1_452' title='bbox 3159 3136 3224 3187; x_wconf 87' lang='lat' dir='ltr'><strong>de</strong></span> <span class='ocrx_word' id='word_1_453' title='bbox 3266 3135 3584 3190; x_wconf 81' lang='lat' dir='ltr'><strong>Latinorum</strong></span> <span class='ocrx_word' id='word_1_454' title='bbox 3619 3139 3898 3205; x_wconf 89' lang='lat' dir='ltr'><strong>opinione.</strong></span> 
     </span>
    </p>
   </div>
   <div class='ocr_carea' id='block_1_61' title="bbox 778 3217 2338 3286">
    <p class='ocr_par' dir='ltr' id='par_1_61' title="bbox 778 3217 2338 3286">
     <span class='ocr_line' id='line_1_61' title="bbox 778 3217 2338 3286; baseline 0.003 -19"><span class='ocrx_word' id='word_1_455' title='bbox 778 3231 985 3278; x_wconf 88' lang='lat' dir='ltr'><strong>turum,</strong></span> <span class='ocrx_word' id='word_1_456' title='bbox 1014 3217 1260 3269; x_wconf 73' lang='lat' dir='ltr'><strong>conversi</strong></span> <span class='ocrx_word' id='word_1_457' title='bbox 1295 3231 1415 3280; x_wconf 91' lang='lat' dir='ltr'><strong>nos,</strong></span> <span class='ocrx_word' id='word_1_458' title='bbox 1442 3217 1588 3284; x_wconf 68' lang='lat' dir='ltr'><strong>aquis</strong></span> <span class='ocrx_word' id='word_1_459' title='bbox 1615 3217 1774 3284; x_wconf 79' lang='lat' dir='ltr'><strong>digne</strong></span> <span class='ocrx_word' id='word_1_460' title='bbox 1795 3217 2107 3285; x_wconf 83' lang='lat' dir='ltr'><strong>explicabit,</strong></span> <span class='ocrx_word' id='word_1_461' title='bbox 2139 3229 2338 3286; x_wconf 86' lang='lat' dir='ltr'><strong>quanta</strong></span> 
     </span>
    </p>
   </div>
   <div class='ocr_carea' id='block_1_62' title="bbox 776 3306 2338 3374">
    <p class='ocr_par' dir='ltr' id='par_1_62' title="bbox 776 3306 2338 3374">
     <span class='ocr_line' id='line_1_62' title="bbox 776 3306 2338 3374; baseline 0.001 -14"><span class='ocrx_word' id='word_1_462' title='bbox 776 3309 960 3360; x_wconf 69' lang='lat' dir='ltr'><strong>ltetttia</strong></span> <span class='ocrx_word' id='word_1_463' title='bbox 994 3307 1180 3374; x_wconf 77' lang='lat' dir='ltr'><strong>repleti</strong></span> <span class='ocrx_word' id='word_1_464' title='bbox 1212 3307 1458 3360; x_wconf 77' lang='lat' dir='ltr'><strong>fuimus?</strong></span> <span class='ocrx_word' id='word_1_465' title='bbox 1489 3306 1762 3371; x_wconf 85' lang='lat' dir='ltr'><strong>Quoniam</strong></span> <span class='ocrx_word' id='word_1_466' title='bbox 1811 3323 1941 3361; x_wconf 89' lang='lat' dir='ltr'><strong>vero</strong></span> <span class='ocrx_word' id='word_1_467' title='bbox 1981 3323 2088 3361; x_wconf 90' lang='lat' dir='ltr'><strong>non</strong></span> <span class='ocrx_word' id='word_1_468' title='bbox 2134 3310 2186 3361; x_wconf 89' lang='lat' dir='ltr'><strong>in</strong></span> <span class='ocrx_word' id='word_1_469' title='bbox 2219 3309 2338 3362; x_wconf 88' lang='lat' dir='ltr'><strong>Ion-</strong></span> 
     </span>
    </p>
   </div>
   <div class='ocr_carea' id='block_1_63' title="bbox 778 3397 2337 3469">
    <p class='ocr_par' dir='ltr' id='par_1_63' title="bbox 778 3397 2337 3469">
     <span class='ocr_line' id='line_1_63' title="bbox 778 3397 2337 3469; baseline 0.003 -20"><span class='ocrx_word' id='word_1_470' title='bbox 778 3414 903 3466; x_wconf 73' lang='lat' dir='ltr'><strong>gum</strong></span> <span class='ocrx_word' id='word_1_471' title='bbox 933 3399 1151 3468; x_wconf 87' lang='lat' dir='ltr'><strong>quidem</strong></span> <span class='ocrx_word' id='word_1_472' title='bbox 1189 3399 1470 3451; x_wconf 87' lang='lat' dir='ltr'><strong>venientes</strong></span> <span class='ocrx_word' id='word_1_473' title='bbox 1503 3399 1567 3450; x_wconf 85' lang='lat' dir='ltr'><strong>ad</strong></span> <span class='ocrx_word' id='word_1_474' title='bbox 1601 3413 1700 3451; x_wconf 88' lang='lat' dir='ltr'><strong>nos</strong></span> <span class='ocrx_word' id='word_1_475' title='bbox 1735 3400 1798 3451; x_wconf 90' lang='lat' dir='ltr'><strong>de</strong></span> <span class='ocrx_word' id='word_1_476' title='bbox 1840 3397 2123 3468; x_wconf 85' lang='lat' dir='ltr'><strong>Byzantio,</strong></span> <span class='ocrx_word' id='word_1_477' title='bbox 2166 3401 2337 3469; x_wconf 89' lang='lat' dir='ltr'><strong>appli-</strong></span> 
     </span>
    </p>
   </div>
   <div class='ocr_carea' id='block_1_64' title="bbox 777 3491 2331 3560">
    <p class='ocr_par' dir='ltr' id='par_1_64' title="bbox 777 3491 2331 3560">
     <span class='ocr_line' id='line_1_64' title="bbox 777 3491 2331 3560; baseline 0.001 -16"><span class='ocrx_word' id='word_1_478' title='bbox 777 3493 958 3544; x_wconf 68' lang='lat' dir='ltr'><strong>uuisse</strong></span> <span class='ocrx_word' id='word_1_479' title='bbox 1010 3502 1062 3543; x_wconf 88' lang='lat' dir='ltr'><strong>te</strong></span> <span class='ocrx_word' id='word_1_480' title='bbox 1097 3491 1206 3559; x_wconf 78' lang='lat' dir='ltr'><strong>jam</strong></span> <span class='ocrx_word' id='word_1_481' title='bbox 1244 3491 1372 3543; x_wconf 91' lang='lat' dir='ltr'><strong>illuc</strong></span> <span class='ocrx_word' id='word_1_482' title='bbox 1408 3506 1508 3560; x_wconf 88' lang='lat' dir='ltr'><strong>pro</strong></span> <span class='ocrx_word' id='word_1_483' title='bbox 1542 3501 1689 3544; x_wconf 88' lang='lat' dir='ltr'><strong>certo</strong></span> <span class='ocrx_word' id='word_1_484' title='bbox 1738 3493 2160 3555; x_wconf 85' lang='lat' dir='ltr'><strong>annuntiabant,</strong></span> <span class='ocrx_word' id='word_1_485' title='bbox 2223 3509 2331 3546; x_wconf 90' lang='lat' dir='ltr'><strong>non</strong></span> 
     </span>
    </p>
   </div>
   <div class='ocr_carea' id='block_1_65' title="bbox 774 3581 2330 3650">
    <p class='ocr_par' dir='ltr' id='par_1_65' title="bbox 774 3581 2330 3650">
     <span class='ocr_line' id='line_1_65' title="bbox 774 3581 2330 3650; baseline 0.003 -17"><span class='ocrx_word' id='word_1_486' title='bbox 774 3582 1008 3650; x_wconf 77' lang='lat' dir='ltr'><strong>amplius</strong></span> <span class='ocrx_word' id='word_1_487' title='bbox 1041 3583 1241 3634; x_wconf 78' lang='lat' dir='ltr'><strong>Sobriis</strong></span> <span class='ocrx_word' id='word_1_488' title='bbox 1292 3582 1606 3635; x_wconf 84' lang='lat' dir='ltr'><strong>hominibus</strong></span> <span class='ocrx_word' id='word_1_489' title='bbox 1643 3581 1852 3635; x_wconf 89' lang='lat' dir='ltr'><strong>similes</strong></span> <span class='ocrx_word' id='word_1_490' title='bbox 1882 3597 2001 3636; x_wconf 88' lang='lat' dir='ltr'><strong>esse</strong></span> <span class='ocrx_word' id='word_1_491' title='bbox 2031 3598 2098 3637; x_wconf 85' lang='lat' dir='ltr'><strong>ex</strong></span> <span class='ocrx_word' id='word_1_492' title='bbox 2131 3584 2330 3650; x_wconf 59' lang='lat' dir='ltr'><strong>gaudio</strong></span> 
     </span>
    </p>
   </div>
   <div class='ocr_carea' id='block_1_66' title="bbox 777 3673 2330 3740">
    <p class='ocr_par' dir='ltr' id='par_1_66' title="bbox 777 3673 2330 3740">
     <span class='ocr_line' id='line_1_66' title="bbox 777 3673 2330 3740; baseline 0.001 -14"><span class='ocrx_word' id='word_1_493' title='bbox 777 3675 1099 3728; x_wconf 82' lang='lat' dir='ltr'><strong>videbantur</strong></span> <span class='ocrx_word' id='word_1_494' title='bbox 1138 3691 1149 3724; x_wconf 88' lang='lat'>:</span> <span class='ocrx_word' id='word_1_495' title='bbox 1197 3676 1269 3725; x_wconf 85' lang='lat' dir='ltr'><strong>ita</strong></span> <span class='ocrx_word' id='word_1_496' title='bbox 1304 3673 1547 3726; x_wconf 69' lang='lat' dir='ltr'><strong>furentes</strong></span> <span class='ocrx_word' id='word_1_497' title='bbox 1578 3687 1706 3740; x_wconf 79' lang='lat' dir='ltr'><strong>erga</strong></span> <span class='ocrx_word' id='word_1_498' title='bbox 1741 3684 1790 3727; x_wconf 85' lang='lat' dir='ltr'><strong>te</strong></span> <span class='ocrx_word' id='word_1_499' title='bbox 1825 3689 1976 3726; x_wconf 83' lang='lat' dir='ltr'><strong>amor</strong></span> <span class='ocrx_word' id='word_1_500' title='bbox 2006 3689 2105 3727; x_wconf 86' lang='lat' dir='ltr'><strong>nos</strong></span> <span class='ocrx_word' id='word_1_501' title='bbox 2133 3673 2330 3728; x_wconf 61' lang='lat' dir='ltr'><strong>effecit.</strong></span> 
     </span>
    </p>
   </div>
   <div class='ocr_carea' id='block_1_67' title="bbox 778 3765 2328 3834">
    <p class='ocr_par' dir='ltr' id='par_1_67' title="bbox 778 3765 2328 3834">
     <span class='ocr_line' id='line_1_67' title="bbox 778 3765 2328 3834; baseline 0.001 -18"><span class='ocrx_word' id='word_1_502' title='bbox 778 3767 911 3818; x_wconf 66' lang='lat' dir='ltr'><strong>Vere</strong></span> <span class='ocrx_word' id='word_1_503' title='bbox 932 3768 1074 3819; x_wconf 89' lang='lat' dir='ltr'><strong>enim</strong></span> <span class='ocrx_word' id='word_1_504' title='bbox 1111 3767 1371 3818; x_wconf 86' lang='lat' dir='ltr'><strong>matutina</strong></span> <span class='ocrx_word' id='word_1_505' title='bbox 1406 3766 1583 3817; x_wconf 70' lang='lat' dir='ltr'><strong>Imtttia</strong></span> <span class='ocrx_word' id='word_1_506' title='bbox 1623 3766 1920 3826; x_wconf 82' lang='lat' dir='ltr'><strong>videbatur,</strong></span> <span class='ocrx_word' id='word_1_507' title='bbox 1958 3765 2022 3817; x_wconf 85' lang='lat' dir='ltr'><strong>ad</strong></span> <span class='ocrx_word' id='word_1_508' title='bbox 2052 3780 2328 3834; x_wconf 75' lang='lat' dir='ltr'><strong>vesperam</strong></span> 
     </span>
    </p>
   </div>
   <div class='ocr_carea' id='block_1_68' title="bbox 769 3859 2330 3922">
    <p class='ocr_par' dir='ltr' id='par_1_68' title="bbox 769 3859 2330 3922">
     <span class='ocr_line' id='line_1_68' title="bbox 769 3859 2330 3922; baseline 0.002 -14"><span class='ocrx_word' id='word_1_509' title='bbox 769 3864 1046 3913; x_wconf 67' lang='lat' dir='ltr'><strong>demorati)</strong></span> <span class='ocrx_word' id='word_1_510' title='bbox 1071 3860 1216 3911; x_wconf 82' lang='lat' dir='ltr'><strong>ilclui</strong></span> <span class='ocrx_word' id='word_1_511' title='bbox 1245 3862 1598 3922; x_wconf 73' lang='lat' dir='ltr'><strong>SueeessiSSe,</strong></span> <span class='ocrx_word' id='word_1_512' title='bbox 1633 3874 1820 3911; x_wconf 85' lang='lat' dir='ltr'><strong>rursus</strong></span> <span class='ocrx_word' id='word_1_513' title='bbox 1856 3860 1908 3910; x_wconf 91' lang='lat' dir='ltr'><strong>in</strong></span> <span class='ocrx_word' id='word_1_514' title='bbox 1939 3859 2159 3912; x_wconf 85' lang='lat' dir='ltr'><strong>Oriente</strong></span> <span class='ocrx_word' id='word_1_515' title='bbox 2213 3868 2330 3911; x_wconf 90' lang='lat' dir='ltr'><strong>tan-</strong></span> 
     </span>
    </p>
   </div>
   <div class='ocr_carea' id='block_1_69' title="bbox 772 3950 2327 4020">
    <p class='ocr_par' dir='ltr' id='par_1_69' title="bbox 772 3950 2327 4020">
     <span class='ocr_line' id='line_1_69' title="bbox 772 3950 2327 4020; baseline -0.001 -17"><span class='ocrx_word' id='word_1_516' title='bbox 772 3968 933 4020; x_wconf 84' lang='lat' dir='ltr'><strong>quam</strong></span> <span class='ocrx_word' id='word_1_517' title='bbox 988 3952 1270 4017; x_wconf 71' lang='lat' dir='ltr'><strong>SpIcndido</strong></span> <span class='ocrx_word' id='word_1_518' title='bbox 1301 3950 1414 4003; x_wconf 86' lang='lat' dir='ltr'><strong>sole</strong></span> <span class='ocrx_word' id='word_1_519' title='bbox 1452 3951 1744 4015; x_wconf 84' lang='lat' dir='ltr'><strong>relucente,</strong></span> <span class='ocrx_word' id='word_1_520' title='bbox 1777 3961 1830 4003; x_wconf 90' lang='lat' dir='ltr'><strong>et</strong></span> <span class='ocrx_word' id='word_1_521' title='bbox 1865 3950 2327 4018; x_wconf 72' lang='lat' dir='ltr'><strong>iucundissimum</strong></span> 
     </span>
    </p>
   </div>
   <div class='ocr_carea' id='block_1_70' title="bbox 772 4040 1430 4095">
    <p class='ocr_par' dir='ltr' id='par_1_70' title="bbox 772 4040 1430 4095">
     <span class='ocr_line' id='line_1_70' title="bbox 772 4040 1430 4095; baseline 0.002 -1"><span class='ocrx_word' id='word_1_522' title='bbox 772 4057 931 4094; x_wconf 86' lang='lat' dir='ltr'><strong>inane</strong></span> <span class='ocrx_word' id='word_1_523' title='bbox 964 4043 1116 4094; x_wconf 89' lang='lat' dir='ltr'><strong>nobis</strong></span> <span class='ocrx_word' id='word_1_524' title='bbox 1145 4040 1430 4095; x_wconf 79' lang='lat' dir='ltr'><strong>eﬂicientc.</strong></span> 
     </span>
    </p>
   </div>
   <div class='ocr_carea' id='block_1_71' title="bbox 842 4131 2323 4203">
    <p class='ocr_par' dir='ltr' id='par_1_71' title="bbox 842 4131 2323 4203">
     <span class='ocr_line' id='line_1_71' title="bbox 842 4131 2323 4203; baseline 0.003 -22"><span class='ocrx_word' id='word_1_525' title='bbox 842 4131 1018 4197; x_wconf 78' lang='lat' dir='ltr'><strong>Itaque</strong></span> <span class='ocrx_word' id='word_1_526' title='bbox 1044 4147 1407 4198; x_wconf 65' lang='lat' dir='ltr'><strong>praiparamus</strong></span> <span class='ocrx_word' id='word_1_527' title='bbox 1438 4145 1536 4184; x_wconf 89' lang='lat' dir='ltr'><strong>nos</strong></span> <span class='ocrx_word' id='word_1_528' title='bbox 1560 4143 1824 4200; x_wconf 88' lang='lat' dir='ltr'><strong>quotquot</strong></span> <span class='ocrx_word' id='word_1_529' title='bbox 1846 4134 2004 4187; x_wconf 89' lang='lat' dir='ltr'><strong>amici</strong></span> <span class='ocrx_word' id='word_1_530' title='bbox 2039 4134 2136 4198; x_wconf 87' lang='lat' dir='ltr'><strong>tui,</strong></span> <span class='ocrx_word' id='word_1_531' title='bbox 2164 4149 2323 4203; x_wconf 89' lang='lat' dir='ltr'><strong>quam</strong></span> 
     </span>
    </p>
   </div>
   <div class='ocr_carea' id='block_1_72' title="bbox 773 4223 2329 4284">
    <p class='ocr_par' dir='ltr' id='par_1_72' title="bbox 773 4223 2329 4284">
     <span class='ocr_line' id='line_1_72' title="bbox 773 4223 2329 4284; baseline 0.008 -12"><span class='ocrx_word' id='word_1_532' title='bbox 773 4223 1116 4276; x_wconf 83' lang='lat' dir='ltr'><strong>\clocissiine</strong></span> <span class='ocrx_word' id='word_1_533' title='bbox 1149 4224 1211 4275; x_wconf 87' lang='lat' dir='ltr'><strong>ad</strong></span> <span class='ocrx_word' id='word_1_534' title='bbox 1254 4233 1303 4276; x_wconf 87' lang='lat' dir='ltr'><strong>te</strong></span> <span class='ocrx_word' id='word_1_535' title='bbox 1344 4226 1546 4277; x_wconf 89' lang='lat' dir='ltr'><strong>venire.</strong></span> <span class='ocrx_word' id='word_1_536' title='bbox 1576 4226 1678 4278; x_wconf 85' lang='lat' dir='ltr'><strong>Sed</strong></span> <span class='ocrx_word' id='word_1_537' title='bbox 1716 4227 1970 4281; x_wconf 87' lang='lat' dir='ltr'><strong>omnibus</strong></span> <span class='ocrx_word' id='word_1_538' title='bbox 2003 4232 2063 4279; x_wconf 83' lang='lat' dir='ltr'><strong>ad</strong></span> <span class='ocrx_word' id='word_1_539' title='bbox 2102 4233 2203 4282; x_wconf 88' lang='lat' dir='ltr'><strong>iter</strong></span> <span class='ocrx_word' id='word_1_540' title='bbox 2232 4247 2329 4284; x_wconf 88' lang='lat' dir='ltr'><strong>ne-</strong></span> 
     </span>
    </p>
   </div>
   <div class='ocr_carea' id='block_1_73' title="bbox 769 4315 2328 4384">
    <p class='ocr_par' dir='ltr' id='par_1_73' title="bbox 769 4315 2328 4384">
     <span class='ocr_line' id='line_1_73' title="bbox 769 4315 2328 4384; baseline 0.008 -18"><span class='ocrx_word' id='word_1_541' title='bbox 769 4315 1022 4367; x_wconf 77' lang='lat' dir='ltr'><strong>cessariis</strong></span> <span class='ocrx_word' id='word_1_542' title='bbox 1051 4316 1386 4381; x_wconf 72' lang='lat' dir='ltr'><strong>pra&#39;paratis,</strong></span> <span class='ocrx_word' id='word_1_543' title='bbox 1415 4325 1466 4365; x_wconf 90' lang='lat' dir='ltr'><strong>et</strong></span> <span class='ocrx_word' id='word_1_544' title='bbox 1500 4316 1656 4367; x_wconf 90' lang='lat' dir='ltr'><strong>nobis</strong></span> <span class='ocrx_word' id='word_1_545' title='bbox 1683 4322 2109 4384; x_wconf 72' lang='lat' dir='ltr'><strong>propmicntibus</strong></span> <span class='ocrx_word' id='word_1_546' title='bbox 2137 4325 2328 4379; x_wconf 88' lang='lat' dir='ltr'><strong>imme-</strong></span> 
     </span>
    </p>
   </div>
   <div class='ocr_carea' id='block_1_74' title="bbox 768 4405 2324 4473">
    <p class='ocr_par' dir='ltr' id='par_1_74' title="bbox 768 4405 2324 4473">
     <span class='ocr_line' id='line_1_74' title="bbox 768 4405 2324 4473; baseline 0.007 -16"><span class='ocrx_word' id='word_1_547' title='bbox 768 4405 1055 4458; x_wconf 68' lang='lat' dir='ltr'><strong>diate-inde</strong></span> <span class='ocrx_word' id='word_1_548' title='bbox 1079 4406 1350 4466; x_wconf 88' lang='lat' dir='ltr'><strong>recedere,</strong></span> <span class='ocrx_word' id='word_1_549' title='bbox 1405 4407 1628 4456; x_wconf 89' lang='lat' dir='ltr'><strong>veniunt</strong></span> <span class='ocrx_word' id='word_1_550' title='bbox 1657 4410 1901 4473; x_wconf 82' lang='lat' dir='ltr'><strong>quidam,</strong></span> <span class='ocrx_word' id='word_1_551' title='bbox 1933 4427 2144 4464; x_wconf 73' lang='lat' dir='ltr'><strong>unsuin</strong></span> <span class='ocrx_word' id='word_1_552' title='bbox 2179 4414 2324 4468; x_wconf 87' lang='lat' dir='ltr'><strong>illinc</strong></span> 
     </span>
    </p>
   </div>
   <div class='ocr_carea' id='block_1_75' title="bbox 2516 3219 4019 3298">
    <p class='ocr_par' dir='ltr' id='par_1_75' title="bbox 2516 3219 4019 3298">
     <span class='ocr_line' id='line_1_75' title="bbox 2516 3219 4019 3298; baseline 0.009 -29"><span class='ocrx_word' id='word_1_553' title='bbox 2516 3219 2763 3282; x_wconf 83' lang='lat' dir='ltr'><strong>Quatuor</strong></span> <span class='ocrx_word' id='word_1_554' title='bbox 2802 3233 2929 3274; x_wconf 93' lang='lat' dir='ltr'><strong>sunt</strong></span> <span class='ocrx_word' id='word_1_555' title='bbox 2975 3239 3174 3290; x_wconf 79' lang='lat' dir='ltr'><strong>genera</strong></span> <span class='ocrx_word' id='word_1_556' title='bbox 3223 3238 3700 3294; x_wconf 66' lang='lat' dir='ltr'><strong>argumentorum,</strong></span> <span class='ocrx_word' id='word_1_557' title='bbox 3753 3245 3846 3296; x_wconf 89' lang='lat' dir='ltr'><strong>per</strong></span> <span class='ocrx_word' id='word_1_558' title='bbox 3896 3245 4019 3298; x_wconf 71' lang='lat' dir='ltr'><strong>qua:</strong></span> 
     </span>
    </p>
   </div>
   <div class='ocr_carea' id='block_1_76' title="bbox 2443 3310 3988 3381">
    <p class='ocr_par' dir='ltr' id='par_1_76' title="bbox 2443 3310 3988 3381">
     <span class='ocr_line' id='line_1_76' title="bbox 2443 3310 3988 3381; baseline 0.008 -18"><span class='ocrx_word' id='word_1_559' title='bbox 2443 3310 2521 3364; x_wconf 90' lang='lat' dir='ltr'><strong>illi</strong></span> <span class='ocrx_word' id='word_1_560' title='bbox 2544 3327 2753 3381; x_wconf 88' lang='lat' dir='ltr'><strong>semper</strong></span> <span class='ocrx_word' id='word_1_561' title='bbox 2783 3327 3052 3368; x_wconf 88' lang='lat' dir='ltr'><strong>conantur</strong></span> <span class='ocrx_word' id='word_1_562' title='bbox 3083 3332 3233 3370; x_wconf 90' lang='lat' dir='ltr'><strong>suam</strong></span> <span class='ocrx_word' id='word_1_563' title='bbox 3263 3317 3560 3374; x_wconf 80' lang='lat' dir='ltr'><strong>fortiﬁcare</strong></span> <span class='ocrx_word' id='word_1_564' title='bbox 3584 3325 3988 3377; x_wconf 78' lang='lat' dir='ltr'><strong>contlusionem</strong></span> 
     </span>
    </p>
   </div>
   <div class='ocr_carea' id='block_1_77' title="bbox 2513 3424 4010 3501">
    <p class='ocr_par' dir='ltr' id='par_1_77' title="bbox 2513 3424 4010 3501">
     <span class='ocr_line' id='line_1_77' title="bbox 2513 3424 4010 3501; baseline 0.006 -23"><span class='ocrx_word' id='word_1_565' title='bbox 2513 3424 2753 3489; x_wconf 86' lang='lat' dir='ltr'><strong>Quorum</strong></span> <span class='ocrx_word' id='word_1_566' title='bbox 2796 3429 3048 3495; x_wconf 82' lang='lat' dir='ltr'><strong>&#39;primum</strong></span> <span class='ocrx_word' id='word_1_567' title='bbox 3099 3442 3222 3492; x_wconf 91' lang='lat' dir='ltr'><strong>est,</strong></span> <span class='ocrx_word' id='word_1_568' title='bbox 3281 3434 3422 3501; x_wconf 91' lang='lat' dir='ltr'><strong>quod</strong></span> <span class='ocrx_word' id='word_1_569' title='bbox 3488 3450 3582 3500; x_wconf 87' lang='lat' dir='ltr'><strong>per</strong></span> <span class='ocrx_word' id='word_1_570' title='bbox 3663 3438 4010 3489; x_wconf 58' lang='lat' dir='ltr'><strong>substantia.</strong></span> 
     </span>
    </p>
   </div>
   <div class='ocr_carea' id='block_1_78' title="bbox 2438 3513 4007 3583">
    <p class='ocr_par' dir='ltr' id='par_1_78' title="bbox 2438 3513 4007 3583">
     <span class='ocr_line' id='line_1_78' title="bbox 2438 3513 4007 3583; baseline 0.009 -17"><span class='ocrx_word' id='word_1_571' title='bbox 2438 3513 2542 3567; x_wconf 90' lang='lat' dir='ltr'><strong>lem</strong></span> <span class='ocrx_word' id='word_1_572' title='bbox 2593 3526 2644 3570; x_wconf 90' lang='lat' dir='ltr'><strong>et</strong></span> <span class='ocrx_word' id='word_1_573' title='bbox 2688 3520 2987 3572; x_wconf 89' lang='lat' dir='ltr'><strong>naturalem</strong></span> <span class='ocrx_word' id='word_1_574' title='bbox 3022 3520 3197 3574; x_wconf 81' lang='lat' dir='ltr'><strong>Patris</strong></span> <span class='ocrx_word' id='word_1_575' title='bbox 3248 3535 3300 3576; x_wconf 90' lang='lat' dir='ltr'><strong>et</strong></span> <span class='ocrx_word' id='word_1_576' title='bbox 3345 3523 3469 3576; x_wconf 77' lang='lat' dir='ltr'><strong>Filii</strong></span> <span class='ocrx_word' id='word_1_577' title='bbox 3519 3527 3858 3581; x_wconf 78' lang='lat' dir='ltr'><strong>identilatem</strong></span> <span class='ocrx_word' id='word_1_578' title='bbox 3921 3547 4007 3583; x_wconf 88' lang='lat' dir='ltr'><strong>ar-</strong></span> 
     </span>
    </p>
   </div>
   <div class='ocr_carea' id='block_1_79' title="bbox 2437 3612 4010 3685">
    <p class='ocr_par' dir='ltr' id='par_1_79' title="bbox 2437 3612 4010 3685">
     <span class='ocr_line' id='line_1_79' title="bbox 2437 3612 4010 3685; baseline 0.01 -26"><span class='ocrx_word' id='word_1_579' title='bbox 2437 3620 2691 3676; x_wconf 81' lang='lat' dir='ltr'><strong>gumento</strong></span> <span class='ocrx_word' id='word_1_580' title='bbox 2719 3625 3062 3665; x_wconf 90' lang='lat' dir='ltr'><strong>communem</strong></span> <span class='ocrx_word' id='word_1_581' title='bbox 3090 3612 3237 3668; x_wconf 80' lang='lat' dir='ltr'><strong>facit.</strong></span> <span class='ocrx_word' id='word_1_582' title='bbox 3280 3614 3625 3685; x_wconf 77' lang='lat' dir='ltr'><strong>Supponazur</strong></span> <span class='ocrx_word' id='word_1_583' title='bbox 3679 3621 3844 3683; x_wconf 89' lang='lat' dir='ltr'><strong>enim,</strong></span> <span class='ocrx_word' id='word_1_584' title='bbox 3893 3637 4010 3675; x_wconf 79' lang='lat' dir='ltr'><strong>tan-</strong></span> 
     </span>
    </p>
   </div>
   <div class='ocr_carea' id='block_1_80' title="bbox 2435 3702 4011 3772">
    <p class='ocr_par' dir='ltr' id='par_1_80' title="bbox 2435 3702 4011 3772">
     <span class='ocr_line' id='line_1_80' title="bbox 2435 3702 4011 3772; baseline 0.011 -23"><span class='ocrx_word' id='word_1_585' title='bbox 2435 3715 2597 3766; x_wconf 72' lang='lat' dir='ltr'><strong>quum</strong></span> <span class='ocrx_word' id='word_1_586' title='bbox 2644 3702 2710 3753; x_wconf 84' lang='lat' dir='ltr'><strong>ab</strong></span> <span class='ocrx_word' id='word_1_587' title='bbox 2759 3703 3013 3757; x_wconf 88' lang='lat' dir='ltr'><strong>omnibus</strong></span> <span class='ocrx_word' id='word_1_588' title='bbox 3059 3721 3402 3772; x_wconf 87' lang='lat' dir='ltr'><strong>concessum,</strong></span> <span class='ocrx_word' id='word_1_589' title='bbox 3448 3709 3660 3763; x_wconf 80' lang='lat' dir='ltr'><strong>Patrem</strong></span> <span class='ocrx_word' id='word_1_590' title='bbox 3707 3723 3762 3765; x_wconf 91' lang='lat' dir='ltr'><strong>et</strong></span> <span class='ocrx_word' id='word_1_591' title='bbox 3819 3713 4011 3768; x_wconf 81' lang='lat' dir='ltr'><strong>Filium</strong></span> 
     </span>
    </p>
   </div>
   <div class='ocr_carea' id='block_1_81' title="bbox 2439 3790 4009 3865">
    <p class='ocr_par' dir='ltr' id='par_1_81' title="bbox 2439 3790 4009 3865">
     <span class='ocr_line' id='line_1_81' title="bbox 2439 3790 4009 3865; baseline 0.011 -25"><span class='ocrx_word' id='word_1_592' title='bbox 2439 3804 2606 3843; x_wconf 87' lang='lat' dir='ltr'><strong>unum</strong></span> <span class='ocrx_word' id='word_1_593' title='bbox 2639 3806 2758 3843; x_wconf 88' lang='lat' dir='ltr'><strong>esse</strong></span> <span class='ocrx_word' id='word_1_594' title='bbox 2790 3790 2976 3851; x_wconf 86' lang='lat' dir='ltr'><strong>Deum,</strong></span> <span class='ocrx_word' id='word_1_595' title='bbox 3007 3804 3061 3847; x_wconf 91' lang='lat' dir='ltr'><strong>et</strong></span> <span class='ocrx_word' id='word_1_596' title='bbox 3089 3811 3246 3847; x_wconf 90' lang='lat' dir='ltr'><strong>unam</strong></span> <span class='ocrx_word' id='word_1_597' title='bbox 3275 3799 3658 3865; x_wconf 85' lang='lat' dir='ltr'><strong>substantiam,</strong></span> <span class='ocrx_word' id='word_1_598' title='bbox 3688 3804 3798 3856; x_wconf 86' lang='lat' dir='ltr'><strong>sive</strong></span> <span class='ocrx_word' id='word_1_599' title='bbox 3854 3817 4009 3858; x_wconf 50' lang='lat' dir='ltr'><strong>natu-</strong></span> 
     </span>
    </p>
   </div>
   <div class='ocr_carea' id='block_1_82' title="bbox 2434 3882 4013 3964">
    <p class='ocr_par' dir='ltr' id='par_1_82' title="bbox 2434 3882 4013 3964">
     <span class='ocr_line' id='line_1_82' title="bbox 2434 3882 4013 3964; baseline 0.012 -32"><span class='ocrx_word' id='word_1_600' title='bbox 2434 3895 2572 3942; x_wconf 91' lang='lat' dir='ltr'><strong>ram,</strong></span> <span class='ocrx_word' id='word_1_601' title='bbox 2609 3882 2721 3934; x_wconf 82' lang='lat' dir='ltr'><strong>sive</strong></span> <span class='ocrx_word' id='word_1_602' title='bbox 2744 3885 3032 3935; x_wconf 83' lang='lat' dir='ltr'><strong>essentiam</strong></span> <span class='ocrx_word' id='word_1_603' title='bbox 3060 3900 3159 3949; x_wconf 81' lang='lat' dir='ltr'><strong>;ex</strong></span> <span class='ocrx_word' id='word_1_604' title='bbox 3196 3888 3295 3940; x_wconf 90' lang='lat' dir='ltr'><strong>boc</strong></span> <span class='ocrx_word' id='word_1_605' title='bbox 3317 3891 3643 3959; x_wconf 68' lang='lat' dir='ltr'><strong>syllogismo</strong></span> <span class='ocrx_word' id='word_1_606' title='bbox 3668 3897 3733 3947; x_wconf 87' lang='lat' dir='ltr'><strong>ad</strong></span> <span class='ocrx_word' id='word_1_607' title='bbox 3767 3898 4013 3964; x_wconf 80' lang='lat' dir='ltr'><strong>proposi-</strong></span> 
     </span>
    </p>
   </div>
   <div class='ocr_carea' id='block_1_83' title="bbox 2434 3976 2818 4025">
    <p class='ocr_par' dir='ltr' id='par_1_83' title="bbox 2434 3976 2818 4025">
     <span class='ocr_line' id='line_1_83' title="bbox 2434 3976 2818 4025; baseline 0 -1"><span class='ocrx_word' id='word_1_608' title='bbox 2434 3983 2544 4024; x_wconf 90' lang='lat' dir='ltr'><strong>tum</strong></span> <span class='ocrx_word' id='word_1_609' title='bbox 2580 3976 2818 4025; x_wconf 83' lang='lat' dir='ltr'><strong>veniunt.</strong></span> 
     </span>
    </p>
   </div>
   <div class='ocr_carea' id='block_1_84' title="bbox 2503 4063 4007 4145">
    <p class='ocr_par' dir='ltr' id='par_1_84' title="bbox 2503 4063 4007 4145">
     <span class='ocr_line' id='line_1_84' title="bbox 2503 4063 4007 4145; baseline 0.011 -29"><span class='ocrx_word' id='word_1_610' title='bbox 2503 4063 2810 4116; x_wconf 78' lang='lat' dir='ltr'><strong>Secundum</strong></span> <span class='ocrx_word' id='word_1_611' title='bbox 2840 4075 2940 4130; x_wconf 90' lang='lat' dir='ltr'><strong>est,</strong></span> <span class='ocrx_word' id='word_1_612' title='bbox 2967 4066 3109 4133; x_wconf 89' lang='lat' dir='ltr'><strong>quod</strong></span> <span class='ocrx_word' id='word_1_613' title='bbox 3142 4083 3204 4120; x_wconf 67' lang='lat' dir='ltr'><strong>ex</strong></span> <span class='ocrx_word' id='word_1_614' title='bbox 3240 4073 3509 4138; x_wconf 86' lang='lat' dir='ltr'><strong>personali</strong></span> <span class='ocrx_word' id='word_1_615' title='bbox 3543 4072 3660 4128; x_wconf 86' lang='lat' dir='ltr'><strong>Filii</strong></span> <span class='ocrx_word' id='word_1_616' title='bbox 3695 4088 3748 4128; x_wconf 90' lang='lat' dir='ltr'><strong>et</strong></span> <span class='ocrx_word' id='word_1_617' title='bbox 3775 4076 4007 4145; x_wconf 86' lang='lat' dir='ltr'><strong>Spiritus</strong></span> 
     </span>
    </p>
   </div>
   <div class='ocr_carea' id='block_1_85' title="bbox 2431 4156 4010 4227">
    <p class='ocr_par' dir='ltr' id='par_1_85' title="bbox 2431 4156 4010 4227">
     <span class='ocr_line' id='line_1_85' title="bbox 2431 4156 4010 4227; baseline 0.009 -17"><span class='ocrx_word' id='word_1_618' title='bbox 2431 4156 2931 4211; x_wconf 87' lang='lat' dir='ltr'><strong>sanctidillerentia</strong></span> <span class='ocrx_word' id='word_1_619' title='bbox 2984 4161 3267 4227; x_wconf 68' lang='lat' dir='ltr'><strong>qutcsitum</strong></span> <span class='ocrx_word' id='word_1_620' title='bbox 3318 4165 3560 4218; x_wconf 87' lang='lat' dir='ltr'><strong>invenire</strong></span> <span class='ocrx_word' id='word_1_621' title='bbox 3617 4179 3844 4222; x_wconf 83' lang='lat' dir='ltr'><strong>tentant.</strong></span> <span class='ocrx_word' id='word_1_622' title='bbox 3905 4176 4010 4226; x_wconf 86' lang='lat' dir='ltr'><strong>Aut</strong></span> 
     </span>
    </p>
   </div>
   <div class='ocr_carea' id='block_1_86' title="bbox 2429 4247 4003 4332">
    <p class='ocr_par' dir='ltr' id='par_1_86' title="bbox 2429 4247 4003 4332">
     <span class='ocr_line' id='line_1_86' title="bbox 2429 4247 4003 4332; baseline 0.011 -32"><span class='ocrx_word' id='word_1_623' title='bbox 2429 4247 2570 4300; x_wconf 84' lang='lat' dir='ltr'><strong>enim</strong></span> <span class='ocrx_word' id='word_1_624' title='bbox 2595 4258 2896 4315; x_wconf 73' lang='lat' dir='ltr'><strong>quaerentes</strong></span> <span class='ocrx_word' id='word_1_625' title='bbox 2920 4253 3192 4317; x_wconf 90' lang='lat' dir='ltr'><strong>quomodo</strong></span> <span class='ocrx_word' id='word_1_626' title='bbox 3242 4257 3410 4320; x_wconf 87' lang='lat' dir='ltr'><strong>possit</strong></span> <span class='ocrx_word' id='word_1_627' title='bbox 3433 4262 3790 4327; x_wconf 78' lang='lat' dir='ltr'><strong>personaLter</strong></span> <span class='ocrx_word' id='word_1_628' title='bbox 3830 4263 4003 4332; x_wconf 85' lang='lat' dir='ltr'><strong>Spiri-</strong></span> 
     </span>
    </p>
   </div>
   <div class='ocr_carea' id='block_1_87' title="bbox 2430 4338 4007 4412">
    <p class='ocr_par' dir='ltr' id='par_1_87' title="bbox 2430 4338 4007 4412">
     <span class='ocr_line' id='line_1_87' title="bbox 2430 4338 4007 4412; baseline 0.014 -21"><span class='ocrx_word' id='word_1_629' title='bbox 2430 4349 2514 4391; x_wconf 92' lang='lat' dir='ltr'><strong>tus</strong></span> <span class='ocrx_word' id='word_1_630' title='bbox 2537 4355 2564 4390; x_wconf 94' lang='lat' dir='ltr'><strong>a</strong></span> <span class='ocrx_word' id='word_1_631' title='bbox 2589 4338 3016 4411; x_wconf 74' lang='lat' dir='ltr'><strong>Filiodistingui,</strong></span> <span class='ocrx_word' id='word_1_632' title='bbox 3065 4354 3156 4396; x_wconf 90' lang='lat' dir='ltr'><strong>aut</strong></span> <span class='ocrx_word' id='word_1_633' title='bbox 3175 4348 3401 4401; x_wconf 86' lang='lat' dir='ltr'><strong>duarum</strong></span> <span class='ocrx_word' id='word_1_634' title='bbox 3429 4354 3826 4408; x_wconf 77' lang='lat' dir='ltr'><strong>emanationuoi</strong></span> <span class='ocrx_word' id='word_1_635' title='bbox 3851 4357 4007 4412; x_wconf 73' lang='lat' dir='ltr'><strong>ditie~</strong></span> 
     </span>
    </p>
   </div>
   <div class='ocr_carea' id='block_1_88' title="bbox 2430 4431 4008 4512">
    <p class='ocr_par' dir='ltr' id='par_1_88' title="bbox 2430 4431 4008 4512">
     <span class='ocr_line' id='line_1_88' title="bbox 2430 4431 4008 4512; baseline 0.015 -30"><span class='ocrx_word' id='word_1_636' title='bbox 2430 4431 2657 4483; x_wconf 87' lang='lat' dir='ltr'><strong>rentiam</strong></span> <span class='ocrx_word' id='word_1_637' title='bbox 2693 4433 2945 4487; x_wconf 79' lang='lat' dir='ltr'><strong>distincte</strong></span> <span class='ocrx_word' id='word_1_638' title='bbox 2966 4452 3274 4505; x_wconf 62' lang='lat' dir='ltr'><strong>expressain</strong></span> <span class='ocrx_word' id='word_1_639' title='bbox 3316 4457 3702 4512; x_wconf 82' lang='lat' dir='ltr'><strong>supponentes,</strong></span> <span class='ocrx_word' id='word_1_640' title='bbox 3734 4458 3784 4500; x_wconf 91' lang='lat' dir='ltr'><strong>et</strong></span> <span class='ocrx_word' id='word_1_641' title='bbox 3816 4450 4008 4504; x_wconf 85' lang='lat' dir='ltr'><strong>ordine</strong></span> 
     </span>
    </p>
   </div>
   <div class='ocr_carea' id='block_1_89' title="bbox 769 4497 2526 4603">
    <p class='ocr_par' dir='ltr' id='par_1_89' title="bbox 769 4497 2517 4588">
     <span class='ocr_line' id='line_1_89' title="bbox 769 4497 2517 4588; baseline 0.006 -38"><span class='ocrx_word' id='word_1_642' title='bbox 769 4498 1058 4550; x_wconf 85' lang='lat' dir='ltr'><strong>recessisse</strong></span> <span class='ocrx_word' id='word_1_643' title='bbox 1119 4505 1169 4549; x_wconf 93' lang='lat' dir='ltr'><strong>te</strong></span> <span class='ocrx_word' id='word_1_644' title='bbox 1220 4497 1286 4548; x_wconf 91' lang='lat' dir='ltr'><strong>de</strong></span> <span class='ocrx_word' id='word_1_645' title='bbox 1336 4497 1572 4562; x_wconf 87' lang='lat' dir='ltr'><strong>civitate,</strong></span> <span class='ocrx_word' id='word_1_646' title='bbox 1609 4509 1661 4551; x_wconf 91' lang='lat' dir='ltr'><strong>et</strong></span> <span class='ocrx_word' id='word_1_647' title='bbox 1713 4501 1777 4551; x_wconf 89' lang='lat' dir='ltr'><strong>ad</strong></span> <span class='ocrx_word' id='word_1_648' title='bbox 1815 4501 2024 4569; x_wconf 79' lang='lat' dir='ltr'><strong>nigrum</strong></span> <span class='ocrx_word' id='word_1_649' title='bbox 2086 4503 2313 4559; x_wconf 83' lang='lat' dir='ltr'><strong>Pontum</strong></span> <span class='ocrx_word' id='word_1_650' title='bbox 2353 4530 2395 4583; x_wconf 75' lang='grc' dir='ltr'>υ</span> <span class='ocrx_word' id='word_1_651' title='bbox 2426 4536 2517 4588; x_wconf 71' lang='grc' dir='ltr'>ρει-</span> 
     </span>
    </p>
   </div>
   <div class='ocr_carea' id='block_1_90' title="bbox 2246 4497 4003 4603">
    <p class='ocr_par' dir='ltr' id='par_1_90' title="bbox 2246 4524 4003 4603">
     <span class='ocr_line' id='line_1_90' title="bbox 2246 4524 4003 4603; baseline 0.013 -31"><span class='ocrx_word' id='word_1_652' title='bbox 2246 4524 2313 4559; x_wconf 77' lang='lat' dir='ltr'><strong>&quot;II</strong></span> <span class='ocrx_word' id='word_1_653' title='bbox 2353 4530 2395 4583; x_wconf 82' lang='grc' dir='ltr'>ι)</span> <span class='ocrx_word' id='word_1_654' title='bbox 2426 4536 2517 4588; x_wconf 90' lang='lat' dir='ltr'><strong>per</strong></span> <span class='ocrx_word' id='word_1_655' title='bbox 2544 4524 2714 4574; x_wconf 88' lang='lat' dir='ltr'><strong>media</strong></span> <span class='ocrx_word' id='word_1_656' title='bbox 2748 4527 3098 4592; x_wconf 88' lang='lat' dir='ltr'><strong>procedentes</strong></span> <span class='ocrx_word' id='word_1_657' title='bbox 3121 4545 3273 4582; x_wconf 80' lang='lat' dir='ltr'><strong>suam</strong></span> <span class='ocrx_word' id='word_1_658' title='bbox 3307 4547 3671 4603; x_wconf 74' lang='lat' dir='ltr'><strong>assequuntur</strong></span> <span class='ocrx_word' id='word_1_659' title='bbox 3695 4543 4003 4597; x_wconf 83' lang='lat' dir='ltr'><strong>conclusio-</strong></span> 
     </span>
    </p>
   </div>
   <div class='ocr_carea' id='block_1_91' title="bbox 765 4588 2316 4659">
    <p class='ocr_par' dir='ltr' id='par_1_91' title="bbox 765 4588 2316 4659">
     <span class='ocr_line' id='line_1_91' title="bbox 765 4588 2316 4659; baseline 0.005 -17"><span class='ocrx_word' id='word_1_660' title='bbox 765 4590 969 4642; x_wconf 89' lang='lat' dir='ltr'><strong>abiisse</strong></span> <span class='ocrx_word' id='word_1_661' title='bbox 995 4588 1331 4641; x_wconf 81' lang='lat' dir='ltr'><strong>nuntiantes.</strong></span> <span class='ocrx_word' id='word_1_662' title='bbox 1359 4589 1477 4653; x_wconf 82' lang='lat' dir='ltr'><strong>Quo</strong></span> <span class='ocrx_word' id='word_1_663' title='bbox 1518 4591 1702 4643; x_wconf 86' lang='lat' dir='ltr'><strong>auditu</strong></span> <span class='ocrx_word' id='word_1_664' title='bbox 1738 4594 1971 4659; x_wconf 73' lang='lat' dir='ltr'><strong>perculsi</strong></span> <span class='ocrx_word' id='word_1_665' title='bbox 2007 4611 2127 4658; x_wconf 88' lang='lat' dir='ltr'><strong>nos,</strong></span> <span class='ocrx_word' id='word_1_666' title='bbox 2161 4607 2214 4649; x_wconf 89' lang='lat' dir='ltr'><strong>et</strong></span> <span class='ocrx_word' id='word_1_667' title='bbox 2253 4601 2316 4652; x_wconf 90' lang='lat' dir='ltr'><strong>ad</strong></span> 
     </span>
    </p>
   </div>
   <div class='ocr_carea' id='block_1_92' title="bbox 763 4681 2320 4753">
    <p class='ocr_par' dir='ltr' id='par_1_92' title="bbox 763 4681 2320 4753">
     <span class='ocr_line' id='line_1_92' title="bbox 763 4681 2320 4753; baseline 0.006 -21"><span class='ocrx_word' id='word_1_668' title='bbox 763 4681 1090 4750; x_wconf 88' lang='lat' dir='ltr'><strong>proluudum</strong></span> <span class='ocrx_word' id='word_1_669' title='bbox 1136 4682 1364 4734; x_wconf 73' lang='lat' dir='ltr'><strong>tristitia:</strong></span> <span class='ocrx_word' id='word_1_670' title='bbox 1396 4682 1652 4744; x_wconf 84' lang='lat' dir='ltr'><strong>dcmcrsi,</strong></span> <span class='ocrx_word' id='word_1_671' title='bbox 1683 4686 1768 4736; x_wconf 85' lang='lat' dir='ltr'><strong>vix</strong></span> <span class='ocrx_word' id='word_1_672' title='bbox 1805 4687 2078 4753; x_wconf 85' lang='lat' dir='ltr'><strong>potuimus</strong></span> <span class='ocrx_word' id='word_1_673' title='bbox 2110 4702 2320 4742; x_wconf 85' lang='lat' dir='ltr'><strong>uosmet</strong></span> 
     </span>
    </p>
   </div>
   <div class='ocr_carea' id='block_1_93' title="bbox 767 4773 2322 4841">
    <p class='ocr_par' dir='ltr' id='par_1_93' title="bbox 767 4773 2322 4841">
     <span class='ocr_line' id='line_1_93' title="bbox 767 4773 2322 4841; baseline 0.005 -16"><span class='ocrx_word' id='word_1_674' title='bbox 767 4789 1063 4833; x_wconf 88' lang='lat' dir='ltr'><strong>resumere,</strong></span> <span class='ocrx_word' id='word_1_675' title='bbox 1098 4773 1437 4841; x_wconf 83' lang='lat' dir='ltr'><strong>philosophia</strong></span> <span class='ocrx_word' id='word_1_676' title='bbox 1471 4777 1878 4829; x_wconf 88' lang='lat' dir='ltr'><strong>mutabilitatem</strong></span> <span class='ocrx_word' id='word_1_677' title='bbox 1913 4794 2090 4830; x_wconf 92' lang='lat' dir='ltr'><strong>rerum</strong></span> <span class='ocrx_word' id='word_1_678' title='bbox 2126 4783 2322 4833; x_wconf 84' lang='lat' dir='ltr'><strong>buma-</strong></span> 
     </span>
    </p>
   </div>
   <div class='ocr_carea' id='block_1_94' title="bbox 765 4869 2318 4939">
    <p class='ocr_par' dir='ltr' id='par_1_94' title="bbox 765 4869 2318 4939">
     <span class='ocr_line' id='line_1_94' title="bbox 765 4869 2318 4939; baseline 0.004 -19"><span class='ocrx_word' id='word_1_679' title='bbox 765 4884 956 4920; x_wconf 76' lang='lat' dir='ltr'><strong>nurum</strong></span> <span class='ocrx_word' id='word_1_680' title='bbox 991 4869 1425 4929; x_wconf 71' lang='lat' dir='ltr'><strong>consnderantt-s,</strong></span> <span class='ocrx_word' id='word_1_681' title='bbox 1463 4879 1514 4920; x_wconf 91' lang='lat' dir='ltr'><strong>et</strong></span> <span class='ocrx_word' id='word_1_682' title='bbox 1549 4873 1909 4939; x_wconf 67' lang='lat' dir='ltr'><strong>nosmetipsos</strong></span> <span class='ocrx_word' id='word_1_683' title='bbox 1951 4875 2318 4926; x_wconf 77' lang='lat' dir='ltr'><strong>consolantes.</strong></span> 
     </span>
    </p>
   </div>
   <div class='ocr_carea' id='block_1_95' title="bbox 767 4957 2318 5032">
    <p class='ocr_par' dir='ltr' id='par_1_95' title="bbox 767 4957 2318 5032">
     <span class='ocr_line' id='line_1_95' title="bbox 767 4957 2318 5032; baseline 0.008 -25"><span class='ocrx_word' id='word_1_684' title='bbox 767 4957 963 5011; x_wconf 80' lang='lat' dir='ltr'><strong>Verum</strong></span> <span class='ocrx_word' id='word_1_685' title='bbox 998 4960 1245 5011; x_wconf 84' lang='lat' dir='ltr'><strong>dicebant</strong></span> <span class='ocrx_word' id='word_1_686' title='bbox 1285 4973 1341 5011; x_wconf 92' lang='lat' dir='ltr'><strong>se</strong></span> <span class='ocrx_word' id='word_1_687' title='bbox 1374 4975 1400 5010; x_wconf 91' lang='lat' dir='ltr'><strong>a</strong></span> <span class='ocrx_word' id='word_1_688' title='bbox 1436 4972 1484 5013; x_wconf 89' lang='lat' dir='ltr'><strong>te</strong></span> <span class='ocrx_word' id='word_1_689' title='bbox 1523 4962 1741 5015; x_wconf 89' lang='lat' dir='ltr'><strong>audisse</strong></span> <span class='ocrx_word' id='word_1_690' title='bbox 1788 4963 1933 5024; x_wconf 76' lang='lat' dir='ltr'><strong>talia,</strong></span> <span class='ocrx_word' id='word_1_691' title='bbox 1967 4968 2108 5032; x_wconf 91' lang='lat' dir='ltr'><strong>quod</strong></span> <span class='ocrx_word' id='word_1_692' title='bbox 2139 4968 2318 5019; x_wconf 90' lang='lat' dir='ltr'><strong>omnis</strong></span> 
     </span>
    </p>
   </div>
   <div class='ocr_carea' id='block_1_96' title="bbox 763 5052 2320 5120">
    <p class='ocr_par' dir='ltr' id='par_1_96' title="bbox 763 5052 2320 5120">
     <span class='ocr_line' id='line_1_96' title="bbox 763 5052 2320 5120; baseline 0.006 -18"><span class='ocrx_word' id='word_1_693' title='bbox 763 5053 1058 5103; x_wconf 78' lang='lat' dir='ltr'><strong>necessitas</strong></span> <span class='ocrx_word' id='word_1_694' title='bbox 1091 5052 1156 5102; x_wconf 84' lang='lat' dir='ltr'><strong>sit</strong></span> <span class='ocrx_word' id='word_1_695' title='bbox 1181 5054 1446 5109; x_wconf 83' lang='lat' dir='ltr'><strong>conlitcri.</strong></span> <span class='ocrx_word' id='word_1_696' title='bbox 1480 5053 1736 5120; x_wconf 82' lang='lat' dir='ltr'><strong>Spiritum</strong></span> <span class='ocrx_word' id='word_1_697' title='bbox 1770 5067 2015 5108; x_wconf 88' lang='lat' dir='ltr'><strong>sanctum</strong></span> <span class='ocrx_word' id='word_1_698' title='bbox 2047 5073 2106 5110; x_wconf 84' lang='lat' dir='ltr'><strong>ex</strong></span> <span class='ocrx_word' id='word_1_699' title='bbox 2163 5058 2320 5111; x_wconf 82' lang='lat' dir='ltr'><strong>Putre</strong></span> 
     </span>
    </p>
   </div>
   <div class='ocr_carea' id='block_1_97' title="bbox 762 5129 2320 5214">
    <p class='ocr_par' dir='ltr' id='par_1_97' title="bbox 762 5143 2320 5214">
     <span class='ocr_line' id='line_1_97' title="bbox 762 5143 2320 5214; baseline 0.005 -20"><span class='ocrx_word' id='word_1_700' title='bbox 762 5143 1004 5211; x_wconf 74' lang='lat' dir='ltr'><strong>Filioque</strong></span> <span class='ocrx_word' id='word_1_701' title='bbox 1056 5145 1392 5210; x_wconf 76' lang='lat' dir='ltr'><strong>procedere:</strong></span> <span class='ocrx_word' id='word_1_702' title='bbox 1435 5146 1580 5213; x_wconf 89' lang='lat' dir='ltr'><strong>quod</strong></span> <span class='ocrx_word' id='word_1_703' title='bbox 1624 5148 1713 5214; x_wconf 89' lang='lat' dir='ltr'><strong>qui</strong></span> <span class='ocrx_word' id='word_1_704' title='bbox 1765 5160 1977 5214; x_wconf 63' lang='lat' dir='ltr'><strong>negant,</strong></span> <span class='ocrx_word' id='word_1_705' title='bbox 2011 5151 2320 5202; x_wconf 85' lang='lat' dir='ltr'><strong>necessario</strong></span> 
     </span>
    </p>
   </div>
   <div class='ocr_carea' id='block_1_98' title="bbox 760 5237 2320 5310">
    <p class='ocr_par' dir='ltr' id='par_1_98' title="bbox 760 5237 2320 5310">
     <span class='ocr_line' id='line_1_98' title="bbox 760 5237 2320 5310; baseline 0.005 -23"><span class='ocrx_word' id='word_1_706' title='bbox 760 5247 883 5287; x_wconf 83' lang='lat' dir='ltr'><strong>sunt</strong></span> <span class='ocrx_word' id='word_1_707' title='bbox 919 5237 1174 5299; x_wconf 71' lang='lat' dir='ltr'><strong>luerelici,</strong></span> <span class='ocrx_word' id='word_1_708' title='bbox 1200 5245 1252 5289; x_wconf 92' lang='lat' dir='ltr'><strong>et</strong></span> <span class='ocrx_word' id='word_1_709' title='bbox 1272 5238 1620 5291; x_wconf 86' lang='lat' dir='ltr'><strong>scbismatici.</strong></span> <span class='ocrx_word' id='word_1_710' title='bbox 1659 5239 1837 5293; x_wconf 85' lang='lat' dir='ltr'><strong>Deliis</strong></span> <span class='ocrx_word' id='word_1_711' title='bbox 1869 5245 2047 5308; x_wconf 89' lang='lat' dir='ltr'><strong>itaque</strong></span> <span class='ocrx_word' id='word_1_712' title='bbox 2076 5259 2181 5310; x_wconf 56' lang='lat' dir='ltr'><strong>pra!</strong></span> <span class='ocrx_word' id='word_1_713' title='bbox 2204 5259 2320 5295; x_wconf 93' lang='lat' dir='ltr'><strong>om-</strong></span> 
     </span>
    </p>
   </div>
   <div class='ocr_carea' id='block_1_99' title="bbox 760 5331 2320 5396">
    <p class='ocr_par' dir='ltr' id='par_1_99' title="bbox 760 5331 2320 5396">
     <span class='ocr_line' id='line_1_99' title="bbox 760 5331 2320 5396; baseline 0.007 -18"><span class='ocrx_word' id='word_1_714' title='bbox 760 5331 918 5379; x_wconf 84' lang='lat' dir='ltr'><strong>nibus</strong></span> <span class='ocrx_word' id='word_1_715' title='bbox 949 5334 1269 5380; x_wconf 75' lang='lat' dir='ltr'><strong>:cstimarem</strong></span> <span class='ocrx_word' id='word_1_716' title='bbox 1295 5331 1466 5396; x_wconf 90' lang='lat' dir='ltr'><strong>ipsum</strong></span> <span class='ocrx_word' id='word_1_717' title='bbox 1502 5340 1550 5382; x_wconf 90' lang='lat' dir='ltr'><strong>te</strong></span> <span class='ocrx_word' id='word_1_718' title='bbox 1587 5335 1796 5394; x_wconf 86' lang='lat' dir='ltr'><strong>audire,</strong></span> <span class='ocrx_word' id='word_1_719' title='bbox 1832 5345 1884 5386; x_wconf 93' lang='lat' dir='ltr'><strong>ct</strong></span> <span class='ocrx_word' id='word_1_720' title='bbox 1909 5347 2081 5388; x_wconf 87' lang='lat' dir='ltr'><strong>tecum</strong></span> <span class='ocrx_word' id='word_1_721' title='bbox 2116 5337 2181 5390; x_wconf 90' lang='lat' dir='ltr'><strong>de</strong></span> <span class='ocrx_word' id='word_1_722' title='bbox 2205 5353 2320 5390; x_wconf 83' lang='lat' dir='ltr'><strong>oin-</strong></span> 
     </span>
    </p>
   </div>
   <div class='ocr_carea' id='block_1_100' title="bbox 761 5422 2320 5492">
    <p class='ocr_par' dir='ltr' id='par_1_100' title="bbox 761 5422 2320 5492">
     <span class='ocr_line' id='line_1_100' title="bbox 761 5422 2320 5492; baseline 0.009 -22"><span class='ocrx_word' id='word_1_723' title='bbox 761 5422 922 5472; x_wconf 88' lang='lat' dir='ltr'><strong>nibus</strong></span> <span class='ocrx_word' id='word_1_724' title='bbox 960 5423 1267 5486; x_wconf 88' lang='lat' dir='ltr'><strong>perquirere</strong></span> <span class='ocrx_word' id='word_1_725' title='bbox 1301 5441 1315 5472; x_wconf 89' lang='lat'><strong>:</strong></span> <span class='ocrx_word' id='word_1_726' title='bbox 1349 5437 1454 5475; x_wconf 90' lang='lat' dir='ltr'><strong>non</strong></span> <span class='ocrx_word' id='word_1_727' title='bbox 1503 5437 1716 5492; x_wconf 88' lang='lat' dir='ltr'><strong>propter</strong></span> <span class='ocrx_word' id='word_1_728' title='bbox 1755 5427 1987 5492; x_wconf 82' lang='lat' dir='ltr'><strong>aliquam</strong></span> <span class='ocrx_word' id='word_1_729' title='bbox 2020 5432 2320 5483; x_wconf 56' lang='lat' dir='ltr'><strong>contentio-</strong></span> 
     </span>
    </p>
   </div>
   <div class='ocr_carea' id='block_1_101' title="bbox 762 5515 2318 5584">
    <p class='ocr_par' dir='ltr' id='par_1_101' title="bbox 762 5515 2318 5584">
     <span class='ocr_line' id='line_1_101' title="bbox 762 5515 2318 5584; baseline 0.009 -20"><span class='ocrx_word' id='word_1_730' title='bbox 762 5530 903 5574; x_wconf 82' lang='lat' dir='ltr'><strong>nem,</strong></span> <span class='ocrx_word' id='word_1_731' title='bbox 935 5522 992 5564; x_wconf 92' lang='lat' dir='ltr'><strong>ut</strong></span> <span class='ocrx_word' id='word_1_732' title='bbox 1023 5515 1219 5582; x_wconf 88' lang='lat' dir='ltr'><strong>aliquis</strong></span> <span class='ocrx_word' id='word_1_733' title='bbox 1260 5525 1494 5582; x_wconf 84' lang='lat' dir='ltr'><strong>putaret,</strong></span> <span class='ocrx_word' id='word_1_734' title='bbox 1527 5519 1617 5570; x_wconf 91' lang='lat' dir='ltr'><strong>sed</strong></span> <span class='ocrx_word' id='word_1_735' title='bbox 1651 5521 1904 5584; x_wconf 89' lang='lat' dir='ltr'><strong>quoniam</strong></span> <span class='ocrx_word' id='word_1_736' title='bbox 1941 5537 2043 5574; x_wconf 90' lang='lat' dir='ltr'><strong>non</strong></span> <span class='ocrx_word' id='word_1_737' title='bbox 2076 5535 2157 5577; x_wconf 84' lang='lat' dir='ltr'><strong>est</strong></span> <span class='ocrx_word' id='word_1_738' title='bbox 2181 5527 2318 5578; x_wconf 88' lang='lat' dir='ltr'><strong>veri-</strong></span> 
     </span>
    </p>
   </div>
   <div class='ocr_carea' id='block_1_102' title="bbox 763 5607 2318 5675">
    <p class='ocr_par' dir='ltr' id='par_1_102' title="bbox 763 5607 2318 5675">
     <span class='ocr_line' id='line_1_102' title="bbox 763 5607 2318 5675; baseline 0.014 -23"><span class='ocrx_word' id='word_1_739' title='bbox 763 5607 934 5657; x_wconf 55' lang='lat' dir='ltr'><strong>simile</strong></span> <span class='ocrx_word' id='word_1_740' title='bbox 966 5617 1034 5669; x_wconf 91' lang='lat' dir='ltr'><strong>te,</strong></span> <span class='ocrx_word' id='word_1_741' title='bbox 1073 5624 1229 5675; x_wconf 86' lang='lat' dir='ltr'><strong>quem</strong></span> <span class='ocrx_word' id='word_1_742' title='bbox 1255 5610 1563 5663; x_wconf 79' lang='lat' dir='ltr'><strong>dilTercnter</strong></span> <span class='ocrx_word' id='word_1_743' title='bbox 1588 5614 1838 5666; x_wconf 82' lang='lat' dir='ltr'><strong>novimus</strong></span> <span class='ocrx_word' id='word_1_744' title='bbox 1866 5615 2112 5669; x_wconf 83' lang='lat' dir='ltr'><strong>virtutem</strong></span> <span class='ocrx_word' id='word_1_745' title='bbox 2149 5630 2200 5671; x_wconf 88' lang='lat' dir='ltr'><strong>et</strong></span> <span class='ocrx_word' id='word_1_746' title='bbox 2231 5637 2318 5673; x_wconf 87' lang='lat' dir='ltr'><strong>vc-</strong></span> 
     </span>
    </p>
   </div>
   <div class='ocr_carea' id='block_1_103' title="bbox 763 5694 2318 5776">
    <p class='ocr_par' dir='ltr' id='par_1_103' title="bbox 763 5694 2318 5776">
     <span class='ocr_line' id='line_1_103' title="bbox 763 5694 2318 5776; baseline 0.015 -37"><span class='ocrx_word' id='word_1_747' title='bbox 763 5694 968 5743; x_wconf 67' lang='grc' dir='ltr'>ιιιίιινιιι</span> <span class='ocrx_word' id='word_1_748' title='bbox 997 5712 1086 5760; x_wconf 74' lang='lat' dir='ltr'><strong>pt-r</strong></span> <span class='ocrx_word' id='word_1_749' title='bbox 1118 5702 1277 5749; x_wconf 76' lang='lat' dir='ltr'><strong>\tltitii</strong></span> <span class='ocrx_word' id='word_1_750' title='bbox 1306 5700 1593 5763; x_wconf 70' lang='lat' dir='ltr'><strong>colentem,</strong></span> <span class='ocrx_word' id='word_1_751' title='bbox 1622 5711 1673 5753; x_wconf 72' lang='grc' dir='ltr'>(ι</span> <span class='ocrx_word' id='word_1_752' title='bbox 1712 5701 1776 5754; x_wconf 79' lang='lat' dir='ltr'><strong>tle</strong></span> <span class='ocrx_word' id='word_1_753' title='bbox 1816 5703 1956 5755; x_wconf 88' lang='lat' dir='ltr'><strong>nulla</strong></span> <span class='ocrx_word' id='word_1_754' title='bbox 1992 5721 2048 5758; x_wconf 87' lang='lat' dir='ltr'><strong>re</strong></span> <span class='ocrx_word' id='word_1_755' title='bbox 2072 5707 2318 5776; x_wconf 70' lang='lat' dir='ltr'><strong>ligitiosis</strong></span> 
     </span>
    </p>
   </div>
   <div class='ocr_carea' id='block_1_104' title="bbox 764 5784 2314 5869">
    <p class='ocr_par' dir='ltr' id='par_1_104' title="bbox 764 5784 2314 5869">
     <span class='ocr_line' id='line_1_104' title="bbox 764 5784 2314 5869; baseline 0.016 -40"><span class='ocrx_word' id='word_1_756' title='bbox 764 5795 842 5830; x_wconf 76' lang='lat' dir='ltr'><strong>vt-t</strong></span> <span class='ocrx_word' id='word_1_757' title='bbox 863 5784 939 5833; x_wconf 69' lang='lat' dir='ltr'><strong>bis</strong></span> <span class='ocrx_word' id='word_1_758' title='bbox 968 5789 1304 5853; x_wconf 50' lang='lat' dir='ltr'><strong>gaudeatcir,</strong></span> <span class='ocrx_word' id='word_1_759' title='bbox 1334 5808 1505 5860; x_wconf 63' lang='grc' dir='ltr'>ιιι-ψη)</span> <span class='ocrx_word' id='word_1_760' title='bbox 1529 5794 1764 5848; x_wconf 58' lang='grc' dir='ltr'>ιὶιίιυιᾙ·</span> <span class='ocrx_word' id='word_1_761' title='bbox 1794 5797 2031 5863; x_wconf 84' lang='lat' dir='ltr'><strong>avidum,</strong></span> <span class='ocrx_word' id='word_1_762' title='bbox 2063 5814 2314 5869; x_wconf 61' lang='lat' dir='ltr'><strong>cuiquam</strong></span> 
     </span>
    </p>
   </div>
   <div class='ocr_carea' id='block_1_105' title="bbox 2493 4705 4005 4797">
    <p class='ocr_par' dir='ltr' id='par_1_105' title="bbox 2493 4705 4005 4797">
     <span class='ocr_line' id='line_1_105' title="bbox 2493 4705 4005 4797; baseline 0.015 -39"><span class='ocrx_word' id='word_1_763' title='bbox 2493 4705 2733 4761; x_wconf 89' lang='lat' dir='ltr'><strong>Tertium</strong></span> <span class='ocrx_word' id='word_1_764' title='bbox 2758 4719 2858 4771; x_wconf 73' lang='lat' dir='ltr'><strong>est,</strong></span> <span class='ocrx_word' id='word_1_765' title='bbox 2891 4711 3032 4778; x_wconf 89' lang='lat' dir='ltr'><strong>quod</strong></span> <span class='ocrx_word' id='word_1_766' title='bbox 3061 4729 3122 4766; x_wconf 78' lang='lat' dir='ltr'><strong>ex</strong></span> <span class='ocrx_word' id='word_1_767' title='bbox 3157 4717 3315 4771; x_wconf 89' lang='lat' dir='ltr'><strong>dictis</strong></span> <span class='ocrx_word' id='word_1_768' title='bbox 3337 4718 3530 4772; x_wconf 66' lang='lat' dir='ltr'><strong>divinae</strong></span> <span class='ocrx_word' id='word_1_769' title='bbox 3553 4722 3846 4792; x_wconf 70' lang='lat' dir='ltr'><strong>Scriptura:</strong></span> <span class='ocrx_word' id='word_1_770' title='bbox 3869 4728 4005 4797; x_wconf 86' lang='lat' dir='ltr'><strong>idip-</strong></span> 
     </span>
    </p>
   </div>
   <div class='ocr_carea' id='block_1_106' title="bbox 2423 4811 3135 4877">
    <p class='ocr_par' dir='ltr' id='par_1_106' title="bbox 2423 4811 3135 4877">
     <span class='ocr_line' id='line_1_106' title="bbox 2423 4811 3135 4877; baseline 0.02 -25"><span class='ocrx_word' id='word_1_771' title='bbox 2423 4815 2541 4852; x_wconf 82' lang='lat' dir='ltr'><strong>sum</strong></span> <span class='ocrx_word' id='word_1_772' title='bbox 2579 4816 2844 4858; x_wconf 85' lang='lat' dir='ltr'><strong>conantur</strong></span> <span class='ocrx_word' id='word_1_773' title='bbox 2868 4811 3135 4877; x_wconf 82' lang='lat' dir='ltr'><strong>colligere.</strong></span> 
     </span>
    </p>
   </div>
   <div class='ocr_carea' id='block_1_107' title="bbox 2487 4890 4003 4972">
    <p class='ocr_par' dir='ltr' id='par_1_107' title="bbox 2487 4890 4003 4972">
     <span class='ocr_line' id='line_1_107' title="bbox 2487 4890 4003 4972; baseline 0.022 -32"><span class='ocrx_word' id='word_1_774' title='bbox 2487 4890 2753 4955; x_wconf 84' lang='lat' dir='ltr'><strong>Quartum</strong></span> <span class='ocrx_word' id='word_1_775' title='bbox 2791 4908 2896 4961; x_wconf 89' lang='lat' dir='ltr'><strong>est,</strong></span> <span class='ocrx_word' id='word_1_776' title='bbox 2922 4902 3064 4968; x_wconf 90' lang='lat' dir='ltr'><strong>quod</strong></span> <span class='ocrx_word' id='word_1_777' title='bbox 3107 4912 3198 4971; x_wconf 84' lang='lat' dir='ltr'><strong>per</strong></span> <span class='ocrx_word' id='word_1_778' title='bbox 3235 4916 3425 4959; x_wconf 87' lang='lat' dir='ltr'><strong>natura</strong></span> <span class='ocrx_word' id='word_1_779' title='bbox 3461 4912 3618 4966; x_wconf 91' lang='lat' dir='ltr'><strong>nobis</strong></span> <span class='ocrx_word' id='word_1_780' title='bbox 3671 4914 3856 4969; x_wconf 65' lang='grc' dir='ltr'>ἱηιὶιειδ</span> <span class='ocrx_word' id='word_1_781' title='bbox 3907 4929 4003 4972; x_wconf 60' lang='lat' dir='ltr'><strong>na”</strong></span> 
     </span>
    </p>
   </div>
   <div class='ocr_carea' id='block_1_108' title="bbox 2412 4983 3584 5067">
    <p class='ocr_par' dir='ltr' id='par_1_108' title="bbox 2412 4983 3584 5067">
     <span class='ocr_line' id='line_1_108' title="bbox 2412 4983 3584 5067; baseline 0.018 -31"><span class='ocrx_word' id='word_1_782' title='bbox 2412 4983 2595 5038; x_wconf 48' lang='lat' dir='ltr'><strong>{ioncs</strong></span> <span class='ocrx_word' id='word_1_783' title='bbox 2625 4989 2994 5046; x_wconf 72' lang='lat' dir='ltr'><strong>demonstrare</strong></span> <span class='ocrx_word' id='word_1_784' title='bbox 3019 5000 3350 5063; x_wconf 83' lang='lat' dir='ltr'><strong>propositum</strong></span> <span class='ocrx_word' id='word_1_785' title='bbox 3376 5012 3584 5067; x_wconf 77' lang='lat' dir='ltr'><strong>putant.</strong></span> 
     </span>
    </p>
   </div>
   <div class='ocr_carea' id='block_1_109' title="bbox 2492 5076 3999 5167">
    <p class='ocr_par' dir='ltr' id='par_1_109' title="bbox 2492 5076 3999 5167">
     <span class='ocr_line' id='line_1_109' title="bbox 2492 5076 3999 5167; baseline 0.019 -41"><span class='ocrx_word' id='word_1_786' title='bbox 2492 5076 2657 5129; x_wconf 75' lang='lat' dir='ltr'><strong>l’ritni</strong></span> <span class='ocrx_word' id='word_1_787' title='bbox 2696 5083 2912 5146; x_wconf 89' lang='lat' dir='ltr'><strong>quidem</strong></span> <span class='ocrx_word' id='word_1_788' title='bbox 2947 5091 3157 5151; x_wconf 77' lang='lat' dir='ltr'><strong>generis</strong></span> <span class='ocrx_word' id='word_1_789' title='bbox 3182 5105 3501 5158; x_wconf 69' lang='lat' dir='ltr'><strong>argumenta</strong></span> <span class='ocrx_word' id='word_1_790' title='bbox 3534 5111 3636 5148; x_wconf 91' lang='lat' dir='ltr'><strong>uou</strong></span> <span class='ocrx_word' id='word_1_791' title='bbox 3665 5111 3866 5167; x_wconf 81' lang='lat' dir='ltr'><strong>cogunt</strong></span> <span class='ocrx_word' id='word_1_792' title='bbox 3913 5115 3999 5155; x_wconf 89' lang='lat' dir='ltr'><strong>tne</strong></span> 
     </span>
    </p>
   </div>
   <div class='ocr_carea' id='block_1_110' title="bbox 2420 5169 3998 5256">
    <p class='ocr_par' dir='ltr' id='par_1_110' title="bbox 2420 5169 3998 5256">
     <span class='ocr_line' id='line_1_110' title="bbox 2420 5169 3998 5256; baseline 0.016 -36"><span class='ocrx_word' id='word_1_793' title='bbox 2420 5169 2483 5220; x_wconf 92' lang='lat' dir='ltr'><strong>ad</strong></span> <span class='ocrx_word' id='word_1_794' title='bbox 2508 5171 2642 5223; x_wconf 79' lang='lat' dir='ltr'><strong>lianc</strong></span> <span class='ocrx_word' id='word_1_795' title='bbox 2667 5190 2907 5227; x_wconf 80' lang='lat' dir='ltr'><strong>causam.</strong></span> <span class='ocrx_word' id='word_1_796' title='bbox 2946 5177 3088 5229; x_wconf 86' lang='lat' dir='ltr'><strong>Duos</strong></span> <span class='ocrx_word' id='word_1_797' title='bbox 3110 5195 3228 5234; x_wconf 85' lang='lat' dir='ltr'><strong>esse</strong></span> <span class='ocrx_word' id='word_1_798' title='bbox 3259 5186 3446 5236; x_wconf 87' lang='lat' dir='ltr'><strong>modos</strong></span> <span class='ocrx_word' id='word_1_799' title='bbox 3477 5190 3788 5256; x_wconf 89' lang='lat' dir='ltr'><strong>accepimus</strong></span> <span class='ocrx_word' id='word_1_800' title='bbox 3809 5208 3998 5246; x_wconf 85' lang='lat' dir='ltr'><strong>eorum</strong></span> 
     </span>
    </p>
   </div>
   <div class='ocr_carea' id='block_1_111' title="bbox 2421 5261 4000 5336">
    <p class='ocr_par' dir='ltr' id='par_1_111' title="bbox 2421 5261 4000 5336">
     <span class='ocr_line' id='line_1_111' title="bbox 2421 5261 4000 5336; baseline 0.018 -28"><span class='ocrx_word' id='word_1_801' title='bbox 2421 5274 2540 5326; x_wconf 67' lang='lat' dir='ltr'><strong>quae</strong></span> <span class='ocrx_word' id='word_1_802' title='bbox 2572 5263 2636 5313; x_wconf 89' lang='lat' dir='ltr'><strong>de</strong></span> <span class='ocrx_word' id='word_1_803' title='bbox 2675 5261 2779 5316; x_wconf 84' lang='lat' dir='ltr'><strong>Deo</strong></span> <span class='ocrx_word' id='word_1_804' title='bbox 2806 5268 3188 5331; x_wconf 62' lang='lat' dir='ltr'><strong>praedicantur.</strong></span> <span class='ocrx_word' id='word_1_805' title='bbox 3225 5273 3336 5323; x_wconf 81' lang='lat' dir='ltr'><strong>Alia</strong></span> <span class='ocrx_word' id='word_1_806' title='bbox 3367 5275 3511 5326; x_wconf 85' lang='lat' dir='ltr'><strong>enim</strong></span> <span class='ocrx_word' id='word_1_807' title='bbox 3535 5293 3725 5330; x_wconf 88' lang='lat' dir='ltr'><strong>eorum</strong></span> <span class='ocrx_word' id='word_1_808' title='bbox 3750 5293 3878 5334; x_wconf 88' lang='lat' dir='ltr'><strong>sunt</strong></span> <span class='ocrx_word' id='word_1_809' title='bbox 3905 5300 4000 5336; x_wconf 81' lang='lat' dir='ltr'><strong>na-</strong></span> 
     </span>
    </p>
   </div>
   <div class='ocr_carea' id='block_1_112' title="bbox 2423 5355 4000 5440">
    <p class='ocr_par' dir='ltr' id='par_1_112' title="bbox 2423 5355 4000 5440">
     <span class='ocr_line' id='line_1_112' title="bbox 2423 5355 4000 5440; baseline 0.018 -40"><span class='ocrx_word' id='word_1_810' title='bbox 2423 5359 2554 5402; x_wconf 76' lang='lat' dir='ltr'><strong>tura:</strong></span> <span class='ocrx_word' id='word_1_811' title='bbox 2604 5365 2654 5403; x_wconf 87' lang='lat' dir='ltr'><strong>et</strong></span> <span class='ocrx_word' id='word_1_812' title='bbox 2713 5355 3051 5420; x_wconf 67' lang='lat' dir='ltr'><strong>substantiae,</strong></span> <span class='ocrx_word' id='word_1_813' title='bbox 3104 5370 3155 5412; x_wconf 87' lang='lat' dir='ltr'><strong>et</strong></span> <span class='ocrx_word' id='word_1_814' title='bbox 3203 5366 3358 5428; x_wconf 84' lang='lat' dir='ltr'><strong>quasi</strong></span> <span class='ocrx_word' id='word_1_815' title='bbox 3405 5369 3821 5425; x_wconf 79' lang='lat' dir='ltr'><strong>substantialia:</strong></span> <span class='ocrx_word' id='word_1_816' title='bbox 3879 5389 4000 5440; x_wconf 64' lang='lat' dir='ltr'><strong>qua:</strong></span> 
     </span>
    </p>
   </div>
   <div class='ocr_carea' id='block_1_113' title="bbox 2422 5439 3992 5524">
    <p class='ocr_par' dir='ltr' id='par_1_113' title="bbox 2422 5439 3992 5524">
     <span class='ocr_line' id='line_1_113' title="bbox 2422 5439 3992 5524; baseline 0.017 -36"><span class='ocrx_word' id='word_1_817' title='bbox 2422 5439 2669 5493; x_wconf 80' lang='lat' dir='ltr'><strong>videlicet</strong></span> <span class='ocrx_word' id='word_1_818' title='bbox 2697 5451 2749 5494; x_wconf 89' lang='lat' dir='ltr'><strong>et</strong></span> <span class='ocrx_word' id='word_1_819' title='bbox 2780 5445 2993 5498; x_wconf 89' lang='lat' dir='ltr'><strong>divisim</strong></span> <span class='ocrx_word' id='word_1_820' title='bbox 3023 5451 3088 5500; x_wconf 89' lang='lat' dir='ltr'><strong>de</strong></span> <span class='ocrx_word' id='word_1_821' title='bbox 3119 5451 3354 5515; x_wconf 72' lang='lat' dir='ltr'><strong>qualibet</strong></span> <span class='ocrx_word' id='word_1_822' title='bbox 3410 5455 3570 5508; x_wconf 83' lang='lat' dir='ltr'><strong>trium</strong></span> <span class='ocrx_word' id='word_1_823' title='bbox 3632 5439 3992 5524; x_wconf 81' lang='lat' dir='ltr'><strong>personarum</strong></span> 
     </span>
    </p>
   </div>
   <div class='ocr_carea' id='block_1_114' title="bbox 2425 5536 3995 5615">
    <p class='ocr_par' dir='ltr' id='par_1_114' title="bbox 2425 5536 3995 5615">
     <span class='ocr_line' id='line_1_114' title="bbox 2425 5536 3995 5615; baseline 0.018 -36"><span class='ocrx_word' id='word_1_824' title='bbox 2425 5536 2810 5600; x_wconf 54' lang='lat' dir='ltr'><strong>pradicantur,</strong></span> <span class='ocrx_word' id='word_1_825' title='bbox 2839 5550 2888 5590; x_wconf 84' lang='lat' dir='ltr'><strong>et</strong></span> <span class='ocrx_word' id='word_1_826' title='bbox 2915 5542 3076 5592; x_wconf 85' lang='lat' dir='ltr'><strong>simul</strong></span> <span class='ocrx_word' id='word_1_827' title='bbox 3114 5546 3178 5595; x_wconf 84' lang='lat' dir='ltr'><strong>de</strong></span> <span class='ocrx_word' id='word_1_828' title='bbox 3209 5545 3382 5599; x_wconf 68' lang='lat' dir='ltr'><strong>llinlls</strong></span> <span class='ocrx_word' id='word_1_829' title='bbox 3406 5548 3773 5615; x_wconf 76' lang='lat' dir='ltr'><strong>singulariter,</strong></span> <span class='ocrx_word' id='word_1_830' title='bbox 3803 5564 3860 5605; x_wconf 90' lang='lat' dir='ltr'><strong>ut</strong></span> <span class='ocrx_word' id='word_1_831' title='bbox 3895 5556 3995 5608; x_wconf 81' lang='lat' dir='ltr'><strong>bo-</strong></span> 
     </span>
    </p>
   </div>
   <div class='ocr_carea' id='block_1_115' title="bbox 2422 5630 3993 5702">
    <p class='ocr_par' dir='ltr' id='par_1_115' title="bbox 2422 5630 3993 5702">
     <span class='ocr_line' id='line_1_115' title="bbox 2422 5630 3993 5702; baseline 0.018 -29"><span class='ocrx_word' id='word_1_832' title='bbox 2422 5630 3231 5697; x_wconf 75' lang='lat' dir='ltr'><strong>num,sapiens,omnipotens,</strong></span> <span class='ocrx_word' id='word_1_833' title='bbox 3300 5639 3517 5702; x_wconf 58' lang='lat' dir='ltr'><strong>veritas,</strong></span> <span class='ocrx_word' id='word_1_834' title='bbox 3579 5653 3631 5694; x_wconf 90' lang='lat' dir='ltr'><strong>et</strong></span> <span class='ocrx_word' id='word_1_835' title='bbox 3687 5645 3813 5695; x_wconf 86' lang='lat' dir='ltr'><strong>alia.</strong></span> <span class='ocrx_word' id='word_1_836' title='bbox 3877 5644 3993 5701; x_wconf 79' lang='lat' dir='ltr'><strong>Non</strong></span> 
     </span>
    </p>
   </div>
   <div class='ocr_carea' id='block_1_116' title="bbox 2418 5715 3995 5798">
    <p class='ocr_par' dir='ltr' id='par_1_116' title="bbox 2418 5715 3995 5798">
     <span class='ocr_line' id='line_1_116' title="bbox 2418 5715 3995 5798; baseline 0.015 -32"><span class='ocrx_word' id='word_1_837' title='bbox 2418 5715 2559 5766; x_wconf 86' lang='lat' dir='ltr'><strong>enim</strong></span> <span class='ocrx_word' id='word_1_838' title='bbox 2596 5718 2828 5772; x_wconf 73' lang='lat' dir='ltr'><strong>dicimus</strong></span> <span class='ocrx_word' id='word_1_839' title='bbox 2880 5719 3115 5784; x_wconf 68' lang='lat' dir='ltr'><strong>Patrem,</strong></span> <span class='ocrx_word' id='word_1_840' title='bbox 3153 5723 3342 5776; x_wconf 78' lang='lat' dir='ltr'><strong>Filium</strong></span> <span class='ocrx_word' id='word_1_841' title='bbox 3372 5739 3425 5779; x_wconf 89' lang='lat' dir='ltr'><strong>et</strong></span> <span class='ocrx_word' id='word_1_842' title='bbox 3454 5731 3713 5798; x_wconf 76' lang='lat' dir='ltr'><strong>Spiritum</strong></span> <span class='ocrx_word' id='word_1_843' title='bbox 3745 5748 3995 5791; x_wconf 84' lang='lat' dir='ltr'><strong>sanctum</strong></span> 
     </span>
    </p>
   </div>
   <div class='ocr_carea' id='block_1_117' title="bbox 2419 5817 3992 5897">
    <p class='ocr_par' dir='ltr' id='par_1_117' title="bbox 2419 5817 3992 5897">
     <span class='ocr_line' id='line_1_117' title="bbox 2419 5817 3992 5897; baseline 0.015 -35"><span class='ocrx_word' id='word_1_844' title='bbox 2419 5821 2526 5866; x_wconf 69' lang='lat' dir='ltr'><strong>tres</strong></span> <span class='ocrx_word' id='word_1_845' title='bbox 2556 5827 2672 5866; x_wconf 74' lang='lat' dir='ltr'><strong>esse</strong></span> <span class='ocrx_word' id='word_1_846' title='bbox 2713 5817 3001 5883; x_wconf 74' lang='lat' dir='ltr'><strong>sapientes,</strong></span> <span class='ocrx_word' id='word_1_847' title='bbox 3035 5818 3112 5871; x_wconf 83' lang='lat' dir='ltr'><strong>vel</strong></span> <span class='ocrx_word' id='word_1_848' title='bbox 3150 5819 3334 5886; x_wconf 65' lang='lat' dir='ltr'><strong>bonos,</strong></span> <span class='ocrx_word' id='word_1_849' title='bbox 3372 5827 3448 5878; x_wconf 81' lang='lat' dir='ltr'><strong>\t-I</strong></span> <span class='ocrx_word' id='word_1_850' title='bbox 3487 5829 3881 5897; x_wconf 62' lang='lat' dir='ltr'><strong>omnipotentes</strong></span> <span class='ocrx_word' id='word_1_851' title='bbox 3909 5828 3992 5888; x_wconf 81' lang='lat' dir='ltr'><strong>vel</strong></span> 
     </span>
    </p>
   </div>
  </div>
