4450 6440
381 427 517 498 1285

1522 420 1769 484 EI’IST.
1805 419 1908 478 AD
1964 421 2053 479 ΒΛ
2072 423 2081 476 i
2099 421 2324 482 ΑΛΛΜ
2343 421 2475 481 ΠΜ.

3510 419 3643 487 1286

380 549 508 608 alia,
538 545 629 602 sed
655 552 766 599 tres
797 556 964 598 unum
1015 555 1139 598 esse
1167 538 1469 610 sapientem
1522 546 1575 593 et
1621 537 1977 607 oninipoten-
2016 547 2058 598 Α
2091 535 2462 589 substantiam
2495 534 2798 591 unitatem:
2835 532 2964 605 quia
3004 549 3108 588 una
3143 545 3226 590 est
3277 550 3466 591 eorum
3535 539 3668 592 sub-

383 651 489 694 tein
520 647 570 691 cl.
595 635 818 701 bonum,
846 632 1305 710 quemadmodum
1338 639 1390 685 et
1422 644 1589 684 unum
1622 627 1816 683 Deum.
1851 628 1972 682 Alia

380 742 509 784 vero
534 735 656 784 sunt
679 725 980 796 personalia
1013 734 1065 782 et
1093 723 1445 792 signitlcativa
1467 736 1821 792 personarum
1840 721 1980 786 inter

380 834 441 874 se
463 818 738 874 rotationis
758 836 773 884 ;
804 831 924 887 qua
941 817 1189 872 videlicet
1206 816 1353 869 nullo
1372 813 1532 867 modo
1551 822 1777 882 possunt
1794 812 1981 882 singu-

382 909 569 968 lariter
595 911 662 966 de
691 911 865 965 tribus
886 910 1048 964 simul
1069 906 1375 979 praedicari.
1393 905 1512 961 Non
1531 906 1675 959 enim
1703 915 1808 959 tres
1838 919 1978 957 unus

383 1010 467 1055 est
503 997 682 1062 Pater,
717 998 798 1053 vel
829 1013 972 1052 unus
998 995 1195 1059 Filius,
1229 996 1312 1050 vel
1345 1011 1489 1050 unus
1518 993 1821 1064 ingenitus.
1870 993 1977 1046 Ta-

383 1093 514 1146 lium
554 1091 718 1161 igitur
741 1099 844 1155 est,
880 1098 935 1143 et
965 1090 1177 1159 spirare
1214 1086 1481 1157 Spiritum
1532 1096 1588 1140 et
1650 1086 1976 1155 principium

382 1198 503 1239 esse
531 1182 712 1252 hujus.
746 1179 865 1235 Non
901 1182 1049 1236 enim
1083 1189 1195 1235 tres
1244 1194 1492 1250 personae
1550 1193 1692 1233 unus
1745 1180 1978 1246 spirator

383 1287 486 1330 cst.
524 1274 702 1341 Quare
732 1275 836 1328 hoc
865 1272 1209 1343 suppositum
1271 1286 1392 1327 esse
1446 1270 1501 1325 in
1560 1272 1675 1326 sola
1735 1269 1977 1339 ingenita

382 1383 637 1438 persona,
667 1383 773 1422 non
821 1367 984 1422 faciet
1019 1365 1380 1420 diﬂ'erentiam
1405 1363 1814 1418 substantialem
1861 1365 1979 1431 ejus

382 1474 435 1514 et
460 1460 602 1524 Filii,
641 1475 738 1515 nec
770 1467 1086 1528 corrumpet
1118 1473 1308 1513 eorum
1347 1453 1652 1510 secundum
1717 1456 1978 1510 substan-

383 1554 512 1610 tialtt
537 1551 897 1606 identitatem.
927 1549 1064 1606 Nam
1084 1565 1209 1606 cum
1235 1549 1471 1612 ingenita
1498 1563 1732 1618 persona
1777 1547 1977 1603 haheat

382 1644 662 1713 aequaliter
691 1653 744 1698 et
772 1657 1031 1712 generare
1058 1651 1112 1696 et
1171 1643 1401 1710 spirare,
1461 1649 1514 1696 et
1543 1655 1649 1695 non
1701 1639 1870 1708 magis
1902 1640 1980 1694 al-

386 1749 561 1790 terum
594 1752 752 1805 quain
794 1736 1026 1789 alterum
1063 1775 1076 1800 ,
1124 1733 1250 1788 licet
1286 1734 1354 1788 ab
1404 1733 1594 1796 altero,
1640 1742 1898 1802 tanquam
1948 1748 1978 1786 a

385 1829 559 1898 magis
592 1839 744 1894 noto,
772 1828 1084 1880 nominetur
1116 1824 1316 1880 Pater:
1349 1823 1813 1893 quemadmodum
1844 1823 1976 1878 sub-

387 1921 656 1977 stantialis
695 1919 952 1974 identitas
984 1919 1103 1987 ejus
1129 1927 1182 1970 et
1204 1915 1440 1985 Spiritus
1472 1917 1643 1968 sancti
1681 1931 1786 1969 non
1839 1916 1980 1982 cogit

390 2014 677 2079 Spiritum,
711 2021 770 2066 ut
805 2023 860 2065 et
891 2013 1004 2079 ipse
1034 2017 1275 2079 generet,
1300 2008 1395 2061 sed
1437 2008 1599 2060 etiam
1651 2023 1760 2060 non
1818 2021 1981 2073 gene-

388 2117 538 2160 rante
573 2106 710 2173 ipso,
738 2105 984 2157 salvator
1015 2102 1134 2168 ejus
1167 2099 1466 2154 secundum
1510 2098 1877 2153 substantiam
1908 2099 1976 2150 ad

389 2198 683 2262 ingenitam
722 2207 1008 2262 personam
1040 2190 1298 2244 identitas
1338 2205 1352 2254 ;
1419 2190 1490 2241 ita
1518 2198 1668 2241 certe
1716 2189 1978 2241 substan-

390 2288 536 2342 tialis
568 2288 824 2340 identitas
883 2285 1002 2353 ejus
1059 2283 1237 2336 Patris
1268 2291 1320 2335 et
1380 2279 1499 2332 Filii
1563 2294 1669 2332 non
1723 2288 1876 2346 coget
1926 2288 1978 2332 et

391 2381 586 2433 Filium
618 2383 826 2447 spirare
853 2376 1140 2445 Spiritum,
1174 2375 1269 2427 sed
1296 2372 1482 2435 etiam,
1532 2370 1650 2440 ipso
1706 2385 1812 2423 non
1835 2362 1978 2437 'spi-

393 2483 545 2526 rante
569 2473 768 2541 ipsum,
790 2469 1090 2523 salvabitur
1123 2472 1312 2534 utique
1345 2467 1464 2535 ejus
1493 2468 1558 2517 ad
1586 2465 1801 2517 Patrem
1847 2463 1978 2518 sub-

389 2563 950 2618 stantialisidentitas.
982 2560 1324 2628 Quapropter
1377 2557 1512 2610 nihil
1564 2558 1736 2626 magis
1771 2557 1977 2609 moveri

391 2671 612 2725 possum
639 2669 732 2722 per
770 2651 1080 2721 hujusuiodi
1120 2658 1468 2718 argumenta.

461 2751 566 2807 Sed
602 2751 760 2802 venio
776 2750 842 2801 ad
877 2748 1142 2808 secunda,
1172 2762 1292 2814 quae
1325 2744 1578 2797 videlicet
1601 2760 1666 2796 ex
1700 2742 1973 2812 personali

389 2844 692 2897 differentia
723 2838 844 2892 Filii
910 2839 976 2892 ad
1033 2835 1298 2906 Spiritum
1334 2835 1536 2887 lat-iniit
1575 2832 1975 2903 syilogisnium.

387 2934 605 2987 Certum
649 2930 921 2998 est,quod
971 2943 1037 2980 ex
1071 2944 1126 2980 re
1176 2928 1388 2995 penitus
1444 2927 1648 2993 ignota,
1692 2932 1745 2977 et
1804 2939 1979 2991 neque

390 3025 640 3092 intelligi,
669 3036 841 3089 neque
872 3020 982 3074 dici
1017 3028 1234 3087 potente
1294 3017 1426 3069 nzliil
1465 3017 1798 3085 syllooistiee
1844 3031 1976 3069 cono

389 3118 533 3172 cludi
563 3127 618 3171 et
645 3114 876 3169 inveniri
904 3123 1106 3184 potest.
1138 3115 1206 3166 At
1237 3129 1368 3167 vero
1393 3111 1638 3181 przeclari
1664 3121 1970 3163 nostrorum

391 3224 706 3267 sanctorum
736 3211 1024 3266 doctoiuui
1060 3207 1395 3267 testimonio,
1435 3219 1748 3273 quanquam
1787 3217 1972 3270 perso-

393 3293 588 3357 naliter
621 3301 839 3355 diﬂerre
873 3298 1070 3352 Filium
1115 3314 1142 3350 a
1179 3298 1384 3364 Spiritu
1422 3301 1762 3357 conlitentes,
1798 3306 1976 3347 tamen

393 3398 785 3450 interdixerth
862 3393 1018 3445 nobis
1083 3391 1403 3459 investigare
1465 3390 1628 3457 hujus
1660 3384 1979 3441 differentia:

394 3489 638 3553 modum,
673 3486 937 3548 dicentes,
973 3484 1187 3552 penitus
1224 3482 1554 3550 inip0ssibile
1603 3497 1746 3544 esse,
1779 3498 1805 3533 a
1839 3494 1978 3550 quo-

391 3597 550 3650 quam
590 3581 838 3632 incarne
898 3577 1188 3628 viventium
1244 3575 1553 3643 hujusinodi
1615 3574 1975 3627 dilicrentiain

391 3674 675 3727 distincte.
712 3668 937 3737 intelligi
991 3678 1038 3721 et
1101 3668 1358 3736 exprimi.
1417 3667 1596 3732 Quare
1651 3665 1782 3736 quid
1817 3681 1883 3719 ex
1915 3679 1978 3719 ea

391 3764 639 3818 concludi
676 3761 881 3830 possit?

463 3858 633 3912 Video
671 3871 856 3909 rursus
887 3851 1178 3907 nonnullos
1205 3849 1525 3904 Latinorum
1580 3851 1650 3904 ita
1705 3864 1887 3920 aperte
1929 3862 1982 3906 et

393 3953 647 4007 distincte
673 3949 1038 4016 exprimentes
1070 3943 1457 4006 differentiam,
1512 3959 1620 4014 qua
1653 3944 1832 3998 dili‘ert
1860 3944 1980 4013 Spi-

395 4047 532 4098 ritus
569 4050 790 4094 sanctus
827 4052 855 4089 a
890 4033 1047 4099 Filio,
1071 4036 1307 4089 utetiam
1355 4049 1449 4104 per
1490 4050 1848 4104 quoscunque
1881 4040 1977 4091 lio-

395 4150 589 4196 mines,
622 4132 664 4184 si
700 4129 868 4183 solum
917 4127 1404 4196 quantulacunque
1472 4141 1537 4179 ex
1601 4139 1751 4194 parte
1802 4138 1981 4181 mente

394 4235 644 4286 Utuntur,
672 4222 841 4291 possit
881 4219 1132 4288 intelligi.
1165 4216 1304 4286 Ergo
1356 4233 1480 4270 cum
1537 4217 1670 4270 nihil
1713 4217 1979 4285 videatur,

395 4329 614 4385 propter
640 4318 781 4384 quod
847 4313 898 4367 hi
930 4312 1032 4366 fide
1061 4310 1340 4376 digniores
1393 4320 1449 4363 et
1485 4310 1708 4377 majoris
1744 4312 1985 4365 auctori-

393 4411 520 4463 tatis
547 4407 651 4461 illis
674 4407 728 4460 in
756 4407 918 4459 tantis
952 4405 1113 4458 rebus
1141 4403 1482 4456 instituentur
1510 4417 1524 4454 :
1557 4417 1771 4471 nequeo
1804 4418 1982 4473 magis

2082 627 2302 690 stantia,
2343 627 2536 688 virtus,
2598 626 2870 689 voluntas,
2932 625 3198 693 sapientia
3255 637 3308 681 et
3360 637 3562 695 actus,
3616 638 3669 682 et

2083 727 2300 787 propter
2319 717 2434 772 hac
2475 717 2588 772 sola
2609 718 2807 774 dicitur
2828 732 2950 774 esse
2981 718 3069 772 hic
3107 718 3250 787 ejus.
3300 718 3668 786 Quemadmo-

2082 807 2209 860 dum
2241 820 2268 860 e
2299 820 2562 862 converso
2601 805 2694 860 Dei
2728 804 2964 881 Verbum
3000 807 3214 878 gladius
3239 808 3437 863 dicitur
3469 825 3668 865 secun-

2080 893 2209 948 dum
2242 896 2560 964 Apostolum
2598 896 2833 966 Spiritus
2855 899 2894 948 ⁸.

2155 989 2309 1042 Alius
2332 1004 2524 1044 rursus
2543 989 2711 1054 dicat,
2737 990 2864 1058 quia
2888 1005 2994 1043 non
3017 991 3192 1045 solum
3223 1000 3445 1060 propter
3469 1007 3592 1061 qute
3617 1005 3670 1048 tu

2081 1078 2239 1144 dicis,
2269 1095 2452 1134 verum
2502 1081 2663 1135 etiam
2701 1090 2758 1133 ut
2787 1096 2854 1135 ex
2883 1082 2985 1136 hoc
3015 1083 3379 1154 intelligamus
3405 1085 3671 1154 Spiritum

2082 1181 2355 1234 sanctum,
2377 1183 2429 1224 et
2457 1186 2524 1225 ex
2561 1174 2679 1239 ipso
2708 1171 2848 1227 Filio
2895 1173 3192 1241 procedere
3221 1193 3232 1228 :
3271 1191 3371 1246 ego
3403 1178 3672 1246 cogitans,

2082 1266 2226 1334 quod
2253 1265 2414 1318 etiam
2443 1266 2740 1320 secundum
2789 1267 2940 1321 illum
2974 1285 3196 1322 sensum
3260 1279 3469 1326 tantum
3525 1274 3678 1328 sudi-

2083 1359 2286 1413 cienter
2316 1369 2500 1428 posset
2528 1359 2766 1427 Spiritus
2802 1373 3025 1416 sanctus
3054 1360 3174 1416 Filii
3221 1378 3362 1429 esse,
3400 1365 3590 1421 haesito
3622 1377 3679 1426 et

2082 1465 2190 1504 non
2219 1450 2415 1514 habeo,
2450 1451 2540 1505 cui
2584 1453 2755 1522 magis
2786 1454 3077 1507 assentiar.

2156 1544 2419 1599 Similiter
2446 1546 2678 1601 mittitur
2708 1549 2893 1604 multis
2928 1549 3065 1605 locis
3094 1549 3394 1622 Scriptura:
3435 1553 3676 1626 Spiritus

2083 1647 2112 1687 a
2152 1631 2310 1687 Filio.
2336 1633 2481 1703 Ergo
2541 1636 2585 1690 si
2620 1651 2762 1691 unus
2808 1638 2974 1699 dicat,
3008 1641 3153 1708 quod
3207 1642 3667 1709 quemadmodum

2086 1725 2282 1790 Filius,
2325 1731 2802 1798 propterincarne
2840 1734 2905 1786 ad
2943 1749 3045 1787 nos
3091 1735 3590 1794 manifestationem
3623 1749 3677 1793 et

2086 1819 2376 1872 adventum
2407 1820 2608 1874 dicitur
2635 1822 2772 1874 mitti
2809 1823 2973 1876 etiam
3030 1823 3294 1893 aSpii-itu
3351 1842 3568 1895 sancto,
3615 1841 3676 1886 ut

2087 1911 2136 1963 in
2175 1909 2307 1964 Isaia
2338 1913 2604 1979 scriptum
2629 1913 2751 1965 est’
2781 1933 2795 1967 :
2825 1914 2894 1966 ita
2926 1925 2980 1968 et
3006 1915 3245 1984 Spiritus
3269 1933 3510 1983 sanctus,
3540 1938 3678 1991 quo-

2085 2003 2227 2055 niam
2266 2002 2317 2055 in
2347 2003 2626 2072 aliquibus
2655 2004 2826 2073 signis
2858 2008 3016 2061 nobis
3067 2011 3451 2066 inanilestatns
3479 2025 3584 2074 est,
3623 2027 3679 2069 et

2083 2092 2150 2146 ad
2181 2109 2279 2148 nos
2317 2095 2529 2149 venisse
2559 2098 2932 2163 teniporaliter
2987 2098 3222 2167 dicitur,
3258 2119 3378 2172 qua:
3425 2110 3576 2176 signa
3603 2110 3677 2165 si-

2082 2186 2409 2254 gniticabant
2472 2189 2691 2258 quidem
2747 2191 3093 2246 solummodo
3144 2196 3320 2263 ipsum
3371 2200 3674 2268 Spiritum,

2081 2276 2220 2331 facta
2260 2295 2387 2332 vero
2421 2290 2581 2333 erant
2609 2296 2638 2332 a
2673 2291 2781 2334 tota
2821 2281 3125 2350 Trinitate;
3163 2299 3383 2355 propter
3416 2293 3519 2346 hoc
3549 2303 3675 2346 tan-

2084 2379 2216 2432 tum,
2258 2380 2312 2422 et
2345 2385 2453 2423 non
2483 2381 2703 2439 propter
2734 2374 2902 2437 aliud,
2939 2376 3141 2429 dicitur
3173 2389 3224 2432 vt
3254 2396 3281 2432 a
3317 2379 3456 2434 Filio
3488 2385 3624 2437 mitti
3654 2403 3670 2451 ;

2082 2460 2221 2515 alius
2285 2462 2411 2514 item
2475 2462 2643 2527 dicat,
2680 2465 2821 2532 quod
2889 2482 2994 2519 non
3034 2469 3210 2522 solum
3269 2485 3492 2542 propter
3549 2478 3674 2540 hoc,

2080 2555 2172 2607 sed
2208 2563 2408 2607 utcuin
2463 2555 2545 2608 his
2601 2555 2779 2610 adhuc
2808 2567 2862 2610 et
2922 2558 3052 2611 illud
3118 2561 3511 2634 intelligamus,
3548 2572 3677 2636 quia

2081 2642 2318 2713 Spiritus
2378 2654 2431 2698 et
2459 2663 2522 2699 ex
2555 2646 2692 2699 Filio
2735 2651 2976 2715 procedit
3002 2666 3017 2703 ς
3043 2657 3380 2720 perpendens
3425 2675 3525 2729 ego
3558 2679 3678 2714 rur-

2079 2753 2195 2803 sus,
2228 2739 2372 2806 quod
2399 2739 2562 2792 etiam
2598 2740 2640 2792 si
2694 2757 2799 2794 non
2838 2745 3093 2809 procedat
3139 2745 3376 2814 Spiritus
3406 2765 3460 2805 et
3485 2769 3548 2806 ex
3584 2753 3676 2808 Fi-

2082 2834 2175 2893 lio,
2215 2843 2392 2884 tamen
2427 2842 2480 2883 et
2509 2834 2808 2886 secundum
2861 2836 3010 2889 illum
3035 2855 3256 2894 sensum
3283 2851 3492 2898 tantum
3526 2847 3678 2900 sul'li-

2079 2925 2284 2980 cienter
2321 2925 2506 2992 utique
2550 2926 2822 2978 diceretur
2865 2928 2932 2980 ab
2963 2929 3080 2996 ipso
3153 2933 3333 2987 mitti:
3389 2939 3576 2992 eadem
3605 2941 3678 2994 si-

2080 3016 2278 3069 militer
2299 3016 2553 3068 detentus
2581 3031 2702 3069 sum
2736 3017 3102 3074 dubitatione.

2150 3106 2364 3160 Rursus
2416 3107 2468 3158 in
2495 3122 2650 3160 sacra
2689 3107 2972 3176 Scriptura
3009 3127 3072 3163 ex
3139 3111 3274 3167 Filio
3323 3117 3572 3185 accipi-re
3601 3120 3682 3173 di'

2087 3196 2227 3250 citur
2252 3196 2504 3264 Spiritus,
2545 3211 2596 3250 et
2627 3200 2695 3251 ab
2741 3200 2857 3267 ipso
2885 3200 3197 3257 insulﬂante
3236 3206 3355 3260 daii
3380 3209 3430 3263 ³.
3458 3208 3596 3277 Ergo
3633 3215 3679 3267 si

2087 3304 2231 3343 Unus
2265 3288 2427 3350 dicat,
2460 3292 2715 3358 quoniam
2748 3292 2861 3361 ipse
2883 3293 2971 3346 Dei
3000 3294 3165 3350 Filius
3191 3313 3383 3366 magna
3433 3302 3679 3368 quadam

2086 3382 2298 3436 dixerat
2328 3384 2392 3437 de
2429 3382 2632 3451 Spiritu
2651 3396 2877 3439 sancto:
2909 3388 3036 3455 quia
3086 3389 3350 3444 adversus
3377 3407 3501 3445 eum
3538 3394 3684 3448 blas-

2087 3474 2306 3542 phemia
2341 3475 2736 3531 irremissibilis
2769 3488 2874 3542 est,
2911 3491 2962 3532 et
3003 3481 3131 3546 quia
3164 3483 3280 3548 ipse
3304 3485 3486 3539 omnia
3518 3487 3683 3541 doce-

2087 3566 2164 3619 bit
2193 3575 2247 3618 et
2282 3565 2628 3618 annuntiabit
2668 3573 2721 3618 et
2763 3566 2957 3633 diriget
3001 3569 3066 3620 ad
3095 3585 3312 3622 onmem
3371 3575 3679 3634 veritatem.

2086 3666 2140 3711 et
2185 3655 2503 3724 simpliciter
2587 3655 2978 3710 charismatum
3064 3660 3511 3715 distributionem
3571 3665 3680 3733 ipsi

2087 3749 2407 3804 attribuerat
2438 3765 2452 3802 :
2484 3759 2540 3802 ut
2569 3764 2674 3802 non
2720 3750 2992 3803 aestiment
3013 3755 3260 3821 apostoli,
3315 3757 3396 3809 vel
3437 3767 3560 3824 post
3589 3774 3686 3812 eos

2088 3840 2295 3905 fideles,
2339 3840 2561 3908 majoris
2601 3840 2879 3908 dignitatis
2937 3857 3002 3894 ac
3041 3846 3296 3910 potentia:
3345 3863 3465 3901 esse
3515 3848 3690 3916 Spiri-

2089 3944 2202 3988 tum
2248 3948 2410 4001 quam
2469 3931 2712 3985 Filium:
2775 3931 2896 3985 ideo
2953 3935 3129 3988 solum
3186 3943 3240 3990 et
3292 3953 3402 3994 non
3463 3950 3686 4009 propter

2090 4023 2236 4078 aliud
2267 4023 2423 4086 dixit,
2459 4023 2603 4091 quod
2671 4022 2906 4090 Spiritus
2958 4035 3183 4081 Sanctus
3214 4044 3280 4081 ex
3313 4046 3377 4083 eo
3429 4030 3683 4101 accipiet,

2089 4133 2211 4185 qua:
2246 4117 2544 4178 nuntiabit,
2569 4126 2622 4169 et
2685 4117 3006 4171 insulilando
3060 4120 3239 4187 ipsum
3268 4125 3399 4175 dare
3428 4127 3685 4179 ostende.-

2092 4211 2202 4272 bat,
2228 4217 2285 4262 ut
2311 4223 2490 4277 neque
2517 4210 2776 4275 majorem
2814 4225 2880 4263 co
2908 4212 3170 4279 Spiritum
3196 4225 3472 4281 putemus,
3498 4224 3552 4270 et
3582 4231 3682 4272 nos

2091 4302 2396 4358 deiilcantia
2424 4302 2758 4355 charismata
2807 4306 3121 4358 communia
3157 4320 3278 4360 esse
3313 4305 3435 4361 Fiiii
3472 4318 3522 4363 et
3556 4309 3688 4378 Spi-

2094 4395 2228 4449 ritus
2259 4394 2433 4448 sancti
2465 4393 2789 4460 credamus;
2825 4393 2964 4450 alius
2990 4412 3181 4452 rursus
3235 4398 3402 4464 dicat,
3449 4402 3574 4469 quia
3629 4408 3687 4458 et

395 4502 660 4569 liisquain
719 4498 828 4552 illis
889 4495 1137 4561 credens,
1215 4509 1336 4563 qua:
1399 4492 1597 4547 exmde
1651 4494 1985 4550 concludunt
2023 4496 2313 4570 ορτοριοι·
2345 4487 2467 4551 hoc.
2498 4495 2551 4538 οι
2603 4485 2781 4541 adhuc
2820 4496 2879 4540 ut
2938 4489 3324 4558 intelligamus,
3355 4501 3409 4547 et
3442 4508 3508 4548 ex
3561 4495 3685 4564 ipso

393 4594 671 4660 recipere;
704 4600 758 4642 et
789 4587 910 4641 ideo
950 4599 1127 4655 neque
1175 4599 1271 4654 per
1309 4581 1625 4652 huiusmodi
1673 4597 1994 4654 argumenta

394 4683 708 4755 persuaderi
734 4682 865 4734 mihi
899 4688 1101 4748 potest.

466 4779 714 4831 Enndum
750 4776 914 4843 igitur
946 4772 1015 4826 sit
1048 4781 1102 4824 et
1132 4770 1198 4823 ad
1229 4769 1338 4833 illa,
1373 4783 1493 4837 quae
1516 4782 1583 4822 ex
1634 4767 1817 4822 divina
1847 4768 1994 4821 Scri-

395 4885 557 4939 p:ura
592 4874 1072 4938 argumentantur.
1102 4861 1346 4914 Primum
1375 4863 1578 4930 quippe
1613 4863 1678 4914 de
1723 4861 1809 4914 his
1860 4861 1989 4915 illud

396 4971 759 5017 communiter
779 4956 1092 5019 considero,
1114 4955 1253 5022 quod
1277 4954 1321 5008 si
1343 4964 1488 5007 esset
1512 4953 1849 5022 impossibile
1873 4957 1992 5007 cui-

397 5056 548 5118 ]ihet,
571 5050 973 5121 propositorum
1013 5062 1105 5115 per
1135 5060 1229 5099 eos
1257 5045 1530 5098 dictorum
1565 5060 1790 5098 sensum
1824 5047 1988 5097 alium

397 5150 544 5216 pium
573 5154 625 5198 et
657 5143 992 5198 sullieienter
1034 5155 1092 5193 se
1121 5138 1410 5192 habentem
1466 5145 1744 5216 coaptare,
1803 5135 1874 5188 ita
1905 5151 1993 5202 so_

398 5239 508 5292 lum
539 5233 902 5292 necessarium
929 5240 1095 5292 esset,
1123 5230 1264 5298 quod
1291 5228 1392 5297 ipsi
1419 5207 1483 5280 ei
1515 5227 1597 5280 eis
1628 5226 1989 5291 concludunt

397 5327 666 5394 Quoniam
703 5337 828 5377 vero
861 5337 966 5376 non
1005 5320 1203 5388 magis,
1240 5328 1297 5371 ut
1335 5315 1437 5384 ipsi
1470 5315 1798 5385 intelligunt,
1831 5330 1992 5385 quam

397 5429 456 5475 ut
486 5419 597 5482 alii,
629 5423 859 5486 possunt
893 5413 1078 5467 eadem
1125 5409 1378 5476 intelligi,
1416 5419 1738 5460 nentrorum
1772 5421 1982 5462 sermo-

398 5530 496 5568 nes
533 5527 725 5582 cogere
756 5525 843 5564 me
884 5509 1080 5563 valent.
1113 5505 1246 5559 Nam
1283 5509 1384 5569 hoc
1418 5502 1596 5571 ipsum
1665 5503 1806 5569 quo-.l
1864 5500 1984 5569 Spi-

400 5610 541 5662 ritus
568 5619 788 5660 saueius
848 5605 1033 5658 multis
1075 5601 1207 5657 locis
1262 5597 1557 5666 Scriptura:
1613 5596 1812 5650 dicitur
1870 5610 1990 5650 esse

398 5700 544 5764 Filii,
581 5709 800 5769 propter
833 5700 1002 5752 soiazn
1033 5711 1192 5767 quam
1234 5692 1539 5745 habetcum
1573 5701 1636 5741 eo
1689 5687 1988 5741 secundum

477 5886 491 5919 ³
530 5881 711 5951 ἱῖίδὶιυδ
769 5899 840 5949 γε,
883 5884 964 5939 l7.
1077 5883 1096 5912 ⁸
1126 5883 1229 5935 ίεξι.
1274 5896 1384 5946 ιω,
1423 5881 1471 5934 Ι.

1581 5879 1599 5908 ³
1629 5874 1785 5930 J0.t;i.
1827 5889 1915 5933 xx,
1943 5870 2037 5924 9.2.

2098 4577 2237 4634 Filio
2285 4577 2694 4649 processiouein
2755 4579 2994 4649 Spiritus
3037 4598 3049 4636 :
3085 4584 3331 4651 cogitans
3375 4601 3499 4656 ego.
3537 4591 3684 4657 quod

2095 4681 2150 4727 et
2183 4669 2486 4727 secundum
2546 4670 2696 4724 illum
2744 4686 2966 4726 sensum
3029 4682 3235 4728 tantum
3269 4676 3599 4734 suilicienter
3627 4695 3687 4734 se

2094 4773 2276 4834 posset
2333 4765 2532 4818 habere
2595 4763 2898 4832 Scriptura,
2967 4781 3072 4817 non
3127 4766 3284 4821 video
3329 4783 3552 4823 causam
3614 4771 3687 4824 ob

2094 4872 2255 4927 quam
2298 4857 2470 4923 magis
2512 4855 2704 4908 Latino
2734 4856 2974 4909 credam.

2163 4947 2289 5000 ltein
2312 4945 2526 4999 Patrem
2549 4956 2602 5000 et
2622 4945 2815 5000 Filium
2840 4963 3005 5000 unum
3028 4947 3220 5002 essein
3244 4948 3522 5018 Scriptura
3543 4953 3685 5006 scri-

2097 5051 2246 5106 ptuin
2286 5048 2390 5103 est,
2416 5049 2471 5092 et
2493 5038 2674 5091 omnia
2712 5054 2833 5106 quae
2865 5049 2994 5092 sunt
3045 5039 3240 5100 Patris,
3276 5043 3440 5095 etiam
3473 5052 3526 5097 et
3559 5043 3682 5097 Filii

2095 5143 2239 5184 esse.
2308 5131 2370 5183 Et
2401 5145 2464 5183 ex
2495 5131 2593 5182 hoc
2646 5130 2981 5184 concludunt
3048 5132 3122 5185 illi
3165 5148 3324 5186 suum
3367 5135 3584 5204 dogma.
3616 5139 3683 5188 At

2097 5237 2226 5275 vero
2253 5222 2297 5276 si
2336 5221 2456 5290 quis
2479 5221 2620 5273 dii-at
2654 5239 2667 5275 :
2702 5221 2746 5276 Ο
2781 5221 2980 5282 Latini,
3014 5223 3146 5275 nihil
3175 5226 3343 5293 magis
3375 5241 3440 5278 ex
3482 5227 3566 5280 his
3590 5244 3686 5280 ne-

2099 5315 2400 5369 cessarium
2431 5321 2511 5367 est
2534 5312 2729 5366 Filium
2765 5315 3090 5382 principium
3123 5330 3245 5369 esse
3271 5317 3526 5385 Spiritus,
3557 5318 3684 5384 quia

2096 5409 2259 5463 etiam
2293 5423 2355 5460 ex
2383 5421 2612 5474 persona
2641 5407 2878 5474 Spiritus
2916 5408 3090 5460 sancti
3152 5407 3259 5460 dici
3316 5419 3497 5476 posset
3527 5423 3540 5459 :
3571 5406 3683 5478 Ego

2096 5511 2149 5554 et
2169 5501 2417 5568 Spirator
2462 5513 2631 5552 unum
2669 5513 2876 5560 sumus,
2908 5509 2962 5553 et
2986 5502 3171 5553 omnia
3217 5515 3556 5568 quacunque
3592 5503 3686 5553 ha-

2098 5595 2185 5646 bet
2214 5590 2462 5660 Spirator
2487 5605 2607 5644 mea
2634 5599 2781 5643 sunt.
2809 5587 2914 5643 Sed
2947 5590 3114 5644 nihilo
3140 5591 3393 5659 magisex
3424 5590 3509 5644 his
3529 5589 3689 5644 Pater

2099 5694 2240 5741 esset
2287 5681 2522 5754 Spiritus
2550 5691 2790 5738 sanctus.
2823 5679 2959 5753 Ergo
2993 5682 3036 5735 si
3065 5682 3189 5751 quis
3219 5683 3330 5737 haec
3360 5681 3526 5747 dicat,
3552 5681 3689 5753 quid
