4450 6440
887 358 1023 425 1287

2068 370 2445 429 DEMETRII
2485 371 2797 434 CYDONII

3953 385 4086 448 liii-3

881 475 1056 545 magis
1087 475 1268 531 Latini
1292 478 1723 547 persuasibiliora
1760 480 1984 536 dicent?
2010 482 2119 553 Ego
2156 483 2300 538 enim
2332 499 2436 538 non
2471 493 2510 545 Α
2541 485 2925 552 iniliiridetur;
2952 502 3073 543 nam
3092 489 3159 544 de
3179 490 3357 544 divina
3385 491 3662 569 Scripzqra
3691 507 3799 548 non
3818 495 3890 548 ita
3923 506 4088 563 pater.

880 564 1165 631 perspicio.

950 651 1080 705 Item
1118 653 1203 705 ubi
1223 653 1348 706 dicit
1370 657 1658 720 Apostolus

881 739 1362 794 cietAutichristum
1387 747 1576 812 spiritu
1601 749 1708 799 oris
1735 749 1818 799 sui
1839 748 1911 809 ⁸,ι
1949 749 2136 816 illiipsi
2175 750 2431 819 ὃμῑιιίιιιιιι

879 838 1120 881 sanctum
1151 833 1354 884 dictum
1383 848 1500 888 esse
1526 836 1595 889 ibi
1619 840 1917 898 credentes,
1955 840 2003 890 id
2066 840 2240 907 ipsum
2299 859 2430 894 con-

875 920 1114 974 cludunt.
1149 923 1239 974 At-
1261 925 1420 978 etiam
1449 927 1534 979 hic
1563 923 1734 996 potest
1774 929 1895 990 dici,
1932 933 2185 997 quoniam
2220 948 2316 986 nos
2346 933 2428 986 ui-

877 1007 948 1061 ltil
986 1009 1054 1061 ita
1093 1009 1247 1064 facile
1291 1010 1563 1078 efﬁcimus,
1608 1016 1906 1081 quam‘illa
1950 1033 2066 1082 qua:
2108 1017 2427 1070 insulllando

875 1099 1050 1152 solum
1093 1099 1367 1166 facimus;
1408 1103 1590 1154 volens
1630 1104 2000 1172 Apostolusox
2043 1115 2221 1159 nostra
2252 1117 2426 1160 trans-

873 1189 1070 1244 latione
1123 1175 1445 1257 ostendere,
1504 1209 1665 1261 quam
1723 1193 2035 1250 facillimum
2095 1205 2175 1249 est
2209 1195 2425 1250 Christo

872 1279 1175 1334 interﬁcere
1225 1282 1640 1347 Antichristuut,
1686 1295 1739 1338 et
1779 1289 1979 1339 nullam
2008 1288 2212 1340 habens
2234 1288 2281 1341 ei
2312 1287 2422 1340 dif-

875 1369 1183 1434 ﬁcultatem,
1215 1371 1407 1439 spiritu
1439 1371 1549 1427 oris
1582 1376 1700 1440 eius
1750 1373 1885 1427 dixit
1920 1386 2219 1444 apostatatu
2256 1376 2420 1430 inter-

874 1459 1181 1522 ﬁciendum,
1220 1460 1437 1514 minime
1487 1460 1560 1515 ibi
1607 1460 1866 1531 Spiritum
1897 1475 2143 1518 sanctum
2193 1465 2417 1534 intelligi

870 1549 1077 1603 volens.

940 1637 1061 1691 Haec
1087 1655 1214 1708 ergo
1246 1640 1289 1693 si
1321 1640 1441 1708 quis
1493 1639 1709 1704 dixerit,
1757 1643 2105 1696 haesitaudum
2157 1644 2287 1696 mihi
2336 1644 2416 1697 vi-

867 1731 1025 1784 detur
1054 1733 1293 1792 omnino,
1322 1733 1406 1785 cui
1456 1732 1625 1800 magis
1663 1735 2058 1788 comedendum
2095 1737 2186 1789 sit.

1700 674 1714 711 :
1752 675 1770 707 ι
1788 658 2035 712 Dominus
2061 658 2216 714 Iesus
2232 661 2434 730 interﬁ-

2536 586 2593 628 ut
2626 579 2859 631 animam
2890 583 2983 644 per
3011 595 3070 634 se
3112 594 3296 635 verum
3329 595 3683 650 quaerentem,
3720 587 3788 637 ab
3831 586 3976 638 omni
4002 604 4088 639 re-

2533 674 2742 717 moveat
2770 667 3135 735 ambiguitate.
3181 670 3236 724 Si
3287 687 3415 725 vero
3447 686 3478 724 a
3512 688 3664 726 sacra
3702 670 4004 743 Scriptura.
4034 687 4090 730 et

2532 752 2632 806 tide
2668 755 2820 809 nobis
2847 759 3076 822 traditis,
3124 763 3336 828 penitus
3385 766 3715 831 recedentes,
3757 768 3822 821 ad
3864 778 4089 822 natura-

2529 840 2630 894 lein
2665 847 2924 899 ratiooem
2971 864 3249 905 recurrere
3291 854 3553 919 velimus;
3614 857 3778 909 miror
3827 857 3871 911 si
3920 874 4085 912 unum

2527 933 2693 988 Deum
2731 937 3189 1005 simplicissimum
3230 944 3283 998 in
3334 946 3508 998 tribus
3539 947 3791 1015 perfectis
3837 954 4087 1028 pustulis

2523 1041 2618 1094 per
2645 1028 2807 1081 solam
2831 1033 3128 1086 naturalem
3157 1034 3441 1098 rationein,
3473 1045 3729 1106 tanquam
3757 1040 3960 1110 aliquid
3989 1059 4082 1096 eo-

2524 1133 2662 1182 rum,
2688 1135 2804 1187 quae
2829 1124 3203 1180 mathematice
3231 1126 3694 1195 demonstrantur,
3723 1132 3962 1187 invenire
3988 1149 4088 1204 po-

2523 1208 2774 1261 terimus.

2590 1298 2698 1366 Age
2730 1313 2858 1368 ergo
2890 1301 3006 1355 lidei
3062 1306 3269 1359 ratione
3329 1309 3745 1377 cotnplccteutes
3804 1313 4089 1370 rideamus

2530 1399 2648 1452 quae
2678 1392 2976 1446 necessitas
3028 1394 3096 1446 sit
3139 1406 3193 1448 ut
3250 1397 3424 1452 Patris
3459 1408 3511 1454 et
3577 1401 3696 1458 Filii
3735 1407 3972 1462 charitas
4015 1409 4085 1462 sit

2520 1476 2610 1529 illo
2641 1482 2799 1533 modo
2838 1483 3068 1552 Spiritus
3101 1501 3342 1544 sanctus.
3371 1493 3557 1560 Itaque
3607 1497 3653 1550 si
3675 1497 3816 1552 idem
3873 1499 4082 1570 simpli-

2517 1566 2651 1620 citer
2680 1580 2763 1624 est
2799 1569 2939 1626 Patri
2964 1591 3220 1644 generare
3255 1580 3469 1645 Filium,
3502 1595 3556 1638 et
3578 1587 3802 1656 diligere
3834 1566 4030 1647 Filiuin
4059 1609 4081 1659 ;

2514 1667 2566 1706 et
2585 1660 2861 1722 generatio
2875 1678 3004 1731 ergo
3028 1675 3111 1719 est
3139 1663 3279 1722 idem
3297 1673 3616 1740 simpliciter
3635 1680 3782 1746 quod
3812 1682 4079 1746 charitas,

2515 1759 2617 1809 qua
2637 1745 2797 1801 Pater
2813 1752 2980 1819 diligit
2999 1752 3214 1821 Filium,
3233 1772 3283 1813 et
3316 1776 3404 1827 per
3422 1745 3783 1833 consequens,
3808 1745 4077 1837 ipsaJ'itit

937 1820 1065 1874 Item
1095 1820 1182 1873 ubi
1216 1825 1474 1886 scriptum
1526 1829 1606 1874 cst
1652 1820 1819 1875 Deum
1860 1824 2176 1877 charitatem
2206 1839 2327 1878 esse
2370 1825 2413 1889 ',
2449 1816 2487 1867 Β
2517 1839 2792 1900 generatio
2822 1816 3051 1906 Spiritus
3085 1859 3306 1904 sanctus
3335 1861 3450 1918 est,
3480 1816 3621 1922 quod
3653 1816 4072 1916 non,niodicuna

865 1924 919 1963 et
947 1911 1261 1962 cliaritatcm
1285 1925 1349 1961 cx
1381 1907 1489 1963 Deo
1522 1909 1632 1960 :illi
1664 1910 1979 1963 charitatem
2011 1912 2114 1964 dici
2157 1911 2413 1978 Spiritum

865 2008 1107 2051 sanctum
1162 1998 1528 2064 accipientes,
1590 1999 1732 2051 illam
1800 2000 2063 2062 videlicet,
2105 2017 2210 2070 qua
2261 2001 2416 2053 Pater

864 2086 1037 2156 diligit
1067 2083 1282 2148 Filium,
1317 2095 1369 2139 et
1417 2085 1584 2139 Filius
1616 2085 1848 2150 Patrem,
1910 2089 2259 2150 concludunt,
2309 2090 2413 2142 alia

862 2179 1100 2246 qnmdant
1131 2169 1223 2244 per
1253 2179 1482 2230 medium
1536 2179 1810 2240 addentes,
1837 2193 1900 2229 cx
1955 2189 2180 2247 utroque
2241 2179 2412 2246 ipsum

862 2269 1170 2336 procedere,
1238 2270 1366 2320 mihi
1400 2268 1569 2321 nihilo
1604 2270 1769 2337 u-agis
1803 2285 1866 2322 ex
1900 2270 1980 2322 his
2003 2271 2410 2338 persuadentes.

858 2359 1033 2422 Quare
1054 2358 1077 2414 ἶ
1101 2359 1352 2426 primum,
1385 2360 1509 2427 quia
1552 2375 1661 2412 non
1705 2360 1865 2412 nimis
1892 2370 2098 2413 certum
2129 2371 2214 2414 est
2235 2369 2409 2414 utrum

859 2451 1116 2517 Spiritum
1145 2459 1385 2503 sanctum
1424 2451 1492 2503 ihi
1535 2451 1840 2506 intendebat
1899 2453 2086 2507 beatus
2137 2451 2406 2514 Joannes;

859 2539 990 2590 nihil
1021 2541 1160 2590 enim
1193 2540 1430 2606 impedit,
1455 2548 1507 2593 et
1541 2541 1609 2592 ita
1656 2556 1923 2609 exponere
1978 2545 2263 2605 dicentem,
2320 2543 2408 2596 ubi

857 2629 1208 2682 dictu-neat:
1258 2628 1396 2681 Deus
1439 2630 1672 2684 charitas
1729 2641 1827 2693 est,
1862 2631 1940 2689 ibi
1962 2633 2025 2686 de
2080 2634 2194 2701 ipso
2244 2635 2408 2688 Triuo

863 2715 968 2768 Deo
993 2716 1158 2781 ipsam
1189 2717 1499 2769 cliaritatem
1531 2718 1830 2786 praedicari,
1865 2720 1955 2773 illo
1987 2724 2163 2784 modo,
2195 2738 2303 2790 quo
2336 2727 2409 2777 ait

855 2810 1076 2854 sanctus
1110 2804 1411 2869 Dionysius,
1446 2805 1607 2858 etiam
1646 2807 1886 2860 omnium
1938 2811 2140 2863 cnliuin
2193 2813 2405 2866 nomina

856 2905 1015 2957 posse
1043 2893 1108 2944 de
1137 2891 1243 2946 Deo
1270 2896 1563 2948 secundum
1620 2913 1837 2951 causam
1882 2900 2187 2966 praedicari,
2217 2914 2268 2955 et
2293 2919 2402 2956 nia

854 2983 996 3036 xime
1022 2984 1358 3040 nobilissima
1380 2998 1432 3039 et
1473 2987 1830 3053 diriuissitna,
1867 2992 2024 3044 sicuti
2053 3001 2134 3045 est
2187 2993 2402 3047 Bonitas

854 3071 995 3135 Vita,
1022 3072 1388 3139 Pulchritudo,
1420 3075 1534 3130 Lux
1558 3087 1610 3131 et
1636 3080 1831 3132 similia
1855 3095 1871 3142 ;
1901 3081 1991 3134 ubi
2024 3098 2148 3135 vero
2172 3085 2397 3136 dicitur:

852 3159 1102 3215 Charitas
1126 3178 1188 3216 ex
1226 3162 1333 3217 Deo
1353 3174 1462 3228 est,
1499 3165 1572 3217 ibi
1605 3168 1776 3234 ipsum
1811 3170 2132 3221 cltatitatum
2156 3172 2398 3223 alim-tuin

857 3266 962 3315 qtto
994 3251 1098 3304 Deo
1119 3259 1169 3303 et
1213 3253 1369 3304 nobis
1397 3254 1625 3306 invicem
1693 3256 1929 3321 unimur,
1969 3274 2032 3311 ex
2081 3260 2195 3326 ipso
2241 3262 2403 3315 Trino

855 3338 966 3391 Deo
998 3340 1152 3413 nobis
1184 3338 1289 3395 dici
1316 3340 1505 3396 adesse
1561 3343 1654 3397 illo
1682 3345 1863 3407 modo,
1890 3362 1997 3416 quo
2021 3361 2073 3402 ct
2106 3365 2265 3403 omne
2306 3353 2403 3404 bo-

853 3441 982 3483 num
1019 3440 1072 3481 ct
1140 3431 1422 3485 honestum
1453 3447 1515 3485 ex
1552 3434 1660 3488 Deo
1724 3437 1877 3515 nobis
1905 3453 2023 3494 esse
2056 3442 2304 3496 dicimus.

924 3517 1120 3571 Deinde
1149 3521 1192 3573 si
1218 3537 1377 3590 quam
1425 3525 1654 3579 maxime
1682 3526 1849 3594 ipsum
1877 3525 2131 3596 Spiritum
2157 3545 2398 3587 sanctum

849 3603 904 3657 in
940 3605 1044 3660 illis
1070 3610 1310 3662 nominat
1339 3612 1653 3668 charitatem
1703 3616 2019 3685 Apostolus,
2073 3630 2209 3673 unm:
2240 3639 2399 3689 patet,

853 3705 1029 3750 utrum
1060 3699 1199 3752 illaut
1259 3701 1716 3773 charitatemipsc
1764 3707 2032 3777 intelligit,
2083 3727 2187 3779 qua
2247 3713 2400 3770 Pater

847 3787 1018 3857 diligit
1055 3788 1269 3855 Filium,
1322 3802 1374 3846 et
1413 3793 1581 3850 Filius
1617 3796 1850 3866 Patrem,
1918 3804 2008 3856 sed
2064 3818 2170 3860 non
2233 3811 2400 3879 magis

850 3878 1172 3934 indillerenti
1193 3884 1443 3949 modo,et
1473 3886 1656 3953 simili,
1685 3888 1858 3956 ipsum
1878 3896 2194 3952 charitatem
2223 3878 2400 3954 nomi-

846 3972 1038 4022 navit:
1074 3972 1213 4024 sicut
1240 3975 1402 4027 etiam
1433 3975 1600 4031 Filius
1636 3980 1717 4032 vel
1756 3980 1934 4046 Pater,
1969 3988 2047 4040 vel
2084 3999 2194 4043 tota
2235 3993 2397 4045 simul

846 4056 1103 4122 Trinitas,
1157 4063 1391 4116 charitas
1445 4067 1817 4133 mentiuntur:
1874 4078 2321 4140 quemadmodum
2351 4104 2402 4151 γι

847 4143 950 4197 alia
1017 4148 1338 4203 charismata
1393 4153 1769 4211 attribuuntur
1809 4162 2150 4231 singulariter
2179 4143 2399 4237 Spiritui

847 4243 1057 4296 sancto,
1089 4250 1208 4302 qua:
1237 4237 1370 4291 nihil
1431 4242 1611 4296 minus
1658 4254 1726 4300 ‘et
1755 4249 1852 4300 toti
1914 4251 2159 4308 Trinitati
2216 4263 2399 4314 eodem

847 4320 1009 4376 modo
1036 4338 1356 4393 congruunt.
1387 4329 1646 4387 Cancrum
1692 4345 1745 4390 et
1783 4338 1950 4396 Filius
1987 4347 2244 4414 sapientia
2278 4354 2402 4420 qni-

845 4411 1160 4467 dentl’atris
1192 4418 1542 4485 nominatur“,
1574 4426 1665 4479 sed
1700 4443 1803 4482 non
1859 4433 1931 4484 ita
1987 4411 2072 4488 illa
2135 4453 2191 4492 sa

844 4507 947 4562 est,
979 4516 1083 4569 qua
1118 4502 1272 4557 l‘alcr
1305 4507 1549 4578 intelligit
1596 4511 1856 4580 Spiritum
1901 4533 2168 4588 sanctum,
2198 4502 2251 4580 cl
2311 4530 2397 4583 hic

845 4587 1074 4654 Patrem,
1123 4605 1178 4647 ut
1218 4612 1280 4649 cx
1335 4599 1433 4650 hoe
1469 4604 1839 4672 concludatur,
1886 4612 2058 4679 ipsum
2112 4615 2304 4672 Filium
2332 4637 2393 4675 ex

843 4674 998 4731 Patre
1027 4681 1187 4735 simul
1231 4695 1280 4738 et
1307 4688 1506 4754 Spiritu
1566 4704 1750 4747 sancto
1780 4713 2088 4764 generatum
2123 4721 2257 4760 esse.

911 4765 1020 4835 Ego
1053 4772 1251 4840 itaque,
1291 4786 1347 4827 ut
1390 4781 1453 4830 ad
1486 4789 1534 4833 te
1564 4785 1824 4851 explicem
1879 4794 2181 4857 passionem
2226 4800 2389 4855 animi

846 4852 975 4912 mei,
1008 4860 1172 4908 multo
1226 4863 1486 4920 dillieiltus
1521 4869 1690 4926 habeo
1751 4879 1816 4927 ad
1842 4879 2226 4948 recipiendum,
2259 4893 2399 4955 quod

847 4943 999 4995 Patre
1028 4956 1078 4996 et
1105 4947 1238 5002 Filio
1272 4954 1611 5021 diligentibus
1663 4964 1891 5019 lll\l(‘.elll
1950 4986 2136 5025 eorum
2189 4943 2402 5036 dilectio

844 5035 1124 5086 constituit
1150 5040 1370 5094 alteram
1407 5063 1683 5111 persanatn
1718 5057 1891 5122 ipsum
1948 5061 2204 5130 Spiritum
2240 5084 2396 5128 SJllC-

843 5137 980 5189 tum,
1026 5141 1184 5192 quam
1234 5132 1298 5181 ad
1330 5139 1712 5206 recipiendum,
1746 5151 1886 5214 quod
1921 5150 2153 5218 Spiritus
2184 5170 2403 5212 Saluius

841 5211 894 5263 ει
919 5227 983 5266 ex
1011 5211 1147 5268 F.lio
1189 5221 1440 5283 procedit.
1472 5228 1541 5278 lle
1572 5229 1670 5283 hoc
1719 5211 1862 5288 enim
1890 5211 2005 5305 ejus
2035 5243 2273 5298 veritatis
2307 5264 2400 5300 cu-

839 5300 1058 5368 piditate
1085 5310 1357 5376 cogitanti,
1416 5314 1576 5366 nulla:
1605 5321 1727 5370 mihi
1777 5300 2110 5392 suspiciones
2171 5333 2393 5399 intrant,

839 5404 907 5442 ue
935 5392 1068 5449 forte
1099 5400 1169 5451 sit
1195 5414 1378 5454 rerum
1420 5404 1553 5456 iilud
1591 5407 1896 5470 Aristotelis
1932 5437 1944 5470 :
1976 5421 2186 5485 Quanto
2223 5392 2390 5496 magis

841 5485 1092 5552 pcrquiro
1122 5498 1172 5542 ct
1200 5493 1528 5561 cogitatione
1582 5500 1758 5565 volvo,
1813 5514 1961 5559 tanto
2019 5485 2387 5572 incredibilius

996 5664 1035 5718 il
1067 5666 1252 5724 Thess.
1285 5689 1343 5733 tt,
1379 5677 1430 5728 8.
1541 5679 1561 5709 ⁸
1590 5677 1607 5730 l
1634 5677 1795 5733 Joan.
1826 5693 1900 5747 tv,
1933 5685 1983 5738 8.

2527 1921 2832 1978 mirandum
2861 1943 2963 1990 cst,
2997 1945 3051 1986 et
3075 1937 3307 1993 maxime
3356 1941 3401 1994 si
3438 1946 3698 2012 genitum,
3756 1949 4076 2019 principium

2514 2020 2594 2061 cst
2621 2027 2728 2065 suae
2755 2023 3130 2083 generationis.
3165 2024 3220 2080 Si
3263 2043 3385 2084 vero
3437 2034 3580 2087 aliud
3608 2045 3688 2090 est
3717 2035 3862 2092 Patri
3915 2056 4076 2111 gene-

2518 2112 2633 2151 rare
2666 2098 2881 2168 Filium,
2903 2118 2954 2159 et
2981 2111 3198 2179 diligere
3241 2117 3318 2168 vel
3355 2120 3646 2186 intelligere
3666 2127 3862 2192 ipsum,
3890 2098 4070 2185 adhuc

2516 2187 2688 2254 magis
2721 2199 2800 2242 est
2841 2196 3164 2260 mirandum,
3217 2211 3484 2269 quomodo
3531 2218 3806 2276 generatio
3858 2220 4075 2284 quidem

2513 2291 2614 2344 qua
2642 2277 2796 2333 Pater
2827 2297 3046 2351 generat
3074 2288 3292 2356 Filium,
3330 2311 3434 2348 non
3468 2304 3744 2355 corisntnit
3769 2306 3925 2356 aliain
3953 2323 4078 2374 pcr-

2512 2382 2719 2432 sonam,
2776 2390 2953 2442 neque
3001 2380 3318 2442 intellectio,
3355 2401 3456 2452 qua
3499 2387 3656 2444 Pater
3707 2393 3949 2460 intelligit
3985 2399 4073 2459 ιζ,

2511 2468 2637 2520 lium
2667 2485 2681 2532 ;
2720 2469 2946 2538 diligere
2981 2489 3107 2527 vero
3138 2475 3311 2542 ipsum
3346 2496 3450 2534 non
3493 2496 3684 2551 potest,
3717 2489 3817 2542 nisi
3858 2492 4074 2546 dilectio

2510 2556 2600 2610 illa
2647 2562 2858 2613 tertiam
2885 2567 3181 2620 constituat
3232 2585 3558 2635 personam:
3602 2587 3654 2629 ct
3691 2582 3920 2635 maxime
3946 2597 4071 2636 cum

2510 2645 2576 2697 sit
2607 2650 2868 2714 possibile
2898 2653 3099 2720 diei-re,
3129 2661 3268 2724 quod
3320 2660 3560 2729 Spirator
3586 2667 3757 2734 diligit
3791 2679 3844 2722 ct
3880 2671 4073 2723 inti-lli-

2506 2737 2580 2802 git
2606 2737 2888 2804 Spiritum,
2926 2756 2978 2795 et
3009 2742 3241 2812 Spiritus
3270 2750 3442 2816 diligit
3467 2766 3519 2807 et
3575 2758 3827 2826 intelligit
3857 2761 4067 2816 Patrem

2506 2836 2556 2878 et
2581 2827 2772 2883 Filium
2817 2848 2831 2884 :
2867 2848 2931 2886 ex
2965 2851 3067 2899 qua
3098 2836 3380 2895 dilectione
3412 2845 3491 2897 vel
3540 2846 3912 2918 intellectione_
3949 2857 4066 2904 nul.

2507 2922 2558 2967 ta
2615 2919 2718 2969 alia
2747 2923 3098 2976 constituitur
3131 2943 3382 2994 persona.

2575 3005 2701 3059 ltcm
2749 3012 3003 3065 unitatem
3043 3025 3094 3067 et
3122 3019 3389 3074 adnexum
3436 3022 3607 3079 Patris
3637 3038 3688 3080 et
3721 3028 3842 3083 Filii
3879 3031 4064 3087 dicere

2508 3095 2790 3161 Spiritum,
2830 3101 2900 3151 ita
2934 3111 2991 3154 nt
3019 3121 3080 3155 ex
3129 3119 3354 3174 utroque
3381 3127 3500 3166 esse
3538 3119 3895 3174 concludatur
3925 3138 3938 3172 :
3973 3140 4065 3177 nec

2506 3199 2609 3250 que
2648 3187 2759 3252 ipsa
2790 3190 3066 3257 Scriptura
3095 3197 3238 3263 cogit
3271 3215 3375 3259 me,
3406 3211 3459 3254 et
3494 3209 3753 3262 naturalis
3791 3215 3930 3265 ratio
3961 3217 4063 3267 nti-

2506 3276 2556 3325 hi
2601 3279 2768 3344 magis
2820 3285 3105 3345 persuadet
3148 3291 3410 3356 recipere,
3445 3296 3756 3363 principiata
3793 3303 3932 3355 uniti
3965 3317 4065 3372 per

2507 3366 2849 3435 principium,
2873 3389 3032 3440 quam
3050 3377 3320 3448 ,‘principia
3345 3397 3435 3450 per
3464 3387 3863 3455 principiatum.
3884 3395 3926 3447 A
3949 3366 4059 3462 quo

2501 3457 2644 3510 enim
2681 3463 2844 3514 multa
2894 3464 3092 3518 habent
3133 3482 3271 3533 esse,
3323 3472 3390 3524 ab
3431 3476 3615 3531 eodem
3648 3478 3812 3532 etiam
3861 3457 4060 3542 trahere

2505 3565 2689 3615 unum,
2739 3554 3057 3610 rationabile
3089 3560 3220 3614 mihi
3271 3565 3500 3622 \idetur.
3532 3568 3716 3626 Dicere
3751 3588 3878 3626 vero
3910 3577 4056 3644 quod

2503 3644 2818 3712 principiala
2850 3648 3130 3704 habente:
3157 3656 3435 3725 principiis
3475 3676 3591 3714 esse
3623 3680 3636 3716 :
3673 3665 3930 3733 principia
3968 3684 4055 3720 Vc‘

2504 3748 2563 3782 ro
2592 3735 2787 3788 habent
2817 3753 2881 3789 ex
2917 3743 3247 3810 principiatis
3280 3762 3442 3800 unum
3487 3765 3624 3814 esse,
3655 3758 3879 3808 Omnino
3919 3757 4051 3809 mitti

2503 3823 2707 3876 videtur
2735 3841 2917 3880 carere
2949 3833 3174 3888 ratione.
3209 3835 3263 3888 Si
3298 3853 3421 3893 vero
3458 3854 3539 3896 est
3570 3844 3672 3898 alia
3702 3846 3838 3900 ratio
3869 3848 3932 3900 de
3967 3848 4052 3900 his

2504 3926 2616 3962 nica
2639 3917 2840 3969 ratione
2864 3919 3055 3982 terior,
3079 3937 3236 3988 quam
3261 3939 3358 3995 ego
3390 3945 3531 3985 nunc
3554 3936 3937 4007 nonjintclligo,
3970 3947 4054 3991 ta-

2503 4016 2624 4053 men
2673 4007 2912 4070 quandiu
2954 4010 3094 4062 illam
3136 4027 3241 4067 non
3290 4015 3556 4089 intelligo,
3589 4039 3809 4081 necesse
3842 4038 3923 4083 est
3965 4045 4048 4083 me

2503 4093 2667 4144 teneri
2731 4096 2799 4146 ab
2852 4099 2950 4149 hac
2995 4115 3155 4167 quam
3203 4119 3343 4158 nunc
3393 4089 3658 4181 intelligo.
3712 4117 3861 4171 Dicta
3919 4110 4044 4187 qui;

2500 4179 2623 4231 dent
2686 4180 3016 4252 Scriptura,
3069 4206 3189 4256 qua:
3241 4193 3522 4263 allegant,
3574 4179 3739 4270 —pene
3788 4179 4046 4274 ιιι-καὶαι

2501 4281 2644 4321 sunt.
2697 4272 2800 4339 Ego
2832 4290 2957 4328 vero
3007 4294 3177 4346 neque
3221 4295 3284 4335 ex
3323 4283 3423 4347 his,
3457 4303 3629 4357 neque
3665 4307 3727 4346 ex
3763 4272 3882 4350 aliis
3925 4299 4047 4367 qui-

2506 4361 2816 4430 lusrUnquc
2851 4380 3070 4433 possum
3100 4373 3164 4423 ait
3191 4372 3290 4425 hoc
3317 4375 3609 4447 intelligere
3639 4361 4044 4445 indubitabilcm

2198 4438 2720 4508 pientiaDomnino
2799 4461 3206 4524 necessitatem,
3272 4474 3324 4516 et
3387 4438 3601 4535 penitus
3679 4477 4040 4542 stabilieptein

2499 4550 2666 4587 ιιι-ειμι
2702 4552 2930 4594 mentem
2965 4559 3149 4600 eorum
3175 4551 3363 4606 adesse
3389 4563 3814 4619 conclusionem.

2564 4626 2747 4682 Restat
2769 4647 2894 4696 ergo
2923 4647 3166 4701 quartum
3196 4657 3360 4709 genus
3391 4648 3584 4713 videre,
3625 4658 3766 4722 quod
3796 4673 3859 4712 ex
3894 4675 4045 4714 eom-

2495 4717 2747 4772 munibus
2791 4725 3099 4778 notionibus
3125 4717 3931 4816 argumentationempropositi
3962 4755 4036 4806 la-

2494 4805 2582 4870 cil.
2630 4805 2718 4860 “EE
2744 4824 2859 4876 quite
2889 4804 3141 4890 dicuntur
3169 4833 3478 4878 communes
3518 4804 3789 4896 notiones:
3814 4841 3947 4903 sive,
3981 4853 4040 4896 ut

2495 4893 2772 4951 AriStoteli
2812 4899 3042 4966 videtur,
3079 4903 3146 4957 de
3175 4911 3520 4968 seusibilibus
3559 4933 3655 4985 per
3698 4937 3888 4981 sensus
3933 4893 4039 4984 im-

2499 4989 2805 5055 pritiiuntur
2838 5007 3040 5057 animo,
3086 4998 3219 5069 sire,
3272 5010 3327 5052 ut
3384 5003 3586 5061 Platoni
3629 5011 3857 5082 videtur,
3904 5021 4033 5088 ipsa:

2497 5085 2620 5126 sunt
2652 5081 2948 5133 substantia
2982 5083 3355 5140 intellectualis
3380 5094 3572 5148 anima:
3607 5113 3623 5150 :
3659 5081 3882 5176 utroque
3923 5081 4040 5166 ino-

2499 5167 2565 5216 do
2590 5167 2654 5218 de
2684 5168 2764 5220 his
2796 5171 2952 5226 rebus
2982 5187 3127 5237 sum,
3156 5193 3380 5245 quarum
3414 5183 3754 5256 intelligendo
3773 5167 4033 5256 dominali

2500 5258 2948 5321 apprehenditnus
2983 5278 3071 5314 cas
3120 5275 3172 5316 et
3219 5281 3504 5336 tangunus,
3556 5287 3609 5329 et
3653 5295 3787 5348 quas
3837 5288 4035 5342 intelli-

2496 5357 2680 5411 gentes
2729 5350 2840 5414 ipsa
2891 5352 3246 5409 intellectioue
3297 5364 3801 5428 comprehendimus
3846 5388 3899 5441 et
3926 5381 4035 5434 cir-

2494 5435 2919 5514 complectimur.
2972 5441 3200 5495 Proinde
3262 5454 3314 5498 et
3345 5449 3430 5501 illa
3481 5469 3598 5520 quae
3643 5473 3706 5512 ex
3754 5462 3832 5515 eis
3854 5435 4034 5520 osten-

2490 5524 2706 5588 duntur,
2745 5529 3158 5586 indubitabiliter
3192 5535 3558 5598 demonstrata
3596 5563 3715 5605 esse
3755 5563 4027 5616 putamus.

2096 5691 2114 5714 ‘
2147 5691 2160 5742 ἲ
2194 5691 2319 5744 Cor.
2353 5697 2506 5759 1,24.
