4450 6440
379 432 508 495 1289

1493 423 1729 484 EPIST.
1767 424 1864 481 AD
1903 417 2389 480 BARLAAMUM.

3391 404 3407 463 1
3418 406 3519 465 200

363 542 428 590 At
453 552 574 592 vero
598 551 713 604 quae
751 535 815 587 de
850 535 951 587 Deo
991 539 1136 594 sunt,
1165 544 1224 584 ea
1254 531 1803 595 supersubstautialia,
1838 537 1889 582 et
1914 533 1959 590 Α
1989 527 2237 591 Quamvis
2298 524 2397 577 etsi
2429 522 2481 575 in
2520 519 2768 574 omnibus
2815 517 3024 570 entihus
3052 515 3320 569 videretur
3361 515 3529 580 major

365 642 523 693 super
548 623 965 690 intelligentiam,
996 629 1049 674 et
1078 621 1628 686 incomprehensibilia
1669 633 1787 671 esse
1808 620 1891 670 di-

368 713 540 765 cimus
577 728 592 764 :
628 720 678 763 et
714 710 943 761 maxime
996 723 1056 760 ea
1091 722 1208 774 quae
1264 709 1325 761 de
1361 709 1499 761 trino
1548 720 1890 773 personarum

368 803 638 856 dicuntur.
693 799 890 851 credita
929 798 1140 865 quidem
1187 809 1350 849 sacra:
1404 794 1688 861 Scriptum
1724 796 1892 847 tradi-

364 891 525 949 tione,
585 889 848 940 naturales
877 901 1002 939 vero
1035 893 1243 938 nostras
1264 886 1643 952 intelligentias
1689 885 1892 952 fugien-

365 979 456 1044 tia,
489 991 551 1027 eo
580 976 719 1042 quod
749 975 923 1027 nullus
949 975 1187 1028 videatur
1223 975 1272 1026 in
1306 975 1387 1025 his
1417 987 1531 1040 quas
1560 987 1588 1025 a
1627 973 1781 1025 nobis
1811 973 1896 1024 in-

366 1065 690 1132 telliguntur,
717 1065 906 1116 modus
933 1063 1208 1115 Trinitatis
1242 1082 1254 1115 :
1287 1061 1644 1114 indiﬂerenter
1664 1077 1755 1128 per
1779 1076 1896 1113 orn-

363 1151 450 1204 nia
477 1167 534 1204 se
568 1153 766 1204 habens
795 1152 866 1203 illi
896 1165 1054 1218 super
1094 1151 1417 1205 intellectum
1450 1149 1722 1202 Trinitati.

430 1239 560 1300 Quis
583 1254 706 1306 ergo
735 1248 817 1293 est
840 1241 908 1291 ita
927 1239 1111 1291 tardus
1138 1247 1332 1301 mente,
1352 1245 1408 1290 ut
1435 1246 1598 1304 putet,
1617 1239 1892 1304 hujusmo-

367 1329 418 1378 di
449 1342 761 1383 communes
790 1330 1054 1392 notiones,
1077 1343 1195 1396 quae
1216 1329 1630 1395 correspondent
1666 1328 1748 1381 his
1779 1343 1896 1396 quae

360 1428 388 1466 a
436 1419 587 1469 nobis
634 1417 865 1484 perfecte
910 1418 1294 1482 intelliguntur,
1330 1420 1510 1482 rebus,
1544 1435 1729 1475 omnes
1763 1423 1896 1475 sim-

362 1504 568 1570 pliciter
612 1506 771 1557 etiam
825 1505 953 1567 illis,
989 1521 1107 1571 qua:
1134 1521 1292 1574 super
1319 1515 1556 1561 nostram
1597 1509 1896 1578 intelligen-

361 1594 488 1643 tiam
519 1603 664 1657 sunt,
700 1596 1028 1660 congruere?
1059 1596 1147 1648 ubi
1191 1611 1361 1663 neque
1389 1597 1528 1663 quod
1568 1606 1691 1650 sunt
1723 1598 1775 1651 in
1805 1614 1898 1650 na-

361 1681 622 1733 turalibus
654 1697 791 1742 vere.
818 1683 927 1746 jam
954 1684 1111 1734 etiam
1139 1683 1524 1737 mathematicis
1548 1685 1892 1757 conveniunt,

370 1769 440 1819 rel
462 1784 490 1818 e
522 1785 801 1830 converso,
828 1785 1000 1832 neque
1024 1771 1167 1836 quod
1198 1772 1552 1825 arithmeticis
1570 1772 1648 1824 vel
1677 1772 1896 1825 musicis

1993 616 2319 686 propositio,
2358 612 2530 665 adhuc
2559 617 2779 664 restaret
2827 609 3113 674 ambigere,
3170 615 3345 656 nti-uin
3407 604 3526 655 illa.

1993 721 2106 758 rum
2141 713 2222 758 est
2276 700 2716 768 propositionum,
2752 713 2868 765 quas
2915 706 2964 748 et
3017 696 3067 747 in
3118 695 3328 746 entihns
3374 701 3424 745 et
3473 693 3524 743 iu

1991 791 2416 860 superessentiali
2463 787 2716 841 veriticari
2751 795 2992 853 possunt.
3037 799 3103 834 an
3134 798 3260 833 non.
3296 781 3398 832 Sed
3427 780 3528 830 dif-

1993 883 2091 936 fert
2115 883 2324 950 quidem
2361 881 2587 948 Spiritus
2617 876 3011 945 personalitera
3038 874 3188 953 Filio,
3219 881 3522 922 nontamen

1993 972 2283 1025 secundum
2331 971 2559 1036 aliquem
2594 983 2622 1019 a
2658 966 2809 1018 nobis
2867 965 3197 1030 cognitorum
3230 961 3279 1011 in
3307 959 3523 1010 cutibus

1993 1061 2292 1114 modorum.
2319 1061 2377 1111 Et
2408 1069 2557 1112 estne
2578 1071 2695 1109 vera
2729 1055 2814 1106 illa
2843 1050 3054 1104 Patrum
3084 1049 3523 1114 sententia,qunil

1992 1153 2042 1204 in
2071 1151 2170 1203 hac
2190 1151 2298 1203 vita
2326 1147 2651 1216 impossibile
2677 1156 2756 1198 est
2780 1145 3028 1195 distincte
3056 1150 3115 1223 et.
3153 1153 3403 1206 expresse
3439 1152 3526 1189 co-

1993 1239 2175 1305 gnosci
2199 1239 2347 1301 illud,
2375 1251 2480 1305 quo
2514 1236 2741 1303 Spiritus
2772 1232 2943 1285 diﬂert
2975 1249 2997 1279 ιι
3025 1227 3157 1280 Filio
3184 1229 3205 1279 ?
3241 1242 3341 1280 non
3377 1227 3520 1279 enim

1994 1323 2122 1376 illud
2153 1326 2254 1376 erit
2287 1340 2448 1377 ausus
2480 1325 2669 1390 aliquis
2725 1323 2921 1380 dicere,
2977 1319 3111 1383 quod
3164 1317 3520 1368 necessarium

1992 1424 2090 1476 est,
2122 1422 2212 1467 aut
2241 1414 2362 1467 sciri
2396 1413 2700 1479 hujusmodi
2731 1410 3166 1478 diﬂ'erentianget
3193 1407 3254 1457 ad
3290 1406 3520 1472 aliquam

1995 1519 2023 1556 a
2059 1504 2213 1557 nobis
2263 1513 2508 1556 notarum
2545 1503 2743 1564 reduci,
2801 1511 2890 1552 aut
2927 1513 3259 1565 nequaquam
3294 1511 3434 1550 esse.

2063 1594 2189 1646 item
2235 1601 2287 1648 et
2331 1594 2485 1645 talem
2533 1593 2710 1645 audivi
2747 1592 3134 1659 syllogismum,
3169 1589 3362 1666 itt-qno
3403 1595 3522 1636 tan-

1995 1695 2151 1748 quam
2194 1681 2370 1750 minor
2413 1681 2704 1750 propositio
2739 1677 3132 1744 supponebatnr
3169 1692 3181 1726 :
3220 1675 3352 1737 Quia
3386 1675 3523 1730 sicut

1994 1782 2050 1821 se
2078 1749 2236 1820 habet
2262 1771 2467 1835 spirare
2507 1749 2571 1820 ad
2605 1769 2909 1834 procedere,
2949 1766 3017 1817 ita
3064 1779 3120 1816 se
3157 1764 3314 1814 habet
3362 1777 3521 1827 gene-

361 1854 516 1906 rehus
552 1855 990 1920 correspondent,
1024 1857 1133 1920 jam
1196 1856 1354 1908 etiam
1402 1859 1748 1924 geometricas
1807 1860 1888 1913 vel
1925 1857 1963 1911 li
1997 1871 2112 1909 rare
2136 1858 2197 1910 ad
2217 1859 2477 1925 generari.
2499 1858 2773 1924 Tanquam
2805 1871 2927 1908 vero
2942 1855 3110 1921 major
3128 1852 3520 1913 assumebatur,

359 1945 715 2008 perspectivas
743 1945 1030 2007 attingunt.
1055 1942 1217 1995 Multo
1245 1959 1373 2011 ergo
1400 1946 1574 2000 minus
1599 1949 1890 2014 putandum

357 2039 439 2083 est
468 2031 1002 2096 supersubstantialia
1033 2031 1230 2085 eisdem
1263 2036 1670 2089 necessitatibus
1696 2039 1892 2091 servire

359 2133 477 2170 cum
528 2119 772 2186 his,quaa
815 2121 917 2174 sub
972 2121 1317 2190 intelligentia
1376 2135 1550 2178 nostra
1598 2135 1738 2179 sunt.
1778 2127 1889 2181 Non

358 2218 485 2271 ergo
526 2208 888 2260 necessarium
914 2218 1018 2272 est,
1058 2223 1215 2263 omne
1241 2210 1382 2279 quod
1408 2213 1726 2278 praedicatur
1751 2214 1892 2267 aﬂir-

359 2295 555 2347 mative
579 2297 658 2348 vel
679 2298 919 2365 negative
941 2299 1005 2352 de
1026 2299 1114 2352 illa
1139 2314 1213 2362 re,
1240 2314 1356 2368 quae
1389 2310 1568 2355 nostra
1586 2302 1890 2370 intelligen-

361 2385 433 2436 tia
455 2390 943 2454 cemprehenditur,
963 2389 1062 2443 hoc
1081 2390 1242 2443 etiam
1268 2393 1334 2444 de
1363 2391 1450 2443 illa
1472 2407 1548 2453 re,
1575 2408 1692 2457 quae
1715 2403 1890 2447 trans-

361 2476 540 2527 cendit
577 2487 814 2530 nostram
852 2479 1277 2546 intelligentiam,
1307 2480 1552 2534 similiter
1593 2482 1888 2548 praedicari.

431 2564 566 2628 Ergo
598 2574 690 2616 aut
717 2567 857 2616 nulla
880 2566 1186 2631 hujusmodi
1217 2570 1578 2621 communium
1613 2571 1888 2623 notion‘um

362 2665 529 2714 usque
561 2651 625 2700 ad
656 2651 796 2701 illam
824 2653 1386 2718 supersubstantialem
1414 2664 1466 2708 et
1488 2657 1894 2726 incomprehen-

362 2738 570 2791 sibilem
599 2740 880 2791 essentiam
912 2744 1151 2807 pervenit
1182 2761 1195 2795 :
1226 2755 1315 2797 aut
1343 2745 1528 2814 aliqua:
1576 2749 1670 2810 ita,
1711 2761 1762 2801 et
1789 2750 1888 2801 ali-

361 2839 479 2892 qua:
513 2840 636 2877 non.
663 2825 764 2878 Sed
798 2835 850 2880 et
881 2827 980 2879 hoc
1009 2827 1216 2881 suilicit.
1241 2830 1377 2897 Ergo
1407 2841 1456 2884 et
1485 2833 1584 2884 hoc
1607 2848 1884 2895 concesso,

360 2913 606 2980 quoniam
639 2915 814 2982 aliqua
863 2916 1183 2969 discretione
1212 2920 1509 2971 necessaria
1561 2934 1666 2972 non
1719 2921 1887 2972 habeo

361 3003 696 3069 conspicere,
732 3019 850 3069 qua:
880 3018 1065 3057 earum
1108 3019 1224 3072 quae
1247 3006 1298 3057 in
1327 3006 1538 3058 enlihus
1574 3019 1709 3058 vera:
1762 3017 1888 3059 sunt

359 3091 626 3154 notiones,
659 3102 711 3145 et
755 3093 818 3146 ad
869 3093 1202 3160 superﬁciale
1232 3103 1284 3146 et
1325 3094 1882 3161 superintelligentiam

359 3181 738 3233 transferenda
761 3190 907 3245 sunt,
927 3192 978 3234 et
994 3197 1110 3249 quae
1140 3197 1244 3234 non
1269 3199 1284 3246 ;
1324 3197 1443 3235 cum
1458 3185 1613 3236 audio
1630 3183 1799 3237 Latini
1820 3199 1883 3238 ex

362 3269 662 3336 hujusmodi
702 3271 1174 3337 propositionibus,
1222 3272 1288 3324 de
1308 3272 1576 3338 proposita
1594 3274 1885 3338 quaestione

357 3359 976 3425 syllogismutn;etiamsi
1003 3361 1109 3411 sint
1145 3361 1196 3412 in
1229 3361 1475 3412 omnibus
1511 3363 1723 3414 entibns
1763 3377 1886 3428 pro-

359 3446 649 3509 positiones
688 3460 848 3507 veraz,
877 3455 1108 3496 attamen
1137 3447 1394 3512 nequiens
1420 3446 1548 3499 satis
1581 3448 1883 3502 discernere

355 3533 506 3599 cujus
527 3532 736 3599 generis
760 3541 913 3584 sunt:
941 3541 1115 3585 utrum
1142 3534 1281 3587 illius
1303 3534 1441 3600 quod
1463 3548 1526 3586 ex
1567 3535 1779 3586 entibus
1815 3536 1881 3587 ad

357 3620 794 3687 superessentiale
820 3623 1174 3676 conscendere
1194 3624 1384 3687 valeat,
1401 3637 1466 3675 an
1493 3638 1596 3674 non
1620 3639 1634 3686 ;
1674 3625 1880 3690 penitus

358 3708 591 3776 ambigo,
623 3717 677 3759 et
703 3707 887 3760 dubito
921 3711 1248 3763 conclusioni
1296 3710 1599 3778 bujusmodi
1643 3713 1882 3780 syllogis-

354 3798 426 3849 mi
453 3801 720 3854 assentiri.
767 3800 1095 3854 Generaliter
1141 3801 1350 3867 quidem
1407 3802 1477 3852 ita
1511 3815 1540 3854 a
1579 3817 1661 3853 me
1695 3811 1880 3855 osten-

354 3902 470 3938 sum
518 3889 607 3950 sit,
654 3889 724 3954 ob
759 3905 920 3956 quam
953 3905 1167 3943 causam
1207 3907 1298 3959 per
1331 3906 1514 3944 eorum
1547 3893 1702 3945 verba
1747 3906 1881 3945 non-

354 3975 477 4027 dum
539 3978 664 4029 milii
722 3992 1033 4044 persuasum
1086 3980 1167 4033 eis
1214 3981 1454 4032 credere.
1517 3979 1632 4033 Non
1660 3981 1762 4033 erit
1792 3996 1881 4048 pe-

348 4063 436 4128 jus
465 4063 598 4118 forte
629 4075 683 4118 et
708 4066 914 4134 aliquos
947 4068 1295 4135 particulares
1332 4069 1667 4137 syllogismos
1691 4083 1877 4122 eorum

352 4166 794 4207 commemorare.

415 4239 607 4291 Audivi
649 4240 937 4307 aliquando
985 4242 1243 4308 quosdam
1280 4242 1497 4298 Latinos
1539 4246 1612 4298 ita
1658 4246 1875 4317 syllogi-

351 4335 549 4377 zantes.
583 4325 955 4394 Supponentes
982 4329 1120 4382 enim
1161 4339 1413 4398 tanquam
1447 4332 1704 4386 minorem
1746 4349 1874 4401 pro-

1991 1946 2125 2010 Quia
2168 1948 2482 2013 generaliter
2513 1949 2566 1999 in
2611 1947 2858 2000 omnibus
2890 1946 3117 2004 entibus,
3153 1946 3196 1997 si
3230 1944 3298 1995 sit
3329 1952 3386 1994 ut
3415 1943 3521 2008 pri-

1995 2051 2136 2088 mum
2175 2037 2238 2090 ad
2292 2039 2606 2101 secundum,
2649 2039 2718 2090 ita
2761 2040 2974 2090 tertium
3025 2037 3090 2088 ad
3141 2043 3387 2102 quartum
3423 2047 3438 2084 :
3470 2039 3522 2113 et

1993 2127 2328 2191 permntatim
2349 2129 2590 2195 sumptis,
2607 2138 2686 2179 est
2703 2128 2838 2180 sicut
2861 2126 3085 2193 primum
3103 2123 3166 2174 ad
3193 2122 3424 2183 tertium,
3446 2134 3521 2171 se-

1992 2216 2219 2268 cundum
2244 2217 2307 2268 ad
2331 2226 2600 2283 quartum.
2631 2217 2690 2267 Et
2719 2233 2778 2270 ex
2809 2218 2890 2268 his
2923 2209 3516 2274 euncludebatur,qnod

1991 2302 2128 2354 sicut
2158 2316 2214 2354 se
2235 2303 2390 2355 habet
2429 2304 2631 2368 spirare
2661 2304 2724 2352 ad
2755 2286 3024 2369 generare,
3060 2299 3126 2348 ita
3156 2312 3212 2348 se
3239 2295 3395 2346 debet
3424 2295 3519 2342 ha-

1991 2389 2114 2443 bere
2133 2398 2183 2442 et
2213 2392 2495 2456 procedere
2524 2393 2587 2442 ad
2617 2390 2878 2456 generari.
2910 2388 3104 2453 litqnia
3131 2385 3378 2436 dicebant
3408 2381 3488 2446 spi

1992 2491 2106 2528 rare
2131 2485 2183 2529 et
2207 2478 2460 2542 generare
2486 2476 2860 2530 concurrentia
2883 2475 3039 2527 simul
3062 2475 3112 2526 in
3139 2487 3241 2525 una
3271 2485 3516 2537 persona,

1992 2564 2193 2623 scilicet
2212 2567 2388 2632 Patre,
2428 2583 2533 2619 non
2557 2569 2755 2622 faciunt
2781 2566 3126 2619 differentiam
3163 2562 3515 2628 personalem.

1992 2654 2105 2709 Non
2154 2672 2281 2724 ergo
2303 2659 2588 2724 procedere
2629 2668 2679 2709 et
2709 2657 3085 2725 generariiipsa
3137 2669 3227 2720 per
3273 2665 3330 2705 se
3362 2651 3515 2703 diﬂ‘e-

1991 2752 2165 2796 rentes
2191 2745 2415 2797 etiicieut
2450 2760 2722 2811 personas.
2757 2747 2818 2798 Et
2857 2749 2925 2797 ita
2952 2745 3106 2796 aliam
3138 2742 3364 2807 aliquam
3398 2753 3520 2804 pcr-

1990 2832 2222 2883 sonalem
2246 2833 2596 2885 dilIerentiam
2629 2833 2859 2898 Spiritus
2899 2833 2961 2883 ad
2994 2831 3182 2881 Filium
3219 2832 3517 2893 quaerentes

1988 2926 2256 2981 postremo
2295 2919 2573 2970 veniebant
2602 2919 2666 2969 ad
2699 2917 3143 2975 concludendum,
3186 2922 3236 2964 et
3279 2927 3340 2963 ex
3381 2909 3514 2959 Filio

1987 3016 2112 3069 ergo
2140 3003 2398 3071 Spiritum
2437 3005 2743 3070 procedere.
2771 3004 2852 3055 Me
2883 3017 3054 3069 neque
3103 3003 3197 3052 hos
3226 2998 3374 3064 sequi
3419 2992 3512 3046 va-

1989 3090 2129 3142 lente
2150 3130 2165 3155 ,
2207 3091 2516 3158 perquirens
2545 3091 2686 3144 enim
2720 3090 2771 3141 in
2815 3103 2898 3141 me
2927 3089 3041 3153 ipso
3071 3087 3210 3138 entia
3233 3121 3248 3146 ,
3278 3082 3514 3134 invenie-

1987 3176 2105 3229 bam
2133 3179 2184 3230 in
2219 3179 2396 3231 multis
2420 3182 2671 3246 majorem
2697 3173 3346 3245 pr0positionetn’falsam.
3373 3173 3510 3223 mul-

1987 3268 2053 3319 tis
2078 3267 2206 3319 visis
2230 3306 2245 3329 ,
2293 3279 2344 3321 et
2392 3269 2442 3320 in
2476 3267 2794 3321 substantiis
2849 3276 2900 3319 et
2933 3268 2984 3317 in
3017 3263 3422 3332 quantitatihns,
3456 3265 3510 3311 et

1986 3354 2036 3405 in
2065 3355 2328 3408 'relativis.
2365 3357 2467 3408 Sed
2499 3359 2724 3422 primam
2773 3356 3084 3421 positionem
3128 3353 3280 3420 primi
3327 3349 3392 3400 ad
3425 3363 3512 3401 se-

1982 3440 2236 3502 cundum,
2269 3443 2558 3493 secundum
2599 3458 2724 3492 vero
2761 3445 2915 3507 primi
2965 3443 3028 3492 ad
3077 3442 3310 3502 tertium,
3343 3450 3394 3490 et
3428 3454 3511 3491 se-

1982 3526 2138 3577 cundi
2169 3527 2233 3578 ad
2263 3535 2534 3594 quartum,
2579 3544 2681 3580 non
2731 3528 3067 3580 servantibus
3098 3531 3509 3592 proportion-ali-

1983 3624 2142 3668 tatem
2176 3634 2188 3666 :
2219 3617 2490 3682 quamvis,
2519 3627 2574 3669 ut
2600 3617 2754 3684 paulo
2807 3625 2927 3668 ante
2952 3617 3082 3688 dixi,
3114 3616 3208 3667 etsi
3251 3617 3302 3667 in
3334 3619 3507 3668 omni-

1981 3704 2078 3757 bus
2105 3719 2221 3772 quae
2251 3705 2384 3757 infra
2415 3716 2642 3758 mentem
2671 3714 2908 3758 nostram
2935 3715 3078 3765 sunt,
3103 3704 3376 3757 videretur
3416 3707 3512 3756 lut-

1976 3791 2210 3861 jusmodi
2235 3809 2354 3848 esse
2377 3809 2558 3848 verum
2597 3810 2608 3845 :
2643 3795 2903 3848 incertum
2938 3795 3110 3847 adhuc
3139 3805 3303 3854 esset,
3329 3805 3507 3847 utrum

1978 3892 2031 3935 et
2049 3883 2101 3934 in
2134 3884 2218 3934 illa
2250 3898 2324 3947 re,
2344 3900 2461 3952 quae
2479 3900 2688 3936 omnem
2712 3895 2938 3936 mentem
2960 3884 3188 3943 excellit,
3213 3899 3392 3936 verum
3418 3887 3508 3940 sit.

2047 3972 2172 4026 Item
2204 3984 2255 4026 et
2282 3977 2357 4027 sic
2385 3977 2598 4041 quidam
2632 3985 3070 4041 argumentantur
3106 3993 3118 4026 :
3155 3977 3345 4028 Omnia
3385 3985 3509 4029 sunt

1977 4063 2277 4115 communia
2325 4063 2498 4114 Patris
2536 4072 2590 4113 et
2634 4063 2772 4121 Filii.
2822 4072 3010 4126 prmler
3042 4066 3149 4125 illa,
3183 4067 3378 4130 quibus
3412 4069 3507 4118 ad-

1978 4158 2221 4204 versatur
2250 4163 2431 4201 eorum
2482 4151 2618 4202 inter
2651 4165 2707 4202 se
2758 4151 2963 4202 relatio.
3004 4152 3071 4202 At
3123 4167 3248 4202 vero
3301 4156 3508 4218 spirant.

1977 4248 2080 4290 tem
2101 4239 2386 4305 potentiam
2412 4254 2515 4292 non
2541 4239 2855 4291 adversatur
2883 4236 3056 4290 Patris
3087 4239 3149 4290 ad
3180 4238 3393 4298 Filium,
3425 4241 3505 4292 vel

1977 4326 2094 4379 Filii
2129 4328 2195 4379 ad
2225 4327 2430 4380 Patrem
2466 4329 2683 4392 relatio;
2713 4329 2962 4395 spirativa
2997 4343 3122 4396 ergo
3152 4330 3382 4396 porentia
3409 4329 3506 4380 Pa-

351 4411 686 4475 positioncm,
737 4415 877 4480 quod
916 4413 1149 4481 Spiritus
1185 4429 1401 4471 sanctus
1447 4419 1660 4472 realiter
1699 4420 1875 4472 dili'e'rt
1901 4436 1950 4494 υ
1979 4418 2072 4469 tris
2102 4427 2153 4470 et
2183 4417 2319 4469 Filii.
2347 4419 2455 4485 Ego
2477 4433 2606 4470 vero
2637 4432 2807 4485 neque
2836 4419 2960 4471 huic
2989 4419 3294 4486 syllogismo
3318 4435 3503 4472 assen-

349 4513 375 4548 a
404 4493 554 4559 Filio,
581 4511 631 4552 et
656 4502 910 4557 addentes
935 4515 1184 4572 tanquam
1211 4508 1485 4573 majorem,
1513 4510 1650 4575 quod
1693 4509 1873 4560 omnia

348 4603 464 4654 quae
499 4589 614 4640 sine
643 4593 864 4643 materia
908 4595 975 4646 ab
1025 4595 1249 4647 invicem
1299 4596 1566 4657 differunt,
1617 4605 1708 4649 aut
1736 4598 1875 4651 sicut

347 4678 612 4729 contraria
642 4678 914 4740 dili‘erunt,
950 4690 1041 4733 aut
1083 4684 1220 4735 sicut
1266 4683 1476 4736 habitus
1521 4694 1572 4737 et
1625 4686 1870 4751 privatio,

346 4775 436 4812 aut
477 4763 615 4817 sicut
663 4763 940 4820 ailirmatio
971 4778 1022 4820 et
1054 4771 1282 4837 negatio,
1331 4780 1417 4822 aut
1450 4773 1584 4824 sicut
1610 4774 1823 4826 relativa
1859 4792 1874 4840 ;

348 4851 538 4903 deinde
584 4856 940 4915 ostendentes,
985 4858 1122 4921 quod
1160 4858 1342 4907 horum
1377 4867 1482 4910 tres
1512 4862 1870 4923 praecedentes

349 4940 489 4990 modi
517 4941 618 4992 illis
647 4942 839 4992 divinis
867 4942 1108 5007 personis
1133 4943 1348 4993 minime.
1367 4958 1656 5010 congruere
1676 4948 1868 5010 valent;

347 5029 736 5081 concludebant
762 5045 908 5095 ergo,
934 5030 1072 5095 quod
1094 5030 1386 5082 secundum
1415 5034 1634 5084 relativa
1662 5044 1867 5087 tantum

348 5116 576 5183 Spiritus
615 5129 831 5171 sanctus
863 5127 1036 5185 potest
1073 5118 1324 5186 distingui
1356 5134 1383 5170 a
1414 5120 1566 5183 Filio,
1603 5130 1655 5174 et
1678 5125 1745 5174 ita
1777 5138 1868 5187 per

343 5208 580 5258 Ordinem
617 5209 981 5271 procedentes,
1016 5209 1294 5261 veniebant
1321 5209 1387 5260 ad
1420 5210 1627 5263 tinalem
1653 5214 1867 5264 conclu-

343 5311 566 5348 sionem.
606 5295 708 5348 Sed
751 5312 832 5348 me
859 5300 1076 5352 minime
1111 5315 1201 5366 per
1245 5301 1342 5352 hoc
1390 5313 1681 5354 moverunt.
1732 5303 1866 5355 Ven-

345 5396 455 5435 t-:.n
487 5386 621 5436 enim
657 5388 718 5436 ad
758 5396 972 5453 angelos
1017 5399 1068 5440 et
1113 5392 1340 5449 animas,
1378 5401 1428 5444 et
1465 5396 1865 5448 mathematicos

343 5490 593 5525 i.m:ieros
627 5489 678 5526 et
705 5476 894 5526 horum
925 5477 1154 5529 maxime
1186 5481 1541 5545 superticiales
1562 5492 1613 5533 et
1645 5484 1863 5548 solidos,

343 5577 506 5614 :uu‘ta
549 5570 646 5616 dei
679 5577 729 5617 et
762 5567 877 5618 sine
908 5569 1124 5617 materia
1158 5584 1286 5634 pure
1318 5571 1598 5635 intellecta,
1635 5582 1682 5623 et
1718 5575 1862 5624 nullo

342 5657 706 5717 ςηηιιαὶειονιιιιν
730 5664 957 5720 quatuor
982 5657 1336 5710 modornmab
1360 5659 1582 5712 invicem
1611 5661 1856 5714 discreta.

670 5765 691 5786 π
707 5762 907 5803 naue.
938 5748 1047 5804 Gn.
1081 5747 1223 5805 CLI.

1975 4507 2107 4569 tior,
2166 4517 2379 4573 propter
2439 4505 2579 4572 quod
2627 4507 2811 4573 utique
2861 4508 3016 4559 habet
3070 4509 3291 4572 vitium;
3360 4512 3500 4575 quod

1973 4597 2110 4648 enim
2135 4597 2410 4662 quaeritur,
2453 4596 2683 4646 sumitur
2710 4605 2769 4645 ut
2803 4595 3135 4647 manifestum
3163 4612 3176 4656 ;
3218 4597 3267 4646 in
3304 4597 3502 4661 majore

1971 4687 2108 4737 enim
2144 4684 2502 4750 propositione
2549 4699 2642 4750 per
2683 4685 2984 4736 communia
3017 4693 3066 4735 et
3098 4685 3199 4736 alia
3239 4687 3394 4738 verba
3425 4689 3502 4737 Ia-

1971 4782 2140 4826 tenter
2168 4776 2295 4841 petit
2326 4775 2664 4844 principium.

2036 4863 2224 4918 Nullus
2253 4866 2393 4916 enim
2425 4881 2603 4917 eorum
2636 4866 2722 4930 qui
2750 4865 2815 4917 de
2839 4863 3177 4917 conclusione
3202 4867 3496 4934 ambigunt.

1970 4953 2223 5019 majorem
2269 4956 2523 5006 concedet
2565 4953 3003 5018 propositionem.
3041 4953 3174 5006 Cum
3224 4957 3364 5007 enim
3407 4958 3495 5007 illa

1967 5053 2212 5105 persona,
2266 5056 2380 5106 quae
2409 5040 2481 5090 ita
2518 5047 2597 5092 est
2629 5049 2685 5091 ut
2713 5054 2741 5091 a
2792 5032 2938 5093 nullo
2980 5043 3068 5105 sit,
3100 5045 3374 5110 aequaliter
3402 5046 3492 5094 ha-

1968 5128 2088 5180 beat
2115 5138 2167 5181 et
2211 5144 2466 5196 generare
2497 5140 2549 5181 et
2595 5130 2800 5196 spirare
2839 5148 2851 5183 :
2888 5134 3165 5198 qureritur,
3216 5145 3400 5184 utrum
3430 5150 3492 5184 ex

1966 5229 2188 5285 utraque
2221 5221 2331 5271 haec
2369 5221 2581 5286 prOpria
2624 5230 2751 5273 sunt
2776 5222 2893 5288 ejus
2930 5224 3282 5290 simpliciter:
3319 5238 3492 5289 neque.

1966 5305 2116 5364 Filio,
2151 5321 2320 5370 neque
2369 5306 2570 5372 Spiritu
2606 5323 2666 5360 ea
2698 5311 3033 5363 habentibus.
3089 5312 3168 5360 An
3218 5311 3284 5362 ad
3324 5310 3494 5378 Spiri-

1966 5405 2072 5444 tum
2105 5393 2316 5460 quidem
2345 5399 2556 5462 propria
2592 5408 2712 5450 sunt
2745 5402 2883 5462 ejus,
2915 5401 2976 5450 ad
3015 5398 3205 5450 Filium
3238 5415 3364 5452 verc-
3389 5417 3490 5452 non

1963 5482 2140 5540 ambo,
2171 5482 2264 5532 sed
2296 5487 2465 5535 solum
2500 5499 2773 5552 generare,
2821 5487 3022 5552 spirare
3052 5500 3177 5540 vero
3208 5503 3494 5541 commune

1963 5573 2116 5622 habet
2153 5585 2272 5624 cum
2309 5589 2389 5626 eo.

2029 5661 2135 5715 lloe
2171 5663 2366 5730 itaque,
2416 5679 2533 5717 cum
2575 5671 2862 5730 quaeratur,
2900 5679 3111 5718 sumere
3159 5667 3469 5734 simplicilo”

3105 5758 3136 5814 i't
3153 5761 3172 5813 l
