4450 6440
894 380 1022 449 1291

2133 369 2490 430 DEMETRII
2518 369 2818 430 CYDONII

3928 381 4064 448 1292

888 490 1026 554 quod
1068 488 1226 539 Pater
1263 497 1518 552 generare
1561 479 1777 550 quidem
1824 480 1985 534 habet
2017 480 2187 542 solus,
2219 480 2425 547 spirare
2454 484 2494 538 Δ
2521 477 2694 530 adhuc
2729 492 2820 543 per
2850 476 3096 545 generale
3137 479 3448 544 concilium,
3495 482 3636 549 quod
3669 483 3862 546 sciam.
3891 489 4064 542 ratiﬁ-

888 592 1015 632 vero
1043 591 1163 630 cum
1197 572 1334 626 Filio
1372 589 1384 624 :
1421 572 1544 638 quid
1566 570 1710 622 aliud
1749 580 1832 623 est
1861 584 2022 637 quam
2055 569 2248 637 petitio
2277 568 2426 635 prin-

892 669 1056 733 cipii,
1091 666 1298 719 etiamsi
1354 679 1458 717 non
1516 673 1696 730 aperte
1741 669 1904 728 ponat
1952 662 2046 729 qui
2098 661 2282 723 sumit,
2335 659 2427 713 sed

891 773 988 827 per
1045 756 1416 808 rommuniora
1458 754 1614 805 verba
1637 751 1880 805 eumdem
1902 752 2135 805 oecuitet
2156 765 2373 806 sensum
2403 749 2425 801 ἲ

957 836 1216 900 Caeter'um
1253 845 1379 912 quid
1426 843 1675 911 prohibet
1718 850 2116 909 supponentem
2155 840 2422 903 similiter,

887 936 1027 1006 quod
1056 936 1234 988 omnia
1268 935 1374 986 sint
1403 931 1706 985 communia
1752 930 2032 1005 spiratoris
2066 940 2119 982 et
2165 929 2421 996 Spiritus,

881 1035 1074 1096 praeter
1103 1008 1211 1084 ina,
1243 1023 1438 1088 quibus
1468 1021 1782 1072 adversatur
1809 1033 1998 1070 eorum
2034 1019 2171 1070 inter
2195 1032 2255 1069 se
2286 1018 2422 1070 rela-

887 1121 998 1180 tio;
1031 1130 1123 1186 per
1159 1112 1354 1168 similia
1384 1110 1554 1163 media
1586 1108 1908 1161 concludere
1935 1123 1948 1158 :
1987 1108 2130 1175 quod
2157 1116 2217 1159 et
2256 1106 2423 1174 Spiri-

887 1216 972 1260 tus
1012 1215 1226 1260 sanetus
1259 1201 1466 1272 genitor
1489 1199 1616 1255 est?
1642 1199 1782 1267 Ergo
1810 1195 1952 1251 sicut
1999 1198 2120 1259 hoc,
2159 1197 2230 1250 ita
2262 1196 2420 1248 etiam

889 1295 1013 1348 illttd
1045 1292 1434 1362 paralogismus
1464 1299 1568 1342 est.

953 1383 1080 1435 Item
1117 1383 1246 1433 alias
1277 1393 1399 1432 cum
1437 1375 1767 1430 audivissem
1796 1382 2098 1427 sumentcm
2137 1373 2420 1440 quemdam

887 1484 944 1525 ut
985 1471 1350 1528 manifestum,
1399 1468 1562 1518 Deum
1595 1463 1806 1517 Patrem
1841 1456 2142 1531 intelligere
2184 1472 2235 1513 et
2270 1462 2451 1522 vclie,’

886 1571 936 1614 et
962 1577 1024 1614 ex
1052 1557 1400 1626 intelligendo
1427 1555 1811 1623 producentetu
1836 1551 2031 1623 Filium
2059 1568 2073 1614 ;
2103 1551 2168 1602 de
2205 1550 2424 1603 volendo

886 1663 1058 1705 autem
1090 1648 1371 1716 Spiritum,
1404 1655 1456 1696 et
1486 1657 1579 1711 per
1613 1641 1856 1708 quaedam
1897 1639 2066 1691 media
2124 1639 2250 1700 alia,
2281 1654 2422 1704 qua.

891 1741 1123 1795 stionem
1159 1734 1564 1790 eoncludentetn
1591 1747 1604 1780 :
1629 1731 1779 1782 initio
1801 1729 2014 1796 quidem
2041 1741 2173 1795 pene
2203 1726 2420 1790 credidi,

889 1842 1144 1897 tanquam
1175 1829 1310 1879 bene
1352 1833 1490 1876 esset
1523 1823 1726 1873 dictum
1757 1838 1768 1871 :
1802 1819 1958 1885 paulo
2005 1831 2131 1869 vero
2164 1825 2281 1883 post
2311 1817 2423 1868 aui-

891 1920 1256 1977 tnatIVertrtts,
1282 1916 1430 1981 quia,
1463 1910 1734 1980 quomodo
1765 1909 2013 1976 intelligit
2033 1916 2084 1961 et
2113 1908 2224 1959 vult
2251 1905 2423 1971 Pater,

889 2009 1078 2060 eodem
1123 2004 1484 2057 indiﬁerenter
1509 2011 1564 2056 et
1594 2002 1784 2064 Filius,
1820 2013 1874 2055 et
1909 1999 2144 2069 Spiritus
2190 2007 2423 2061 sanctus,

890 2107 941 2150 et
967 2104 1074 2148 tota
1102 2093 1339 2146 Trinitas
1371 2092 1618 2158 intelligit
1638 2103 1690 2144 et
1722 2091 1856 2152 vult,
1891 2098 1944 2143 et
1973 2088 2144 2142 nihilo
2170 2089 2424 2163 magis.“

889 2187 968 2241 eis
1001 2187 1155 2238 aliter
1195 2184 1386 2245 Filius,
1417 2184 1499 2237 vel
1535 2183 1689 2257 aliter
1736 2180 1969 2248 Spiritus
2001 2188 2214 2232 emanat
2246 2196 2259 2231 :
2299 2179 2426 2231 nihil

893 2276 1266 2329 necessarium
1301 2274 1448 2326 illum
1471 2274 1669 2326 dixisse
1700 2271 1901 2337 putati,
1935 2269 2024 2321 sed
2061 2268 2237 2336 petitis
2265 2267 2424 2319 multa

892 2361 1319 2416 inconvenientia
1387 2360 1634 2428 perspexi
1695 2365 1762 2411 de
1827 2355 2131 2423 bujusuiedi
2181 2367 2426 2407 sentinae

889 2452 1134 2504 orientia.
1931 2501 1936 2505 .

956 2540 1150 2598 Causa:
1176 2537 1416 2603 quidem,
1445 2551 1541 2604 per
1577 2549 1715 2603 quas
1751 2548 1862 2586 non
1902 2530 2033 2585 mihi
2081 2531 2291 2583 videtur
2337 2543 2426 2582 ne-

890 2630 1185 2682 ressarium
1227 2640 1368 2686 esse,
1421 2640 1516 2693 per
1547 2624 1710 2677 verba
1756 2633 1943 2676 eorum
1979 2619 2106 2674 sciri
2155 2620 2233 2671 vel
2280 2620 2420 2672 credi

894 2720 1154 2789 Spiritum
1191 2715 1386 2770 factum
1409 2728 1463 2768 et
1489 2729 1553 2766 ex
1589 2711 1722 2765 Filio
1749 2710 2061 2780 procedere,
2094 2710 2175 2762 ita:
2202 2717 2350 2763 sunt.

963 2807 1097 2860 ‘Jolo
1128 2817 1302 2860 autem
1335 2803 1427 2858 tibi
1456 2802 1756 2862 ostendere,
1791 2809 1843 2853 et
1871 2800 2098 2867 qualiter
2131 2814 2215 2851 me
2260 2801 2426 2851 habeo

891 2913 1016 2964 erga
1044 2898 1186 2950 dicta
1226 2904 1530 2949 sanctorum
1563 2902 1865 2945 nostrorum
1890 2889 2126 2951 Patrum,
2159 2891 2249 2956 qui
2279 2889 2326 2941 id
2353 2891 2426 2956 ip-

895 3006 1013 3043 sum
1049 2992 1187 3055 quod
1217 2988 1367 3039 aiunt
1397 2986 1567 3038 Latini
1601 2988 1650 3038 in
1681 2985 1793 3038 suis
1839 2983 2053 3049 scriptis
2081 2981 2285 3035 dicunt.
2315 2982 2423 3050 Ego

2522 575 2704 619 catum
2735 575 2835 618 est.
2873 565 3012 635 Ergo
3039 566 3248 622 etiamsi
3282 583 3312 621 a
3357 571 3539 623 multis
3577 574 3780 626 sanctis
3808 574 3860 628 id
3887 577 4063 642 ipsum

2519 655 2736 731 dicitur,
2769 656 2908 710 nolle
2937 655 3205 721 assentiri,
3239 659 3443 717 nullum
3479 661 3776 726 periculum
3820 664 3954 728 mihi
3979 665 4061 717 vi-

2518 748 2670 803 detur
2699 765 2836 803 esse.
2887 749 3068 804 Restat
3115 766 3241 816 ergo
3287 753 3636 808 considerare
3682 757 4061 810 auctoritatem

2518 837 2772 890 Remane
2818 836 3088 901 Ecclesiae,
3133 853 3202 892 ne
3240 843 3618 894 necessarium.
3652 844 3746 906 sit,
3799 846 4060 910 quoniam

2519 936 2687 979 mater
2714 934 2815 988 est,
2848 934 2900 978 et
2929 928 3093 991 prima
3139 929 3379 981 omnium
3422 928 3803 992 Ecelesiarutn,
3835 933 4062 985 credere

2517 1016 2854 1083 simpliciter,
2905 1018 3260 1085 quodcunque
3294 1020 3406 1087 ipsa
3447 1032 3658 1087 semper
3686 1022 3752 1074 de
3797 1021 3906 1074 Deo
3929 1021 4062 1089 dog-

2519 1108 2757 1181 matizat.
3094 1173 3097 1175 _

2587 1195 2690 1248 Sed
2723 1197 2787 1249 ad
2822 1196 2922 1249 hoc
2952 1197 3132 1249 evenit
3165 1199 3294 1252 mihi
3326 1215 3516 1254 rursus
3538 1199 3804 1260 haesitare.
3831 1214 3900 1252 ne
3921 1200 4062 1254 forte

2520 1285 2570 1338 in
2600 1287 2944 1353 dOgmatibus
3001 1288 3147 1352 ﬁdei,
3176 1289 3372 1356 quibus
3405 1289 3576 1343 ﬁdelis
3626 1291 3694 1342 ab
3733 1290 3935 1343 inﬁdeli
3967 1290 4057 1342 (ii-

2519 1378 2827 1444 stinguitur,
2885 1392 2990 1430 non
3024 1378 3218 1431 idonea
3260 1380 3331 1432 sit
3374 1380 3515 1433 illius
3543 1378 3790 1434 Ecclesia
3821 1380 4064 1433 auctori-

2519 1477 2603 1520 tas
2633 1506 2648 1529 ,
2681 1466 2776 1520 sed
2823 1466 3142 1532 requirenda
3192 1469 3351 1521 etiam
3407 1470 3725 1524 universalis
3769 1469 4054 1523 Ecclesia.

2519 1557 2628 1611 Hoc
2655 1565 2830 1608 autem
2857 1555 3040 1610 dubito
3069 1571 3131 1609 ex
3161 1559 3367 1615 multis.

2586 1645 2846 1706 Primum,
2904 1649 3046 1712 quod
3076 1647 3128 1698 in
3166 1645 3422 1712 Symbolo
3473 1648 3594 1701 ﬁdei
3643 1663 3752 1702 non
3821 1649 4058 1702 dicimus

2519 1731 2738 1786 credere
2761 1733 2813 1784 in
2833 1731 3122 1786 Romanam
3152 1733 3464 1794 Eceiesiam,
3491 1737 3587 1790 sed
3617 1738 3672 1789 in
3705 1738 4051 1790 catholicam.

2521 1823 2835 1886 Quanquam
2886 1821 3010 1886 quid
3055 1823 3330 1889 prohibeat
3361 1825 3522 1877 etiam
3570 1825 3699 1878 illud
3719 1840 3818 1879 nos
3848 1825 4051 1887 dicere,

2523 1910 2564 1962 si
2591 1908 2723 1962 satis
2749 1910 2927 1961 esset?

2587 1997 2788 2050 Deinde
2818 1997 3010 2050 olimin
3036 1998 3263 2052 diversis
3286 2000 3433 2053 orbis
3456 2003 3714 2066 partibus,
3751 2017 3874 2057 cum
3908 2005 4052 2057 mul-

2520 2096 2585 2142 ta
2608 2094 2740 2149 ortae
2765 2084 2989 2139 fuissent
3021 2088 3254 2141 hereses
3280 2097 3332 2140 et
3355 2091 3698 2156 quastiones.
3727 2101 3781 2144 et
3805 2093 3870 2146 de
3893 2092 4050 2160 Filio,

2518 2188 2569 2234 et
2604 2177 2669 2230 de
2695 2176 2893 2244 Spiritu
2915 2188 3119 2251 sancto,
3148 2189 3203 2231 et
3237 2181 3304 2231 de
3337 2180 3719 2242 incarnatione.
3756 2198 3860 2235 non
3912 2185 4055 2236 refo-

2519 2267 2769 2320 rebantur
2805 2268 3028 2332 quaesita
3082 2267 3148 2320 ad
3176 2266 3471 2322 Romanam
3530 2267 3855 2330 Sesto-siam,
3888 2280 3946 2322 ut
3974 2271 4050 2324 ibi

2517 2354 2817 2408 examinata
2864 2363 2917 2406 et
2942 2356 3290 2408 determinata
3330 2358 3582 2410 omnibus
3622 2361 3922 2431 tradantur,
3950 2375 4040 2412 Ite-

2518 2459 2620 2512 que
2670 2443 2759 2495 alii
2793 2443 2854 2495 ad
2886 2443 2985 2496 hoc
3045 2446 3216 2498 solum
3263 2448 3640 2514 respiciebant,
3666 2450 3923 2517 quidnam
3947 2451 4038 2502 illa

2521 2533 2749 2587 Ecclesia
2781 2533 2847 2584 de
2882 2534 2960 2586 eis
3012 2534 3465 2598 determinaverit,
3516 2538 3607 2590 sed
3657 2539 3923 2605 generalia
3957 2554 4053 2608 ag-

2518 2624 2872 2695 gregabantur
2932 2625 3181 2689 concilia,
3221 2636 3276 2678 et
3311 2628 3476 2680 totius
3527 2629 3785 2682 Ecclesiae
3815 2631 4055 2698 cognitio

2516 2714 2846 2768 etsenteutia
2877 2713 2946 2767 de
2963 2715 3219 2768 dubitatis
3246 2718 3536 2769 vocabatur
3562 2736 3575 2769 :
3602 2733 3727 2772 cum
3765 2721 3864 2772 hoc
3904 2731 4055 2777 esset

2519 2804 2684 2858 multo
2750 2802 3014 2856 diliiciiius
3041 2821 3199 2873 quain
3259 2808 3409 2860 illud.
3459 2810 3523 2861 Et
3548 2811 3689 2876 quod
3744 2811 3914 2878 magis
3942 2820 4050 2869 est.

2517 2908 2693 2961 neque
2719 2892 2870 2959 jussu
2909 2909 3054 2961 papa:
3092 2897 3178 2948 illa
3209 2898 3434 2950 concilia
3469 2899 3918 2965 aggregabantur,
3952 2901 4048 2953 sed

2519 2991 2672 3052 prout
2692 2991 2930 3048 apparet,
2955 2992 3008 3035 et
3030 2998 3123 3050 per
3146 2984 3425 3038 chronieas
3446 2996 3498 3040 et
3527 2988 3828 3055 imperiales
3853 2989 4056 3056 episto-

894 3079 1106 3146 qnidem
1127 3077 1304 3128 inveni
1337 3075 1552 3135 multos,
1575 3073 1664 3140 qui
1697 3073 1796 3125 hoc
1818 3073 2051 3138 sapiunt,
2083 3072 2286 3125 scilicet
2307 3089 2429 3125 san-
2456 3083 2495 3139 ο
2528 3072 2629 3129 ias.
2689 3080 2742 3124 et
2764 3085 2856 3138 per
2893 3072 3238 3125 allocutiones
3292 3075 3526 3140 ipsorum
3550 3078 3953 3147 imperatorum
3983 3083 4053 3135 ,ά

895 3176 1040 3221 ctum
1073 3165 1452 3228 Augustinum,
1486 3169 1727 3213 sanctum
1763 3159 2076 3226 Gregorium
2113 3158 2431 3228 Nyssenum,

896 3264 1138 3310 sanetum
1167 3254 1291 3322 Cyri
1314 3254 1422 3304 ium
1447 3252 1499 3303 in
1532 3253 1686 3303 dictis
1703 3252 1814 3303 suis
1847 3251 2109 3302 thesauris
2153 3261 2205 3301 et
2239 3251 2288 3300 in
2320 3251 2433 3303 aliis

893 3342 1012 3394 suis
1082 3340 1340 3405 dialogis;
1377 3346 1620 3388 sanctum
1672 3335 2022 3388 Athanasium
2065 3344 2115 3387 et
2180 3336 2433 3402 quosdam

896 3430 1052 3481 alios.
1086 3427 1186 3478 Sed
1213 3425 1343 3478 illud
1406 3426 1636 3476 arbitror
1690 3437 1772 3474 me
1815 3437 1889 3474 ret
1907 3432 1956 3474 te
2003 3421 2231 3488 cogitare
2257 3458 2272 3483 ,
2303 3425 2434 3487 quod

890 3517 1134 3569 ninnium
1191 3530 1310 3581 quae
1368 3514 1418 3564 hi
1451 3512 1661 3584 docent,
1697 3511 1785 3563 illa
1825 3517 2027 3562 tantum
2064 3511 2434 3562 necessitatem

895 3607 1151 3658 habemus
1191 3603 1447 3667 recipere,
1490 3606 1608 3668 'qure
1626 3603 1785 3653 veies
1822 3601 1938 3668 ipsa
1957 3614 2105 3652 saera
2137 3598 2432 3664 Scriptura,

911 3693 1244 3762 apertissime
1292 3702 1343 3743 et
1373 3690 1876 3744 indubitabilissime
1916 3689 2275 3743 ostenduntur
2299 3726 2314 3751 ,
2355 3689 2432 3740 rei

907 3796 1002 3848 per
1069 3778 1352 3832 concilium
1406 3778 1650 3844 generale
1715 3789 1966 3842 expresse
2025 3776 2326 3827 examinata
2379 3784 2435 3828 et

895 3868 1247 3923 tit-terminata
1300 3868 1490 3931 adepta
1543 3877 1665 3918 sunt
1713 3867 2055 3925 sententiam,
2106 3873 2170 3916 ut
2212 3864 2433 3917 debeant

896 3972 1084 4009 omnes
1111 3971 1172 4008 ea
1204 3954 1506 4013 admittere,
1553 3955 1633 4005 vel
1670 3953 1829 4006 etiam
1874 3967 1965 4018 per
2011 3961 2247 4005 nostram
2279 3961 2430 4004 natu-

896 4046 1061 4098 ralem
1097 4043 1353 4096 rationent
1386 4041 1519 4093 satis
1546 4041 2121 4095 demonstrari-valent.
2151 4039 2279 4103 Quae
2306 4055 2431 4094 vero

899 4150 1003 4187 non
1036 4134 1160 4185 talia
1193 4139 1336 4192 sunt,
1378 4144 1482 4182 non
1517 4131 1644 4182 milii
1675 4130 1886 4182 videtur
1938 4130 2174 4181 debitum
2215 4143 2334 4183 esse
2367 4147 2427 4184 ea

896 4223 1203 4282 admittere,
1258 4231 1429 4284 neque
1465 4217 1778 4283 periculum,
1815 4229 1918 4268 nou
1950 4217 2149 4268 credita
2175 4223 2227 4267 et
2253 4216 2426 4276 srireta

898 4311 1053 4364 nobis
1089 4310 1308 4361 inferre.
1340 4305 1457 4359 Non
1498 4307 1638 4358 enim
1670 4307 1880 4372 penitus
1920 4304 2066 4358 illius
2094 4307 2424 4361 auctoritatis

2528 3178 2617 3219 eos
2645 3164 2734 3229 qui
2767 3163 2819 3236 in
2852 3163 2956 3216 illis
3007 3165 3252 3218 conciliis
3302 3178 3474 3231 erant,
3523 3169 3888 3236 imperialibus
3913 3175 4055 3226 cele-

2528 3237 2821 3307 brabantur
2846 3251 3028 3319 jussis.
3055 3251 3108 3303 in
3139 3254 3336 3320 quibus
3371 3254 3632 3318 conciliis,
3665 3257 3787 3310 licet
3809 3260 4042 3325 primum

2529 3345 2698 3397 locum
2720 3357 2853 3408 papa
2875 3343 3162 3407 obtinebat,
3184 3345 3261 3397 vel
3284 3346 3399 3410 ejus
3423 3347 3600 3414 legati,
3624 3356 3803 3400 tamen
3821 3363 4052 3405 ratione:

2528 3444 2579 3487 et
2606 3430 2953 3485 determinata
2983 3431 3228 3499 dogmata
3259 3447 3364 3486 non
3394 3445 3518 3488 sunt
3545 3437 3785 3501 exposita
3812 3439 4055 3504 singula-

2528 3521 2658 3572 riter
2671 3532 2734 3569 es
2760 3532 2984 3585 persona
3000 3533 3165 3587 papae,
3187 3524 3278 3575 sed
3297 3537 3356 3573 ex
3377 3537 3603 3590 persona
3629 3527 3788 3579 totius
3811 3529 4048 3583 concilii.

2594 3607 2674 3659 Ad
2706 3607 2816 3659 haec
2848 3602 3021 3674 ‘igitur
3063 3610 3193 3661 mihi
3243 3613 3568 3685 respicienti,
3610 3614 3771 3668 nitnis
3798 3631 4051 3671 necessa-

2529 3697 2664 3750 rium
2697 3696 2925 3759 ridetur,
2961 3708 3013 3750 et
3045 3698 3097 3750 in
3125 3702 3368 3766 pmcnti
3398 3702 3709 3765 quastione,
3736 3713 3795 3757 ut
3817 3720 4050 3758 concur-

2527 3795 2604 3840 rat
2636 3784 2793 3837 simul
2820 3800 2942 3838 eum
2998 3785 3236 3841 Romana
3269 3787 3522 3854 Ecclesi'v,
3559 3791 3719 3844 etiam
3750 3793 3928 3848 totius
3948 3795 4049 3849 Ee-

2527 3874 2700 3928 clesire
2754 3877 3046 3928 auctoritas
3093 3883 3251 3943 atque
3285 3879 3540 3944 cognitio.
3565 3880 3840 3948 Siquidem
3868 3891 3920 3934 et
3948 3883 4051 3937 hoc

2526 3977 2588 4015 ex
2617 3960 2797 4013 debito
2815 3966 3147 4016 necessitatis
3168 3965 3270 4016 erit
3297 3967 3646 4030 credendum.
3673 3969 3815 4033 Quid
3848 3971 4048 4037 igitur?

2527 4049 2604 4102 Ad
2653 4051 2975 4102 credendum
3028 4064 3094 4103 ne
3143 4065 3205 4102 es
3268 4051 3402 4103 Filio
3455 4055 3740 4118 procedere
3791 4057 4048 4121 Spiritum

2527 4147 2769 4194 sanctum
2821 4137 2944 4189 dico
2975 4152 3058 4190 me
3088 4139 3352 4202 haesitare,
3384 4156 3446 4194 ex
3479 4142 3596 4196 solo
3617 4157 3741 4196 vero
3789 4144 3947 4200 Patre
3973 4147 4055 4215 ip-

2524 4240 2640 4283 sum
2667 4227 2979 4291 procedere,
3030 4227 3173 4292 quod
3216 4229 3369 4281 multi
3389 4231 3597 4292 dicunt,
3645 4235 3875 4289 arbitror
3905 4248 4049 4291 recte

2528 4313 2766 4368 dictum?
2809 4311 3028 4366 Ilultum
3073 4314 3283 4371 deﬁcio.
3321 4317 3423 4370 Sed
3447 4321 3490 4372 si
3515 4330 3691 4388 potest
3715 4321 3844 4390 dici,
3880 4327 4051 4381 multo

898 4398 1222 4449 :estimatnns
1247 4395 1367 4447 iiios
1394 4407 1534 4455 esse,
1561 4392 1715 4458 cujus
1743 4393 2025 4459 prophetas
2060 4402 2111 4444 et
2139 4395 2423 4472 apostolos,
2453 4375 2500 4435 D
2524 4401 2698 4455 adhuc
2744 4400 3096 4458 dubitabiiius
3122 4413 3177 4457 et
3203 4375 3569 4463 incredibilius
3711 4375 3927 4468 ἠιξ

900 4495 955 4535 ut
987 4484 1304 4551 simpliciter
1332 4481 1782 4549 quemadmodum
1829 4480 1955 4544 illis,
1997 4481 2070 4532 ita
2110 4490 2164 4533 et
2211 4474 2293 4533 lti‘s
2336 4497 2427 4549 per

899 4587 1078 4623 omnia
1118 4571 1410 4624 debeamus
1459 4570 1668 4636 parcre.
1708 4570 2091 4635 Argumentum
2124 4577 2296 4621 autem
2327 4581 2427 4634 est,

896 4660 1037 4726 quod
1069 4660 1344 4727 prophetae
1373 4659 1588 4725 quidem
1634 4664 1688 4709 et
1721 4657 1946 4723 apostoli
1978 4658 2042 4708 de
2071 4656 2214 4710 uulla
2241 4672 2296 4710 re
2328 4659 2426 4712 sibi

895 4749 1185 4799 secundum
1230 4763 1341 4800 rem
1394 4736 1563 4814 ips-am
1599 4749 1864 4798 contraria
1913 4748 2116 4800 dicunt.
2164 4745 2292 4801 Post
2333 4748 2428 4802 hos

900 4851 1024 4886 vero
1057 4837 1299 4893 doctores
1330 4837 1485 4886 nimis
1519 4836 1572 4886 itt
1604 4836 1783 4887 multis
1812 4846 1863 4887 et
1894 4852 1997 4888 non
2034 4837 2233 4902 part-is,
2266 4846 2318 4888 et
2339 4851 2429 4889 cx-

901 4922 1146 4984 poncndo
1196 4924 1551 4988 Scripturam,
1588 4933 1638 4975 et
1684 4925 2108 4990 dogmatisando,
2161 4927 2427 4980 contraria

899 5011 1004 5062 sibi
1035 5010 1281 5069 invicem,
1312 5012 1603 5062 secundum
1640 5025 1751 5062 rem
1779 5011 1945 5076 ipsam
1973 5012 2156 5063 dicunt
2187 5027 2202 5062 :
2236 5023 2293 5064 ut
2316 5013 2427 5066 sine

899 5101 1142 5168 periculo
1177 5100 1330 5152 nobis
1356 5100 1464 5164 jam
1500 5100 1607 5161 ﬁat,
1645 5101 1727 5151 cui
1778 5101 2026 5153 volumus
2062 5101 2331 5155 assentiri.
2359 5103 2427 5155 At

897 5207 1020 5244 vero
1041 5192 1297 5259 Spiritum
1316 5198 1559 5241 sanctum
1583 5197 1634 5240 et
1659 5203 1720 5240 ex
1756 5190 1889 5241 Filio
1918 5191 2224 5254 procedere,
2255 5206 2425 5258 neque

897 5297 988 5344 per
1021 5282 1314 5332 naturalem
1368 5288 1602 5355 nostram
1639 5281 1898 5331 rationem
1946 5280 2424 5345 cotupreiteusibile

899 5371 1024 5420 mihi
1052 5386 1167 5423 οςηε
1192 5371 1442 5431 videtur;
1482 5383 1654 5434 neque
1684 5384 1746 5420 ex
1794 5371 1902 5434 ipsa
1947 5385 2096 5422 sacra
2128 5371 2420 5437 Scriptura,

896 5475 1009 5511 sine
1052 5461 1196 5511 omni
1236 5459 1583 5524 ambiguitate
1634 5458 1926 5512 certissime
1974 5462 2204 5524 ostendi,
2257 5478 2424 5529 neque

970 5634 981 5657 '
1023 5631 1176 5686 Joan.
1223 5650 1301 5684 xv.
1332 5632 1421 5683 ‘25.

2520 4493 2636 4545 beO.

2591 4579 2827 4632 Primum
2875 4583 3017 4633 enim
3067 4598 3163 4650 per
3195 4598 3509 4638 communes
3565 4595 3618 4640 et
3650 4593 3923 4645 naturales
3953 4609 4050 4646 no-

2523 4665 2888 4733 tionesipsum
2922 4667 3298 4732 demonstrari,
3316 4685 3413 4736 per
3439 4672 3652 4724 easdem
3686 4675 3893 4741 utique,
3915 4692 4050 4744 quas

2523 4765 2572 4809 et
2617 4754 2766 4822 prius
2818 4755 2927 4809 disi
2991 4771 3205 4819 causas,
3251 4759 3576 4825 impossibile
3632 4762 3760 4814 mihi
3816 4765 4047 4818 videtur.

2533 4841 2733 4894 Deinde.
2759 4849 2810 4891 et
2846 4839 2898 4890 in
2920 4849 3025 4893 tota
3059 4857 3213 4894 saera
3239 4855 3293 4896 et
3321 4847 3501 4899 divina
3529 4849 3805 4914 Scriptura
3833 4852 4041 4904 nullum

2524 4929 2792 4983 invenitur
2835 4929 3036 4982 dictum
3082 4932 3201 4994 tale,
3239 4949 3330 4999 per
3363 4935 3527 5000 quod,
3581 4950 3683 4989 non
3715 4939 3836 4990 dico
3864 4952 4047 5006 aperte

2525 5017 2917 5079 demonstrari,
2949 5018 3040 5071 sed
3072 5022 3149 5071 vel
3180 5023 3483 5090 conjectura
3515 5027 3888 5092 etsnspleione
3919 5043 4045 5094 per-

2523 5108 2625 5174 cipi
2667 5106 2871 5173 possit,
2904 5109 3042 5174 quod
3078 5125 3144 5162 ex
3173 5111 3291 5162 solo
3349 5110 3506 5165 Patre
3565 5112 3797 5177 Spiritus
3827 5126 4049 5171 sanctus

2523 5201 2778 5269 procedit.
2814 5197 2992 5265 Neque
3011 5201 3150 5253 enim
3185 5205 3440 5269 quoniam
3457 5204 3589 5255 dixit
3609 5203 3867 5259 Dominus
3895 5224 3906 5256 :
3939 5207 4045 5270 Qui

2527 5307 2558 5340 α
2584 5286 2740 5336 Patre
2785 5289 3007 5351 procedit
3036 5288 3080 5353 ⁷,
3123 5289 3240 5342 ideo
3285 5290 3462 5343 statim
3509 5291 3681 5356 putari
3711 5293 3886 5354 debet,
3921 5296 4047 5359 quia

2528 5393 2632 5431 non
2673 5391 2733 5427 ex
2765 5376 2878 5441 ipso
2932 5392 3144 5446 quoque
3186 5379 3441 5446 procedit.
3473 5381 3753 5433 Assuetum
3785 5384 3923 5434 enim
3963 5391 4048 5436 est

2527 5469 2623 5535 ipsi
2683 5466 2962 5532 Salvatori,
3025 5483 3121 5522 sua
3171 5477 3224 5523 et
3254 5468 3426 5523 Patris
3474 5473 3779 5524 communia
3808 5471 3952 5523 Patri
3985 5477 4046 5520 ut
