4450 6440
399 432 529 495 1293

1511 418 1746 478 EPIST.
1791 418 1890 475 AD
1933 414 2425 475 BARLAAMUM.

3399 402 3530 466 1194

397 541 682 607 plurimum
728 533 1038 596 attribuere,
1084 545 1186 584 non
1231 528 1512 582 addentem
1559 528 1721 579 verbo
1750 535 1801 576 et
1837 537 1915 578 se.
1946 529 1987 582 Α
2018 530 2164 575 recte
2197 537 2381 614 sapere
2443 522 2496 572 in
2539 518 2792 614 Symbolo
2844 525 3018 569 tamen
3041 515 3164 614 ipsa
3209 526 3312 614 uer
3343 525 3534 614 poti-Io-

393 602 462 683 th
491 630 544 680 in
584 626 730 677 illis:
779 621 960 674 Omnis
1004 621 1256 688 plantatio
1315 633 1465 684 quem
1520 631 1620 668 non
1657 615 1910 682 plantavit
2011 620 2153 663 runt.
2195 609 2372 672 Quare
2389 614 2557 661 restat
2592 604 2884 674 ambigere,
2925 621 2992 658 ne
3039 604 3177 657 forte
3204 615 3259 657 et
3286 603 3385 655 hoc
3415 602 3534 655 illo-

395 717 554 768 Pater
572 728 710 766 metu
733 710 970 773 eclestis,
986 709 1337 761 eradimbitur
1355 707 1376 738 ⁸
1397 723 1411 770 ;
1441 713 1492 758 et
1517 722 1532 758 :
1570 704 1734 756 Nemo
1752 711 1915 771 potest

393 800 563 854 eruite
618 798 688 850 ad
733 810 833 861 me,
865 797 966 847 eiii
1020 798 1183 847 Pater
1237 808 1381 846 meus
1429 793 1659 843 attrahat
1692 791 1912 855 ὄντων.

393 888 666 951 Quamvis,
701 887 824 953 quis
854 901 1047 952 negare
1091 882 1517 952 prtesumpserit,
1541 888 1594 932 et
1623 881 1796 947 ipsum
1829 879 1917 930 Fi-

399 981 524 1030 llum
573 979 812 1045 plantare
867 975 922 1026 in
984 974 1177 1041 pietate
1211 973 1444 1024 ﬁdelium
1501 974 1724 1028 mentes,
1769 978 1823 1020 et
1851 969 1916 1020 ad

396 1066 618 1116 salutem
660 1065 929 1115 attrahere
965 1075 1079 1114 reas
1099 1063 1122 1112 'l
1146 1059 1322 1131 Quare
1363 1068 1521 1111 restat
1553 1066 1605 1108 et
1631 1056 1696 1108 de
1723 1068 1919 1123 propo-

396 1151 498 1204 sito
522 1153 810 1219 ambigere,
850 1165 915 1202 ne
954 1149 1091 1203 forte
1144 1149 1320 1201 simile
1371 1145 1589 1208 sitillis,
1628 1158 1746 1211 quze
1774 1143 1916 1196 Patri

396 1240 759 1293 attribuuntur
834 1238 1074 1307 quidem,
1125 1247 1251 1293 sunt
1319 1244 1495 1290 autem
1587 1238 1707 1290 aliis
1773 1251 1920 1292 com-

398 1332 595 1382 munia.
647 1327 808 1381 Multa
844 1330 986 1380 enim
1029 1328 1154 1380 talia
1211 1329 1265 1379 in
1319 1328 1616 1394 Evsngeliis
1644 1330 1920 1397 reperiun-

400 1429 486 1470 tur
512 1434 526 1479 ;
550 1417 639 1470 ubi
666 1419 764 1470 etsi
800 1416 1178 1482 distinguendo
1205 1415 1458 1469 dixisset:
1484 1415 1584 1479 Qui
1617 1432 1645 1468 a
1677 1418 1791 1472 solo
1818 1417 1921 1470 Pa-

399 1519 478 1558 tre
499 1506 762 1574 procedit:
809 1520 984 1572 neque
1012 1507 1090 1559 sic
1122 1506 1394 1558 tolleretur
1415 1506 1636 1559 omnino
1663 1521 1918 1574 querere,

402 1607 468 1644 ne
492 1603 546 1644 et
574 1607 636 1644 es
665 1607 727 1644 eo
752 1595 1024 1660 procedat.
1082 1591 1212 1645 Nam
1251 1593 1358 1645 alio
1387 1593 1506 1646 loco
1557 1595 1663 1647 ait:
1694 1593 1819 1645 ilco
1843 1601 1920 1646 est

401 1685 504 1732 vita
531 1689 747 1741 aeterna,
770 1692 829 1731 ut
855 1689 1164 1746 cognoscant
1189 1691 1235 1732 te
1252 1681 1420 1732 solum
1468 1696 1636 1733 serant
1667 1677 1829 1732 Deam
1857 1682 1920 1744 ",

399 1769 643 1831 quamvis
673 1779 728 1818 et
766 1769 879 1840 ipse
909 1781 1067 1819 verus
1113 1766 1252 1819 Deus
1311 1769 1594 1819 exslstens.
1640 1764 1709 1817 Et
1757 1763 1919 1818 illud:

403 1857 563 1908 Nemo
597 1856 851 1922 cognoscit
874 1855 1061 1907 Filiam
1081 1857 1182 1908 nisi
1210 1856 1368 1909 Pater
1394 1856 1458 1919 “,
1493 1864 1570 1918 et,
1600 1855 1806 1908 Patrem
1833 1871 1921 1907 ite-

399 1957 480 1990 ιηο
536 1943 815 2007 cognoscit,
858 1940 958 1991 nisi
982 1940 1151 1994 Filius
1195 1942 1264 1996 “z
1311 1943 1555 2008 quamvis
1609 1953 1664 1996 et
1717 1944 1917 2011 Spiritu

401 2040 584 2082 sancto
616 2031 861 2084 similiter
887 2041 1258 2098 cognoscente,
1283 2041 1336 2083 et
1357 2033 1586 2097 Patrem,
1617 2042 1668 2086 et
1699 2033 1915 2088 Filium.

398 2115 574 2179 Quare
606 2125 658 2168 et
691 2116 743 2168 in
778 2117 872 2169 illo
901 2116 947 2168 si
975 2117 1223 2171 similiter
1270 2118 1469 2169 dictum
1502 2118 1713 2181 luisset,
1740 2130 1921 2186 posset

400 2207 583 2272 utique
628 2205 844 2272 ambigi,
871 2220 938 2259 ne
958 2205 1093 2259 forte
1121 2205 1296 2272 ipsum
1327 2206 1432 2258 tale
1474 2215 1635 2269 esset,
1664 2209 1763 2260 soli
1797 2211 1918 2276 qui-

401 2296 520 2347 dem
549 2293 691 2346 Patri
722 2294 1063 2358 attributum,
1116 2296 1283 2347 nihilo
1312 2295 1490 2349 minus
1519 2305 1694 2348 autem
1720 2305 1772 2351 et
1799 2297 1919 2351 Filii

399 2384 682 2436 exsistens.
709 2383 898 2436 Adhuc
924 2392 1102 2436 autem
1134 2385 1234 2439 etsi
1258 2395 1438 2452 aperte
1470 2384 1658 2439 fuisset
1683 2387 1916 2441 dictum:

402 2475 501 2536 Qui
534 2488 637 2524 non
666 2488 693 2524 a
720 2487 825 2534 me,
858 2474 951 2526 sed
980 2487 1011 2525 a
1040 2472 1199 2526 Patre
1243 2475 1512 2540 procedit;
1538 2487 1591 2529 et
1612 2477 1685 2529 ita
1717 2478 1790 2529 nil
1819 2479 1923 2530 mi-

405 2575 505 2612 nus
533 2562 726 2626 ambigi
757 2571 962 2627 posset.
1018 2559 1176 2612 Multa
1208 2564 1351 2614 enim
1401 2565 1761 2618 communium
1789 2566 1923 2620 dixit

408 2663 574 2708 neque
611 2659 666 2700 se
698 2648 921 2709 babere,‘
947 2660 1124 2714 neque
1162 2649 1356 2703 facere.
1388 2649 1502 2702 lu
1530 2653 1787 2718 doctrina,
1823 2657 1918 2717 ait,

406 2752 507 2788 non
541 2746 613 2788 est
643 2751 780 2797 mea,
801 2739 892 2789 sed
919 2736 1096 2788 Patris
1126 2739 1194 2799 “;
1221 2747 1308 2790 ct:
1351 2737 1467 2790 Non
1498 2743 1609 2793 serti
1632 2742 1801 2805 facere
1832 2761 1922 2796 νο·-

404 2829 651 2878 luntutem
688 2825 892 2888 meum,
911 2829 999 2879 sed
1019 2829 1331 2881 uoluntatem
1346 2829 1457 2894 ejus
1482 2832 1570 2896 qui
1591 2833 1728 2884 misit
1752 2849 1831 2884 me
1860 2833 1919 2886 “.

409 2912 502 2961 Et:
555 2910 748 2961 Sedere
785 2925 818 2963 ts
862 2913 1057 2963 dextris
1083 2923 1130 2964 et
1159 2930 1190 2964 a
1237 2916 1467 2968 sinistris
1527 2919 1670 2980 meis,
1716 2933 1815 2969 non
1838 2934 1920 2972 est

405 3014 567 3048 meum
596 2999 724 3050 dare
747 3001 902 3063 vobis,
927 3003 1012 3052 sed
1038 3003 1114 3053 his
1143 3003 1323 3069 quibus
1346 3015 1583 3068 peratum
1613 3017 1686 3057 est
1717 3024 1748 3058 a
1769 3005 1922 3060 Patre

406 3104 514 3139 nso
541 3091 618 3148 “:
649 3101 696 3140 et
724 3105 738 3140 :
766 3089 964 3141 Harant
1019 3091 1191 3152 illam,
1232 3108 1390 3158 neque
1417 3092 1585 3147 Filius
1631 3098 1790 3159 novit,
1822 3099 1922 3149 nisi
1948 3117 1994 3179 ο

404 3179 544 3228 solus
576 3177 730 3228 Pater
776 3180 836 3230 ".
883 3180 1059 3242 Quare
1085 3181 1131 3232 si
1173 3181 1300 3233 illud
1327 3182 1575 3236 similiter
1629 3184 1818 3238 fuisset
1838 3188 1922 3239 di-

406 3281 570 3326 ctum,
595 3275 739 3317 esset
764 3267 936 3318 adhuc
987 3269 1139 3321 locus
1172 3271 1475 3336 ambigendi
1505 3309 1520 3332 ,
1554 3287 1618 3324 ne
1641 3274 1774 3326 forte
1803 3289 1922 3328 cum

410 3353 490 3404 his
516 3353 674 3407 sensu
703 3353 900 3404 dictum
933 3354 1116 3408 luisset
1156 3359 1396 3420 quamvis
1435 3372 1737 3411 commune.

481 3441 576 3494 Ubi
612 3445 768 3510 igitur
811 3455 867 3496 et
905 3453 1174 3496 assuetum
1230 3451 1314 3495 est
1373 3443 1586 3497 Christo
1617 3449 1922 3501 contmtmia

406 3531 549 3581 Patri
579 3531 892 3591 attribuere,
924 3539 978 3582 et
1006 3537 1182 3596 neque
1211 3531 1586 3598 distinguendo
1622 3534 1756 3587 dixit
1783 3551 1798 3588 :
1821 3536 1920 3599 Qui

407 3638 433 3668 ι
455 3621 570 3669 soio
604 3617 760 3670 Patre
785 3619 1060 3684 procedit;
1089 3633 1278 3686 neque,
1313 3618 1463 3683 Quod
1496 3637 1600 3674 non
1622 3638 1651 3674 a
1691 3637 1803 3686 me;
1826 3626 1924 3678 du-

407 3705 620 3757 bitabile
658 3719 876 3774 prorsus
914 3713 966 3758 et
1018 3708 1324 3776 ambiguum
1372 3710 1616 3776 elicitur,
1661 3715 1923 3779 quomodo

409 3794 542 3844 dixit
577 3794 678 3846 hoc
706 3793 988 3848 Salvator:
1022 3805 1199 3849 utrum
1229 3807 1286 3850 ut
1309 3800 1638 3867 intelligatur
1671 3806 1718 3856 id
1753 3805 1922 3860 solius

407 3881 575 3933 Patris
608 3883 876 3948 proprium
903 3898 1046 3946 esse,
1077 3901 1144 3937 an
1179 3889 1365 3940 volens
1395 3903 1705 3952 commune,
1729 3893 1780 3944 id
1814 3903 1916 3956 est,

404 3971 503 4022 sibi
533 3979 583 4022 et
619 3971 791 4026 Patris
814 3973 1036 4039 intelligi
1065 3991 1077 4026 :
1110 3976 1558 4041 quemadmodum
1594 3990 1646 4031 et
1675 3981 1776 4033 alia
1802 3996 1920 4047 qua

405 4059 649 4112 similiter
671 4060 738 4112 ab
770 4075 832 4113 eo
861 4062 1002 4114 dicta
1028 4072 1174 4115 sunt.
1224 4064 1477 4118 Similiter
1504 4075 1557 4118 et
1590 4068 1639 4119 in
1673 4067 1921 4136 Symbolo

406 4149 546 4209 ﬁdei,
573 4151 712 4214 quod
739 4150 1008 4203 Nicznum
1038 4154 1321 4204 concilium
1349 4155 1642 4220 inchoavit,
1699 4169 1748 4211 et
1779 4161 1920 4213 Con-

404 4239 931 4303 stantinopolitanum
965 4242 1373 4304 consummavit,
1402 4243 1590 4308 legitur
1614 4246 1824 4310 quidem
1845 4249 1918 4301 ita

2014 712 2131 750 rum
2157 697 2248 761 sit,
2282 709 2398 763 qua
2429 696 2481 747 in
2514 694 2758 764 symbolo
2785 693 3000 760 quidem
3019 707 3126 745 non
3153 690 3540 750 dicuntur,ali-

2017 797 2096 840 ter
2116 799 2240 838 varo
2267 784 2334 837 ab
2359 785 2442 838 his
2457 784 2766 839 creduntur.
2792 782 3104 848 Quanquam
3129 789 3344 832 sanctus
3375 778 3541 833 Atha-

2016 889 2220 930 nasius.
2259 885 2313 928 et
2343 889 2560 942 magnus
2601 873 2853 932 Basilius,
2886 881 2936 924 et
2961 872 3126 923 frater
3152 870 3269 936 ejus
3295 908 3310 932 ,
3343 879 3432 938 qui
3459 870 3536 921 di-

2015 973 2211 1017 cuntur
2248 965 2554 1018 interfuisse
2577 963 2842 1032 praedictis
2864 963 3125 1022 conciliis,
3158 959 3436 1012 manifeste
3461 958 3539 1011 vi-

2015 1050 2206 1102 dentur
2235 1049 2491 1117 idipsum,
2522 1049 2661 1117 quod
2688 1048 2863 1099 Latini
2897 1048 3424 1113 dicunt,~sapietttes.
3459 1048 3536 1098 Att

2016 1137 2158 1190 dicet
2189 1138 2384 1205 aliquis
2412 1146 2663 1203 corrupta
2695 1150 2812 1188 esse
2841 1139 3025 1188 borum
3064 1134 3295 1200 scripta?
3323 1133 3413 1186 sed
3442 1145 3541 1197 ego

2017 1235 2070 1280 et
2114 1227 2215 1281 hoc
2254 1227 2458 1280 incerto
2503 1226 2816 1288 exsistente,
2870 1226 3059 1276 merito
3083 1223 3265 1291 utique
3302 1223 3538 1290 ambigo.

2088 1316 2288 1369 Deinde
2314 1329 2489 1383 neque
2531 1316 2632 1369 hoc
2665 1322 3019 1368 servaverunt
3044 1313 3262 1364 omnino
3291 1311 3347 1363 in
3384 1310 3540 1378 Sym-

2019 1406 2160 1470 bolo,
2189 1416 2248 1459 ut
2275 1405 2577 1458 communia
2613 1405 2774 1457 trium
2811 1415 3158 1472 personarum
3185 1402 3262 1453 vel
3315 1401 3540 1453 duarum

2017 1496 2292 1564 assignent
2342 1508 2400 1550 ut
2436 1497 2760 1558 communia,
2793 1496 3000 1562 propria
3030 1507 3153 1546 vero
3191 1493 3304 1546 sola
3333 1491 3542 1546 unicui-~

2021 1598 2124 1652 que
2170 1584 2487 1646 attribuant,
2514 1584 2606 1638 sed
2645 1598 2675 1636 e
2712 1586 2983 1637 contrario
3023 1583 3073 1634 in
3107 1581 3288 1634 multis
3324 1589 3544 1648 propter

2021 1671 2424 1736 compendium,
2479 1678 2538 1724 ut
2579 1670 2805 1732 aestimo,
2842 1668 3101 1721 iecerunt.
3134 1668 3264 1720 Nam
3294 1666 3548 1735 Omnipo-

2022 1766 2139 1810 tens
2167 1773 2289 1812 cum
2337 1768 2480 1812 esset
2534 1771 2841 1820 commune,
2876 1758 3086 1811 Putrem
3122 1765 3543 1824 omnipotentem

2024 1847 2282 1911 dicentes,
2344 1847 2477 1900 Filio
2528 1847 2609 1900 vel
2642 1846 2861 1923 Spiritui
2896 1847 2995 1899 hoc
3039 1859 3143 1897 non
3188 1845 3468 1898 dederunt.
3507 1843 3547 1896 E

2021 1949 2280 1989 converso
2308 1951 2433 1989 vero
2459 1938 2526 1989 de
2558 1936 2786 1988 Domino
2813 1935 3075 1997 fecerunt,
3110 1932 3300 1987 Filium
3347 1945 3400 1987 et
3428 1934 3548 2000 Spio

2020 2022 2185 2075 ritum
2205 2023 2488 2076 Dominum
2509 2024 2782 2078 dicentes:
2823 2025 2947 2080 item
2987 2024 3155 2078 factor
3184 2024 3393 2090 qutdem
3428 2039 3548 2075 om-

2024 2112 2170 2162 nium
2222 2109 2453 2178 Spiritus
2485 2121 2702 2164 sanctus
2742 2119 2850 2176 est,
2881 2112 2972 2165 sed
3005 2113 3107 2163 hoc
3152 2111 3294 2163 Patri
3331 2121 3384 2164 et
3414 2109 3548 2162 Filio

2025 2203 2337 2267 tribuentes,
2381 2205 2450 2257 de
2504 2203 2707 2271 Spiritu
2753 2205 2886 2257 nihil
2938 2207 3128 2258 horum
3187 2205 3452 2260 dixerunt.
3507 2204 3550 2258 Ε

2019 2306 2278 2369 converso
2321 2308 2446 2346 vero
2487 2294 2836 2347 viviﬁcantem
2885 2309 3030 2357 esse,
3061 2302 3116 2347 et
3153 2294 3389 2347 locutum
3429 2310 3548 2348 esse

2024 2395 2115 2447 per
2144 2384 2455 2450 prophetas,
2474 2399 2592 2436 cum
2611 2392 2793 2438 essent
2811 2384 3134 2446 communia,
3159 2399 3262 2436 non
3291 2383 3436 2438 Patri
3467 2384 3555 2437 vei-

2023 2468 2177 2535 Filio,
2227 2474 2320 2525 sed
2351 2471 2574 2539 Spiritui
2601 2474 2965 2528 reddiderunt.
2989 2474 3195 2528 Rursus
3222 2489 3341 2528 esse
3366 2476 3542 2528 tumea

2021 2559 2088 2611 de
2117 2560 2333 2624 lumine,
2357 2573 2409 2614 et
2441 2562 2603 2614 Deum
2638 2577 2818 2616 verum
2846 2565 2912 2617 de
2949 2565 3054 2616 Deo
3087 2579 3210 2618 vero
3234 2565 3543 2618 communia

2025 2656 2150 2700 sunt
2188 2647 2304 2702 Filii
2325 2659 2375 2704 et
2391 2649 2622 2719 Spiritus
2647 2669 2661 2704 :
2691 2653 2764 2704 illi
2790 2669 2913 2707 vero
2933 2655 2998 2708 de
3022 2654 3175 2716 Filio,
3200 2669 3305 2709 non
3337 2656 3402 2708 de
3426 2655 3548 2722 Spi-

2026 2725 2128 2788 ritu
2163 2737 2275 2791 lttrc
2299 2740 2567 2792 dixerunt.
2602 2741 2734 2803 Quia
2768 2743 2928 2808 igitur
2960 2743 3128 2806 novit,
3166 2745 3307 2811 quod
3339 2759 3442 2797 non
3471 2747 3550 2799 si-

2026 2827 2219 2880 militer
2264 2843 2546 2882 commune
2595 2830 2770 2883 Patris
2817 2843 2872 2884 et
2921 2832 3038 2885 Filii
3103 2836 3370 2901 sapientes
3403 2852 3547 2897 esse.

2024 2914 2166 2978 quod
2194 2929 2258 2968 ex
2311 2917 2389 2968 eis
2418 2918 2654 2984 Spiritus
2683 2927 2904 2974 sanctus
2935 2924 3194 2988 procedit,
3232 2925 3363 2976 satis
3397 2935 3550 2992 puta-

2027 3011 2217 3054 verunt
2252 3005 2351 3056 hoc
2379 3015 2573 3070 ponere
2608 3007 2660 3058 in
2698 3006 2891 3060 Patre?
2912 3010 3017 3076 Ego
3035 3013 3176 3064 enim
3200 3026 3264 3064 es
3296 3016 3395 3067 hoc
3420 3031 3549 3069 neu-

2026 3097 2166 3139 trum
2201 3088 2443 3142 concludi
2493 3092 2798 3158 considero,
2835 3109 3003 3161 neque
3030 3100 3171 3162 quod
3203 3114 3268 3150 ex
3303 3103 3417 3154 solo
3451 3102 3552 3153 Pa-

2030 3189 2110 3231 tre
2133 3194 2303 3245 neque
2324 3181 2466 3247 quod
2486 3196 2549 3233 ex
2575 3181 2710 3235 Filio
2737 3187 2988 3249 procedit,
3028 3188 3164 3241 sicut
3185 3204 3353 3257 neque
3371 3193 3438 3245 de
3459 3193 3548 3246 illo

2027 3269 2274 3327 superius
2319 3280 2737 3324 commemorato
2765 3277 3067 3342 evangelica
3083 3278 3245 3332 dicto.

2095 3353 2196 3405 Sed
2235 3363 2286 3406 et
2312 3357 2474 3408 nimis
2521 3359 2686 3410 miror
2718 3362 2783 3413 de
2821 3362 2947 3426 illis,
2977 3367 3067 3430 qui
3106 3379 3310 3420 certum
3345 3371 3545 3438 aliquid

2025 3452 2217 3509 putant
2238 3459 2296 3497 se
2331 3460 2397 3498 ex
2445 3447 2526 3499 his
2558 3449 2789 3502 haltere:
2825 3453 2891 3505 de
2939 3454 3153 3520 scriptis
3182 3473 3309 3511 vero
3335 3474 3548 3518 sancto-

2025 3545 2141 3582 rum
2172 3541 2472 3586 nostrorum
2503 3534 2743 3600 Patrum,
2775 3553 2898 3605 qua:
2923 3543 2988 3595 ad
3036 3558 3184 3597 meas
3211 3560 3399 3601 manus
3426 3566 3548 3616 per-

2028 3631 2315 3687 venerunt,
2346 3625 2507 3676 trium
2542 3627 2646 3678 vidi
2673 3628 2836 3690 dicta,
2870 3646 2989 3698 qu:e
3041 3635 3286 3687 videntur
3317 3641 3550 3704 pra-bere

2024 3711 2087 3760 ad
2118 3713 2439 3776 propositum
2465 3715 2692 3781 aliquam
2723 3718 3080 3774 diliicultatem
3110 3740 3124 3775 :
3165 3728 3330 3779 sancti
3360 3729 3548 3798 Diony-

2023 3799 2086 3849 sii
2127 3800 2473 3870 Areopagitae,
2491 3815 2544 3856 et
2572 3808 2741 3857 sancti
2764 3807 3025 3875 Gregorii.
3046 3822 3106 3863 et
3130 3815 3301 3868 sancti
3329 3815 3549 3872 Joannis

2026 3886 2352 3943 Damasceni.
2372 3891 2468 3945 Ubi
2492 3904 2710 3948 sanctus
2739 3897 2950 3960 quidem
2977 3898 3255 3968 Dionysius
3277 3908 3349 3958 ait
3377 3909 3546 3962 solum

2023 3992 2138 4032 esse
2154 3978 2346 4032 fontem
2359 3985 2882 4048 supersubstantialis
2900 3987 3115 4041 Deitatis
3130 3991 3358 4046 Patrem.
3378 3996 3548 4053 Theo—

2026 4067 2174 4132 logus
2206 4083 2328 4121 vero
2361 4073 2630 4136 geminum
2683 4075 2886 4128 radium
2909 4077 3082 4131 Putris
3104 4083 3544 4139 nominati-‘iliutu

2022 4168 2075 4208 et
2095 4156 2348 4222 Spiritum
2366 4169 2626 4215 sanctum.

2093 4247 2449 4303 Damascenus
2494 4266 2618 4305 vere
2651 4253 2801 4316 dicit,
2832 4257 2980 4326 quod
3009 4256 3239 4324 Spiritus
3282 4275 3382 4312 non
3409 4262 3542 4314 diei-

404 4326 744 4391 simpliciter:
787 4327 888 4390 Qui
917 4342 980 4378 ea:
997 4326 1150 4379 Pam
1179 4331 1426 4392 procedit.
1461 4331 1562 4383 Sed
1597 4341 1771 4386 utrum
1803 4335 1918 4388 ideo
1959 4398 1996 4414 ﬁ
2025 4342 2110 4386 tur
2146 4350 2210 4386 ex
2247 4337 2400 4390 Filio.
2429 4339 2502 4392 De
2552 4343 2747 4408 quibus
2789 4345 2915 4398 illud
2968 4349 3193 4413 primum
3243 4351 3542 4414 considero,

405 4427 505 4466 non
529 4415 867 4476 addiderunt,
897 4427 944 4466 et
976 4432 1038 4468 ex
1078 4417 1237 4478 Filzo,
1266 4420 1520 4484 quoniam
1562 4437 1730 4486 nequc
1751 4424 1924 4491 sapie-
1959 4398 2001 4452 θ
2027 4432 2166 4490 (ιυοιι
2193 4427 2294 4479 etsi
2346 4398 2739 4493 apertissimum
2769 4443 2932 4497 esset,
2968 4398 3136 4502 ipsos?

407 4504 529 4554 bant
561 4505 658 4557 hoc
685 4504 782 4571 ipsi
807 4506 1128 4574 synodorum
1161 4507 1369 4560 illarum
1388 4508 1592 4574 Patres,
1621 4511 1922 4568 nullatenus
2026 4526 2229 4577 Sapere,
2266 4516 2407 4580 quod
2431 4515 2903 4585 Spiritus'sanetns
2938 4539 2997 4576 et
3034 4525 3150 4578 solo
3183 4527 3331 4579 Patre
3358 4541 3541 4593 proce-

405 4591 531 4642 mibi
568 4599 770 4644 certum
821 4603 985 4659 patet.
2013 4601 2118 4659 “dit,
2144 4611 2196 4652 et
2225 4613 2442 4666 non,~et
2459 4620 2520 4658 ex
2537 4605 2670 4661 ﬁlio
2696 4625 2712 4672 ;
2743 4615 2977 4664 nonduin
3015 4614 3114 4664 hoc
3137 4629 3228 4677 per
3255 4591 3539 4668 concilium

473 4676 711 4731 Primum
755 4681 896 4733 enim
946 4689 1137 4749 praeter
1161 4698 1221 4734 ea
1255 4686 1656 4754 dogmata,qna:
1685 4688 1921 4756 in‘Sym-
2021 4690 2262 4754 generale
2286 4684 2539 4758 "expresse
2577 4711 2638 4748 ex
2653 4700 2892 4752 aminato
2913 4708 2964 4752 et
2989 4676 3318 4760 coniti-mata.
3341 4703 3539 4757 nullum

403 4765 524 4818 bolo
555 4777 702 4826 sunt,
730 4770 893 4820 multa
920 4779 1046 4823 sunt
1068 4781 1122 4823 et
1151 4772 1251 4823 alia
1277 4775 1434 4827 nimis
1455 4778 1750 4830 necessaria
1770 4781 1833 4831 ad
1858 4779 1916 4832 ii-

401 4852 519 4904 dem
581 4855 848 4920 dogmata,
903 4867 956 4909 et
1010 4857 1074 4910 de
1108 4857 1230 4918 Deo,
1275 4861 1426 4913 etde
1468 4866 1817 4929 providentis,
1850 4867 1916 4920 de

399 4937 605 4992 duabus
639 4943 843 4997 naturis
863 4949 915 4995 et
939 4944 1298 4998 voluntatibus
1327 4955 1380 4999 et
1413 4952 1832 5013 operationibus.
1854 4955 1920 5007 de

400 5043 500 5078 una
559 5043 802 5094 persona,
856 5032 922 5084 de
974 5034 1278 5100 pauitantia
1308 5074 1321 5097 ,
1353 5035 1417 5087 de
1469 5049 1799 5092 sacramento
1819 5041 1920 5093 Eu-

398 5117 686 5181 charistiae,
711 5121 779 5171 de
815 5135 918 5172 non
947 5135 1066 5174 esse
1101 5123 1566 5189 prmexsistentiam
1598 5128 1916 5192 animarum,

400 5207 477 5257 vel
509 5208 826 5274 principium
871 5211 1220 5266 substantiale
1250 5214 1529 5277 malorum,
1562 5224 1613 5268 et
1639 5215 1704 5268 do
1733 5219 1913 5272 multis

460 5384 611 5438 Circa
661 5401 777 5454 qua:
813 5388 935 5442 illus
980 5391 1194 5457 quidem
1244 5394 1426 5448 Patres
1488 5395 1770 5448 verisimile
1793 5408 1908 5451 erat

463 5562 482 5591 “
518 5561 694 5612 Matth.
733 5580 817 5621 xv,
854 5569 934 5623 i5.

1036 5570 1054 5598 ’
1091 5566 1246 5622 Joan.
1298 5585 1369 5630 vt,
1426 5572 1510 5624 ιι.

393 5629 433 5656 ⁸⁵
463 5627 610 5678 Joattt.
644 5647 712 5693 νι,
750 5633 833 5685 58.

912 5637 954 5665 ¹⁹
983 5635 1166 5688 Matth.
1196 5654 1281 5692 sx.
1315 5639 1402 5691 25.
1483 5640 1521 5669 ⁸⁸

1609 5571 1650 5644 _“
1686 5567 1835 5644 ioan.
1867 5588 1993 5634 ινιι,
2025 5576 2078 5625 3.
2155 5570 2189 5606 η
2225 5577 2404 5632 Matth.
2439 5594 2510 5644 χι,
2534 5580 2620 5631 ‘27.

1573 5639 1752 5691 Matth.
1788 5656 1931 5701 xxiv,
1965 5643 2048 5692 Ezb'.

2022 4786 2162 4829 esset
2204 4777 2680 4845 prdptereamdem
2729 4789 2933 4853 utique,
2982 4803 3138 4855 quam
3162 4800 3211 4842 et
3237 4792 3386 4857 prius
3408 4794 3537 4856 disi.

2019 4881 2261 4926 cumam.
2298 4872 2435 4925 nolle
2463 4874 2683 4926 credere
2707 4876 3031 4941 periculum:
3074 4888 3126 4931 et
3158 4893 3276 4932 cum
3311 4882 3393 4936 his
3419 4884 3534 4950 pla-

2019 4954 2167 5008 ribus
2193 4962 2391 5012 sanctis
2417 4965 2744 5017 contrarium
2775 4967 3098 5032 dicentibus,
3129 4979 3184 5024 et
3217 4969 3538 5035 explicanti-

2023 5044 2146 5107 bus,
2176 5057 2225 5098 et
2268 5049 2423 5102 latius
2471 5052 2740 5117 problema
2791 5055 3202 5112 discutieutibus
3226 5099 3238 5117 .
3263 5062 3537 5112 sicutsan-

2019 5142 2137 5186 ctus
2167 5135 2516 5202 Augustinus,
2553 5147 2604 5191 et
2627 5153 2844 5195 sanctus
2869 5144 3118 5210 Cyrillus,
3138 5148 3402 5212 multaque
3446 5147 3536 5196 ba.

2019 5219 2262 5275 betttibtts
2295 5225 2359 5276 de
2397 5236 2579 5278 sancta
2606 5229 2875 5295 Scriptura
2917 5234 3078 5293 dicta,
3118 5249 3219 5284 non
3256 5234 3526 5287 mimum

2014 5311 2370 5374 suspicionem
2415 5317 2703 5381 praebentia
2743 5321 2901 5384 ltuju‘s
2945 5321 3223 5385 dogmatis.
3259 5319 3325 5371 Et
3353 5320 3527 5373 adhuc

2012 5410 2180 5449 matre
2209 5401 2445 5453 omnium
2495 5404 2875 5468 Ecclesiarum,
2910 5422 3024 5473 quae
3052 5422 3319 5474 nunquam
3370 5423 3526 5475 stipe.

2717 5580 2758 5610 "
2787 5579 2911 5631 ibid.
2996 5579 3034 5609 ”
3083 5579 3233 5635 Joau.
3293 5599 3380 5649 VII,
3444 5583 3528 5640 ίϐο
