4450 6440
409 415 536 480 1297

1551 407 1786 467 EPlS'l'.
1828 405 1926 462 AD
1959 404 2451 470 BARLAAMUM.

3424 411 3559 472 1298

406 547 544 585 unus
597 529 733 584 Deus
783 536 944 583 estet
986 541 1124 581 unus
1169 534 1416 587 aeternus,
1455 523 1525 576 ita
1567 533 1621 576 et
1657 535 1792 573 unus
1849 526 1929 572 est
1959 522 1996 575 Α
2031 519 2192 573 Deum
2220 525 2544 590 superiorem
2563 525 2720 578 etiam
2738 539 2852 580 esse
2895 525 3159 594 prmdictis
3178 524 3381 577 duabus
3411 538 3556 574 com-

405 622 631 686 spirator
652 619 877 682 Spiritus
909 617 1076 670 sancti
1103 633 1116 668 :
1153 611 1588 682 respondebitur,
1623 611 1761 678 quod
1787 610 1925 662 sicut

408 707 567 759 Deum
591 720 726 765 esse.
744 715 796 757 et
815 715 1068 757 aeternum
1095 718 1210 757 esse
1229 713 1280 755 et
1301 701 1400 753 alia
1420 699 1786 753 substantialia
1805 698 1920 752 sin-

403 797 661 863 gulariter
689 796 753 847 de
784 794 938 848 Patre
963 805 1015 847 et
1043 793 1178 846 Filio
1205 793 1507 860 prmdicata,
1537 796 1923 858 repraesentant

405 900 584 937 eorum
614 899 770 936 unam
805 884 1153 937 substantiam
1184 892 1236 935 et
1267 883 1556 935 essentiam
1584 897 1599 933 :
1629 881 1797 948 magis
1827 894 1925 931 au-

409 985 509 1025 tem
540 988 632 1039 per
660 973 710 1025 id
743 974 880 1040 quod
913 987 1094 1024 eorum
1155 979 1238 1025 est
1273 971 1603 1035 simpliciter,
1638 977 1688 1023 et
1719 981 1928 1021 summe

406 1077 508 1114 una
539 1063 827 1115 substantia
856 1078 871 1119 :
896 1062 1158 1129 contingit
1195 1070 1248 1114 et
1273 1064 1384 1114 hare
1423 1059 1790 1114 substantialia
1818 1059 1928 1112 sin-

402 1153 519 1218 gula
555 1150 655 1202 iter
697 1152 760 1200 de
801 1152 879 1203 eis
903 1151 1198 1217 praedicari,
1256 1149 1325 1202 ita
1350 1158 1402 1202 et
1427 1163 1545 1202 esse
1570 1148 1882 1215 spiratorem
1909 1165 1923 1210 ;

405 1252 526 1289 cum
584 1238 653 1288 sit
692 1238 986 1298 personalis
1042 1239 1338 1305 proprietas
1391 1252 1482 1289 seu
1531 1235 1828 1288 diﬂ'erentia
1876 1243 1928 1287 et

407 1325 753 1391 singulariter
787 1328 1106 1392 prmdieetur
1135 1326 1201 1378 de
1227 1325 1383 1377 Patre
1409 1325 1462 1378 et
1493 1324 1650 1384 Filio,
1683 1326 1928 1392 assigna-

407 1415 482 1466 bit
513 1428 692 1466 eorum
739 1429 900 1466 unam
946 1429 1067 1468 esse
1122 1415 1410 1468 secundum
1468 1414 1567 1466 hoc
1622 1428 1922 1478 personam.

405 1505 566 1572 Magis
594 1515 767 1556 autem
797 1521 862 1557 ex
893 1520 975 1566 eo,
1012 1507 1151 1572 quod
1181 1515 1324 1558 esset
1377 1504 1666 1558 secundum
1724 1504 1926 1569 spirare

404 1607 588 1644 eorum
617 1608 717 1645 una
754 1608 979 1660 persona
1004 1629 1020 1655 ,
1061 1594 1390 1666 contingeret
1439 1594 1540 1644 hoc
1587 1593 1926 1658 singulariter

405 1683 470 1731 de
502 1682 577 1732 eis
628 1681 924 1747 praedicari.
975 1681 1032 1733 Si
1065 1696 1191 1735 vero
1222 1683 1322 1735 hoc
1361 1683 1686 1750 impossibile
1733 1689 1831 1744 est,
1875 1693 1929 1733 et

405 1768 530 1821 illud
560 1785 623 1822 ex
651 1785 757 1837 quo
784 1781 956 1824 ortum
989 1772 1090 1825 hoc
1119 1782 1200 1824 est
1229 1773 1581 1837 impossibile.

471 1855 583 1910 Hoc
610 1868 696 1910 .est
734 1858 874 1910 illius
904 1871 1293 1925 argumentum,
1325 1860 1463 1927 quod
1497 1861 1644 1913 multi
1689 1862 1838 1914 aiunt
1871 1861 1924 1914 iu

406 1947 546 1999 nullo
609 1947 830 1999 deiicere
878 1947 952 2014 (l)
988 1947 1050 1998 ad
1105 1948 1474 2002 necessitatem
1525 1964 1554 2002 a
1607 1951 1924 2015 geometrica

403 2036 871 2089 demonstratione.
901 2033 1092 2088 Totum
1123 2050 1248 2089 vero
1307 2037 1470 2089 robur
1495 2037 1608 2103 ejus
1641 2039 1828 2103 pendet
1860 2053 1925 2090 ex

403 2127 608 2179 duabus
636 2126 1009 2180 communibus
1071 2127 1424 2180 notionibus:
1463 2142 1564 2180 una
1622 2143 1741 2194 qua:
1776 2129 1926 2193 polit

404 2215 732 2283 impossibile
775 2231 916 2278 esse,
969 2231 1126 2268 unam
1167 2216 1499 2282 pet-annalem
1551 2217 1925 2282 pr0prietatem

402 2305 467 2357 de
492 2308 698 2358 duabus
743 2307 980 2372 personis
1029 2305 1368 2370 singulariter
1400 2305 1690 2370 prmdicari.
1750 2305 1924 2357 Altera

402 2405 528 2443 vero
560 2407 676 2456 qua:
716 2393 896 2454 sumit,
925 2391 990 2444 de
1019 2393 1211 2458 quibus
1242 2407 1346 2444 una
1387 2407 1606 2444 numero
1636 2393 1927 2460 personalis

402 2480 694 2545 proprietas
727 2480 1062 2546 singulariter
1097 2481 1416 2545 pradicatur
1439 2518 1454 2542 ,
1490 2481 1574 2532 illa
1630 2482 1924 2535 secundum

402 2566 539 2616 idem
571 2565 755 2618 eadem
785 2579 902 2618 esse
941 2580 1178 2618 numero.
1237 2567 1299 2618 Et
1357 2581 1476 2619 vere
1524 2568 1568 2620 si
1600 2570 1791 2622 scirem
1830 2585 1925 2637 pro

401 2661 567 2713 εει-ιο.
602 2653 698 2705 has
723 2653 963 2707 notiones
991 2668 1303 2708 communes
1334 2670 1485 2708 veras
1525 2670 1643 2711 €358
1671 2668 1723 2712 Εἰ
1753 2659 1804 2712 in
1834 2675 1925 2713 Sil-

401 2741 826 2808 persubstantiali
861 2743 1112 2804 essentia,
1158 2746 1446 2810 reciperem
1507 2747 1686 2813 utique
1713 2756 1764 2800 et
1796 2765 1926 2801 con-

401 2827 711 2880 clusionem.
747 2828 846 2880 Sed
895 2844 993 2896 ego
1033 2831 1132 2882 hoc
1184 2832 1342 2885 nimis
1398 2833 1604 2900 ignoro.
1639 2835 1702 2887 Et
1743 2837 1924 2889 eadem

402 2918 530 2969 mihi
563 2918 814 2970 eveniunt
844 2919 1109 2981 hasitare,
1140 2936 1256 2988 qua:
1304 2923 1368 2975 ad
1423 2922 1730 2977 Latinorum
1762 2927 1924 2994 syllo-

400 3008 595 3073 gismos
639 3009 883 3074 superius
934 3009 1260 3084 dubitabam.
1293 3011 1423 3065 Nam
1463 3016 1560 3069 etsi
1608 3018 1928 3072 concedatur

2031 612 2278 664 munibus
2295 613 2619 667 notionibus.
2663 613 2774 668 lloc
2798 615 2923 667 mihi
2964 615 3127 667 multo
3161 615 3327 666 tutius
3354 621 3405 665 et
3435 613 3557 664 reli-

2033 702 2231 768 giosius
2261 702 2491 758 videtur.

2097 789 2381 843 Videamus
2410 793 2450 842 si
2477 791 2710 858 placetet
2733 790 2871 842 aliud
2898 789 3143 857 ejusdem
3162 795 3552 855 argumentum.

2033 880 2314 943 Quoniam,
2353 882 2443 942 ait,
2472 879 2628 932 Pater
2654 889 2704 932 et
2753 879 2922 932 Filius
2949 887 3071 932 sunt
3107 889 3157 931 et
3191 893 3372 937 unum,
3432 885 3556 927 sunt

2025 981 2078 1022 et
2104 970 2227 1022 duo.
2264 973 2366 1022 Aut
2397 970 2630 1036 procedit
2678 971 2906 1036 Spiritus
2950 985 3011 1022 ex
3042 968 3194 1020 Patre
3231 978 3284 1020 et
3311 965 3468 1030 Filio,
3501 965 3553 1016 in

2027 1071 2288 1126 quantum
2342 1075 2504 1112 unum
2555 1067 2699 1122 sunt,
2731 1069 2820 1112 aut
2867 1060 2919 1110 in
2966 1067 3220 1123 quantum
3267 1059 3372 1109 duo
3399 1063 3554 1117 sunt;

2027 1151 2116 1202 sed
2145 1150 2186 1201 si
2207 1151 2257 1200 in
2283 1159 2540 1216 quantum
2563 1149 2666 1201 duo
2684 1157 2826 1212 sunt,
2853 1158 3007 1200 erunt
3029 1148 3146 1199 dua:
3185 1146 3555 1213 processiones

2027 1247 2080 1291 et
2102 1239 2206 1290 duo
2245 1238 2539 1305 principia;
2579 1240 2621 1290 si
2653 1251 2777 1290 vero
2803 1238 2859 1289 in
2905 1245 3160 1304 quantum
3205 1248 3368 1286 unum
3407 1240 3550 1294 sunt,

2026 1325 2278 1392 quoniam
2307 1325 2409 1378 boc
2439 1340 2599 1377 unum
2620 1335 2698 1377 est
2728 1325 3023 1379 substantia
3056 1332 3109 1376 et
3143 1331 3329 1375 natura
3357 1329 3409 1373 et
3435 1321 3555 1373 Dei-

2029 1421 2130 1473 tas,
2165 1411 2319 1464 Pater
2345 1427 2468 1479 ergo
2513 1424 2565 1470 et
2614 1411 2800 1477 Filius,
2846 1428 2940 1480 per
2990 1415 3038 1466 id
3082 1413 3220 1479 quod
3276 1426 3376 1464 una
3430 1419 3556 1463 sunt

2027 1501 2329 1556 substantia
2387 1510 2440 1554 et
2473 1512 2661 1555 natura
2711 1512 2765 1555 et
2797 1502 2995 1564 Deitas.
3033 1504 3234 1568 spirant
3275 1503 3551 1569 Spiritum.

2026 1591 2095 1642 At
2121 1605 2250 1643 vero
2294 1591 2584 1643 secundum
2634 1593 2682 1645 id
2734 1592 2874 1659 quod
2925 1593 3128 1658 spirant
3173 1590 3450 1656 Spiritum,
3499 1597 3552 1640 et

2028 1679 2282 1731 diﬂ'srunt
2310 1680 2377 1731 ab
2425 1694 2508 1732 eo.
2556 1681 2714 1734 Pater
2757 1695 2885 1748 ergo
2937 1690 2988 1733 et
3039 1680 3206 1732 Filius
3257 1680 3550 1731 secundum

2031 1785 2212 1829 uuam.
2261 1784 2419 1836 quam
2473 1772 2671 1825 habent
2719 1773 3072 1825 substantiam
3126 1780 3468 1824 et'naturam
3503 1779 3556 1823 et

2029 1857 2310 1920 Deitatem,
2350 1857 2658 1910 dill‘erunta
2710 1856 2932 1924 Spiritu.
2987 1858 3100 1910 Non
3150 1872 3276 1924 ergo
3323 1858 3556 1924 Spiritus

2026 1945 2260 2010 ejusdem
2294 1955 2375 1998 est
2401 1948 2620 1997 omnino
2652 1961 2772 2000 cum
2816 1946 2968 1999 Patre
3000 1956 3053 1999 et
3080 1946 3211 1998 Filio
3237 1947 3554 1998 substantiae

2025 2041 2078 2087 et
2111 2044 2307 2086 natura:
2327 2042 2378 2085 et
2406 2035 2654 2098 Deitatis;
2687 2035 2826 2102 quod
2875 2042 3060 2087 contra
3117 2035 3270 2086 (idem
3320 2041 3553 2085 nostram

2025 2131 2126 2175 est.
2159 2122 2248 2174 Est
2271 2133 2444 2174 autem
2472 2124 2557 2174 hic
2587 2123 2991 2190 paralogismus,
3025 2137 3117 2188 per
3144 2123 3194 2173 id
3225 2122 3364 2186 quod
3395 2121 3556 2172 sumit

2026 2211 2362 2276 simpliciter,
2394 2211 2534 2276 quod
2567 2210 2859 2262 secundum
2911 2211 3036 2276 quid
3068 2210 3402 2261 conceditur.
3456 2206 3556 2257 La-

2027 2299 2120 2350 tiui
2150 2299 2292 2350 enim
2329 2301 2498 2366 neque
2537 2313 2632 2365 per
2668 2299 2719 2350 id
2749 2300 2887 2366 quod
2921 2299 3027 2351 duo
3059 2307 3184 2350 sunt
3214 2299 3366 2349 Pater
3392 2307 3443 2349 et
3471 2295 3556 2348 Fi-

2025 2387 2150 2445 lius.
2190 2388 2338 2438 aiunt
2370 2402 2430 2439 ex
2478 2388 2606 2453 ipsis
2633 2383 2919 2454 procedere
2961 2386 3236 2453 Spiritum,
3271 2401 3438 2452 neque
3469 2399 3554 2437 se-

2025 2477 2256 2529 cundum
2287 2478 2427 2544 quod
2453 2477 2772 2544 simpliciter
2793 2492 2955 2529 unum
2980 2485 3126 2539 sunt,
3149 2477 3239 2528 sed
3265 2474 3554 2528 secundum

2024 2565 2075 2617 id
2096 2566 2236 2632 quod
2255 2566 2452 2634 aliquid
2479 2581 2642 2618 unum
2665 2576 2808 2630 sunt,
2827 2566 3028 2619 scilicet
3061 2566 3350 2618 secundum
3373 2578 3554 2624 unam,

2025 2672 2181 2727 quam
2218 2658 2414 2710 habent
2451 2657 2776 2726 spirativam.
2818 2657 3129 2722 potentiam.
3168 2654 3307 2720 Quid
3356 2652 3557 2721 igitur?

2025 2750 2106 2802 Illi
2138 2750 2434 2805 secundum
2483 2749 2678 2816 aliquid
2714 2746 3052 2800 concedunt:
3087 2746 3188 2797 iste
3244 2744 3557 2810 simpliciter

2025 2854 2238 2894 sumens
2265 2839 2678 2907 paralogismum
2728 2837 2872 2890 fecit.
2927 2834 3019 2887 Est
3044 2844 3218 2888 autem
3243 2833 3479 2901 ejusdem
3503 2842 3557 2886 et

2026 2928 2130 2979 tale
2160 2934 2552 2996 argumentum.

2095 3014 2225 3075 Nos,
2260 3014 2352 3076 ait,
2379 3014 2569 3066 Filium
2599 3021 2648 3066 et
2681 3012 2934 3079 Spiritum
2976 3027 3004 3064 a
3038 3012 3148 3064 solo
3193 3011 3348 3063 Patre
3377 3011 3554 3064 dicen-

401 3099 451 3149 iu
491 3098 572 3151 his
601 3097 918 3165 rebus,qua:
950 3099 1049 3152 sub
1083 3114 1262 3155 mente
1301 3111 1480 3156 nostra
1521 3114 1666 3170 sunt,
1688 3122 1911 3173 quarum
1941 3099 1984 3156 ο
2016 3112 2092 3156 tes
2123 3103 2315 3156 habere
2339 3102 2646 3164 essentiam,
2702 3102 2842 3172 quod
2896 3116 2985 3168 per
3022 3101 3198 3152 omnia
3243 3099 3384 3152 entia
3431 3113 3556 3151 con-

400 3186 639 3239 videlicet
670 3187 1006 3254 Intelligendo
1031 3189 1387 3254 dominamur,
1419 3201 1471 3247 et
1491 3209 1626 3261 quas
1659 3197 1922 3262 tangimus

397 3289 452 3331 et
496 3278 1018 3346 comprehendimus.
1063 3294 1218 3332 veras
1251 3295 1371 3333 esse
1401 3283 1572 3335 dictas
1614 3297 1923 3338 communes

401 3369 668 3428 nmiones,
696 3367 839 3432 quod
868 3366 1026 3416 etiam
1077 3362 1246 3432 ipsum
1284 3367 1473 3420 multas
1508 3380 1678 3436 potest
1727 3371 1920 3423 habere

400 3451 868 3512 contradictiones,
920 3466 1038 3517 quae
1084 3453 1378 3505 necessitas
1419 3462 1520 3517 est,
1575 3464 1631 3507 ut
1679 3456 1836 3508 etiam
1867 3456 1921 3510 in

400 3538 747 3592 dissimilibus
775 3549 828 3590 et
856 3538 1011 3591 aliter
1060 3553 1117 3591 se
1163 3538 1478 3593 habentibus
1525 3543 1683 3597 rebus
1742 3552 1796 3598 et
1827 3559 1924 3598 no-

400 3639 541 3682 stras
564 3627 799 3681 intlrmas
829 3627 1196 3696 intelligentiae
1226 3629 1479 3685 intinities
1498 3631 1699 3685 inﬁnite
1720 3633 1924 3702 fugien-

402 3715 585 3773 tibus,
625 3722 679 3766 et
733 3713 849 3766 ideo
904 3713 1525 3780 incomprehensibilibus
1582 3729 1633 3772 et
1679 3723 1922 3788 superin-

404 3804 758 3870 telllgibilibus
789 3804 980 3857 eadem
1015 3806 1122 3862 sint
1154 3808 1334 3860 verte?
1380 3807 1436 3862 Si
1490 3811 1630 3864 enim
1677 3827 1798 3867 vere
1836 3829 1924 3867 su-

402 3893 578 3959 perius
623 3892 952 3954 dicebamus,
1005 3908 1107 3946 non
1165 3910 1351 3949 omnes
1399 3897 1452 3950 in
1507 3900 1720 3954 entibus
1769 3917 1923 3956 veras

402 3995 712 4033 communes
735 3981 1000 4042 n0liones.
1029 3993 1082 4034 et
1107 3997 1274 4048 usque
1309 3971 1371 4036 ad
1413 3987 1922 4052 supersubstantiale

401 4083 554 4136 posse
584 4063 983 4123 conscendere:
1015 4071 1154 4121 unde
1203 4086 1298 4135 pro
1355 4081 1500 4124 certo
1529 4076 1780 4139 sciemus,
1813 4079 1922 4132 haec

401 4172 625 4223 quarum
651 4169 797 4216 sunt,
837 4167 1014 4208 utrum
1060 4172 1269 4223 earum,
1305 4143 1424 4226 quae
1455 4177 1620 4229 usque
1654 4164 1779 4218 illuc
1825 4181 1920 4218 ex-

402 4245 708 4303 tenduntur,
733 4259 797 4295 an
829 4245 978 4295 nent
1010 4242 1192 4312 Neque
1237 4247 1376 4299 enim
1408 4248 1462 4301 in
1515 4251 1658 4303 notis
1695 4252 1852 4305 rebus
1891 4268 1918 4306 a

401 4332 555 4384 nobis
581 4330 916 4397 reperiuntur
941 4330 1042 4383 alia
1072 4331 1198 4394 duo,
1233 4342 1352 4396 qua!
1383 4349 1475 4402 per
1519 4339 1697 4390 omnia
1746 4339 1818 4392 ita
1865 4355 1922 4394 se

402 4422 596 4474 habent
637 4423 773 4474 inter
809 4435 885 4483 se,
943 4422 1082 4473 sicut
1146 4421 1216 4474 ibi
1258 4422 1413 4476 Pater
1460 4433 1511 4478 et
1561 4424 1728 4479 Filius
1779 4428 1921 4481 inter

397 4526 516 4564 sese
563 4512 778 4564 habent.
811 4510 1062 4565 Fortasse
1115 4511 1256 4563 enim
1286 4521 1339 4565 et
1396 4529 1535 4568 unus
1563 4523 1644 4568 est
1691 4517 1921 4584 spirator

399 4600 630 4664 Spiritus
671 4599 842 4652 sancti
898 4599 1055 4652 Pater
1091 4609 1143 4653 et
1198 4599 1388 4663 Filius,
1423 4611 1476 4655 et
1510 4602 1711 4657 Deitate
1742 4613 1920 4658 trans-

395 4688 678 4741 scendente
709 4690 867 4741 etiam
922 4691 1052 4744 duas
1079 4690 1250 4746 dictas
1303 4705 1614 4745 communes
1650 4694 1920 4759 notiones,

396 4775 541 4829 nullo
561 4778 717 4829 modo
764 4777 1019 4842 contingit
1051 4793 1208 4830 unam
1245 4793 1525 4844 personam
1558 4793 1676 4832 esse
1706 4777 1917 4834 Patrem

395 4873 447 4915 et
478 4863 664 4916 Filium
692 4870 934 4932 respectu
952 4863 1202 4930 Spiritus.
1234 4865 1297 4918 Et
1333 4867 1559 4934 qualiter
1589 4881 1694 4918 non
1712 4868 1923 4920 contin-

397 4954 472 5019 git
497 4953 615 5014 hoc,
643 4953 846 5005 nullum
875 4953 1190 5006 miraculum
1235 4961 1317 5007 est
1347 4969 1447 5008 nos
1502 4954 1748 5022 ignorare
1787 4954 1916 5007 illud

395 5056 499 5106 quo
529 5043 801 5109 processio
825 5043 1219 5109 ageneratione
1247 5042 1609 5109 distinguitur.
1636 5043 1760 5095 Item
1790 5057 1910 5094 cum

395 5129 753 5181 necessarium
782 5130 869 5192 sit,
914 5139 1004 5181 aut
1028 5131 1328 5183 credentem
1361 5139 1414 5182 et
1445 5129 1496 5183 in
1535 5130 1730 5182 divinis
1761 5143 1914 5183 veras

393 5231 509 5268 esse
541 5218 816 5282 pradictas
861 5231 1174 5271 communes
1221 5219 1485 5279 notiones,
1533 5216 1786 5284 deceptos
1816 5233 1914 5282 pu-

395 5311 525 5365 tare,
551 5312 606 5356 et
627 5313 869 5357 sanctum
901 5304 1275 5371 Augustinum,
1302 5312 1352 5355 et
1375 5312 1611 5355 sanctum
1635 5303 1910 5370 Cyrillum,

389 5401 442 5442 et
466 5392 615 5454 alios,
648 5394 736 5460 qui
767 5391 1042 5444 manifeste
1074 5393 1254 5444 dicunt
1281 5392 1540 5458 Spiritum
1568 5397 1808 5443 sanrtum
1857 5400 1909 5444 et

389 5491 451 5529 es
489 5477 620 5532 Filio
659 5479 984 5547 procedere:
1015 5491 1102 5531 aut
1151 5479 1236 5533 Iris
1284 5479 1660 5534 assentientem
1693 5479 1907 5531 credere

460 5652 536 5719 (Ι)
566 5652 778 5706 Scilicet
819 5666 968 5720 nugae
995 5650 1331 5707 Gratcanicm.
1363 5652 1516 5706 Casus

2020 3193 2250 3246 vincitur
2303 3205 2488 3244 verum
2539 3205 2658 3244 esse
2742 3190 2985 3244 dicimus.
3023 3191 3078 3240 in
3133 3191 3378 3241 omnibus
3411 3190 3550 3241 enim

2021 3282 2197 3333 unitas
2218 3280 2488 3332 dualitatis
2509 3290 2588 3333 est
2625 3280 2962 3347 principium.
2999 3279 3073 3329 Illi
3130 3293 3252 3330 vero
3301 3277 3550 3344 Spiritum

2020 3381 2082 3419 ex
2125 3367 2281 3419 Patre
2311 3377 2364 3418 et
2394 3367 2530 3418 Filio
2571 3382 2689 3420 esse
2717 3369 2980 3429 dicentes,
3014 3368 3191 3418 omnia
3245 3368 3383 3418 entia
3419 3381 3551 3418 cnn-

2019 3455 2331 3508 tradieentia
2373 3455 2591 3506 habent.
2613 3455 2880 3521 Nusquam
2897 3456 3036 3505 enim
3055 3455 3277 3504 dualitas
3299 3463 3380 3506 est
3405 3453 3518 3518 prin
3533 3476 3552 3488 ο

2019 3544 2212 3611 cipium
2230 3541 2536 3598 unitatis.ln
2561 3544 2641 3595 bis
2662 3544 2884 3609 primum
2901 3543 3111 3609 quidem
3131 3543 3334 3593 videtur
3345 3543 3549 3594 numeri

2020 3631 2363 3700 superﬁcialis
2392 3631 2456 3684 ab
2486 3631 2684 3684 unitate
2711 3645 3046 3698 progressum
3085 3631 3410 3696 conspicere,
3445 3645 3548 3682 non

2023 3736 2195 3774 tamen
2227 3730 2280 3775 et
2307 3720 2514 3774 linealis
2543 3721 2749 3772 numeri
2796 3733 3141 3786 progressum
3175 3756 3188 3769 .
3210 3717 3264 3769 in
3293 3719 3381 3768 illo
3408 3718 3546 3769 enim

2021 3811 2127 3864 duo
2155 3810 2457 3863 immediate
2480 3825 2543 3863 ex
2577 3823 2682 3862 uno
2714 3809 3160 3876 progrediuntur:
3192 3808 3242 3859 in
3283 3807 3381 3859 hoc
3425 3821 3549 3858 vero

2020 3909 2073 3952 et
2109 3901 2212 3953 duo
2236 3915 2297 3952 ex
2331 3915 2442 3952 uno
2471 3900 2796 3966 procedunt,
2824 3908 2876 3953 et
2902 3899 3055 3951 tertia
3081 3898 3347 3951 unitasex
3379 3897 3549 3962 prima

2020 3996 2072 4040 et
2117 3987 2347 4040 secunda
2373 3987 2627 4054 procedit.

2089 4074 2189 4127 Sed
2221 4087 2318 4140 ego
2351 4089 2522 4139 neque
2579 4083 2795 4139 propter
2836 4073 3157 4139 phantasma-
3201 4070 3548 4139 superﬁcialis

2020 4162 2250 4225 numeri,
2291 4177 2352 4214 ex
2394 4161 2506 4213 solo
2564 4160 2718 4213 Patre
2775 4161 2947 4212 dicam
2995 4160 3250 4226 Spiritum
3305 4168 3546 4211 sanctum

2019 4251 2337 4320 procedere;
2366 4263 2537 4315 neque
2591 4257 2808 4316 propter
2838 4249 3150 4316 phantasma
3204 4248 3406 4299 linealis
3445 4262 3546 4298 nu-

2024 4339 2177 4401 meri,
2214 4347 2264 4390 et
2291 4352 2353 4390 ex
2384 4335 2521 4389 Filio
2553 4336 2847 4389 allirmabo.
2876 4335 3056 4402 Neque
3081 4337 3221 4387 enim
3256 4345 3428 4388 tutum
3459 4349 3551 4387 ne-

2023 4443 2128 4495 que
2157 4427 2462 4493 religiosum
2518 4435 2664 4492 puto,
2706 4425 3010 4491 hujusmodi
3043 4427 3242 4478 nostris
3291 4423 3549 4490 imagina-

2021 4513 2254 4567 tionibus
2273 4522 2522 4580 tanquam
2546 4512 2740 4579 regulis
2759 4515 2808 4564 in
2827 4510 3544 4579 supersubstantialibusuti.

2092 4603 2287 4657 Deinde
2320 4601 2494 4655 Latini
2549 4617 2652 4654 non
2704 4604 2849 4655 aiunt
2883 4603 3188 4654 dualitatem
3226 4601 3543 4668 principium

2024 4704 2143 4744 esse
2169 4689 2387 4741 unitatis
2411 4706 2433 4752 ι
2459 4691 2548 4740 sed
2578 4689 2788 4742 Patrem
2820 4697 2872 4741 et
2923 4688 3136 4752 Filium,
3190 4703 3280 4755 per
3324 4688 3373 4740 id
3405 4688 3543 4754 quod

2025 4777 2226 4846 aliquid
2255 4791 2420 4828 unum
2445 4777 2655 4840 habent,
2690 4792 2850 4828 unum
2876 4791 2994 4830 esse
3043 4778 3380 4844 principium,
3437 4792 3543 4829 non

2024 4867 2133 4919 duo
2189 4866 2369 4918 unius.
2415 4863 2486 4916 De
2543 4865 2866 4932 syllogismis
2911 4865 3125 4930 quidem
3181 4867 3389 4918 illorum
3433 4867 3544 4917 haec

2023 4953 2164 5005 dicta
2195 4951 2479 5005 sulﬁciant.
2513 4949 2570 5001 lli
2595 4951 2736 5002 enim
2763 4961 2890 5003 sunt
2923 4966 3116 5004 eorum
3131 4967 3265 5020 quos
3293 4953 3420 5014 vidi,
3454 4954 3542 5019 qui

2022 5043 2268 5094 videntur
2287 5056 2406 5094 esse
2431 5039 2732 5094 fortissimi.
2764 5039 2952 5107 Cogito
2974 5051 3150 5093 autem
3181 5052 3232 5093 et
3253 5042 3362 5092 ita:
3394 5040 3540 5102 Quo-

2017 5128 2156 5181 niam
2216 5128 2472 5197 Spiritum
2516 5144 2544 5181 a
2597 5130 2712 5182 solo
2778 5128 2931 5182 Patre
3001 5131 3310 5198 procedere,
3373 5141 3542 5192 neque

2023 5217 2277 5269 sensibile
2308 5227 2410 5276 est,
2438 5225 2493 5268 ut
2531 5218 2700 5283 possit
2730 5231 2821 5283 per
2852 5231 3065 5270 sensum
3096 5215 3290 5283 percipi
3317 5251 3332 5275 ,
3370 5228 3543 5279 neque

2015 5305 2274 5367 naturale,
2297 5306 2375 5358 vel
2399 5306 2594 5372 aliquid
2619 5306 3050 5373 contingentium,
3076 5315 3130 5352 ut
3151 5302 3314 5368 possit
3340 5315 3400 5353 ea
3423 5316 3543 5368 qua

2011 5391 2222 5458 proprie
2238 5392 2430 5444 dicitur
2444 5393 2691 5458 Opinione
2713 5401 2762 5445 et
2778 5391 3149 5455 imaginatione
3167 5388 3541 5454 cognoscl,sed

2009 5488 2090 5532 est
2121 5492 2278 5546 super
2303 5493 2518 5532 sensum
2553 5490 2604 5534 et
2624 5482 3000 5546 sempiternum
3047 5492 3060 5525 :
3085 5477 3436 5532 necessarium
3458 5485 3548 5533 est
