4450 6440
815 368 944 432 1999

1891 371 2272 432 BARLAAL‘I
2317 373 2408 431 DE
2449 374 2871 434 SEMINARIA

3885 383 4013 447 i300

829 491 868 533 tt
907 480 978 532 sit
1025 488 1164 536 recte
1214 481 1262 534 ei
1317 480 1735 543 assentiendum,
1757 491 1846 534 aut
1886 484 2107 537 scientia
2149 494 2233 536 aut
2258 484 2356 537 lide
2385 489 2428 542 Α
2461 495 2511 539 et
2547 488 2879 554 perquirens,
2913 497 3089 543 utrum
3118 491 3310 548 falsum
3345 497 3632 560 exaistens,
3668 502 3886 570 majoris
3910 504 3981 556 sit

813 571 913 623 hcc
956 569 1147 625 facere.
1202 569 1303 624 Sed
1354 587 1452 640 ego
1509 582 1695 639 putare
1743 576 1844 626 hoc
1902 588 2020 626 esse
2073 575 2260 627 seibile
2299 585 2352 629 et

811 661 1222 714 demrnstrabiie
1276 672 1328 715 et
1376 664 1749 716 communibus
1796 667 1994 720 nostris
2041 666 2349 720 notioniiius

813 751 1314 817 comprehensibilis.
1353 755 1585 807 ementis
1639 755 1858 809 scientia
1927 757 2157 808 arbitror
2208 771 2345 810 esse.

815 838 993 893 Restat
1039 842 1221 907 itaque
1253 843 1399 897 rides.

885 929 952 981 At
984 945 1110 984 vero
1139 932 1226 984 illa
1252 933 1438 985 talium
1473 933 1780 1000 dogmatum
1813 936 2042 989 dicimus
2075 953 2173 989 nos
2207 947 2349 992 recte

813 1022 1051 1082 credere,
1090 1037 1208 1088 qua
1266 1024 1477 1077 dicente
1513 1024 1692 1092 aliquo
1753 1027 2016 1091 ingentem
2063 1030 2346 1081 auctorita-

817 1123 921 1165 tem
967 1113 1214 1175 habente,
1251 1123 1301 1166 et
1336 1114 1421 1166 cui
1459 1116 1674 1170 credere
1706 1117 1920 1183 quidem
1956 1127 2035 1172 est
2079 1121 2308 1173 salutare
2332 1159 2345 1180 .

815 1217 921 1256 non
955 1203 1175 1256 Credere
1210 1219 1331 1255 vero
1362 1203 1746 1270 periculosum,
1791 1223 1887 1262 nos
1919 1211 2223 1277 recipimus.
2251 1211 2347 1266 Cui

816 1292 980 1359 igitur
1015 1292 1104 1349 tali
1141 1306 1237 1360 ego
1275 1295 1497 1345 credens
1527 1308 1635 1346 non
1689 1305 1889 1348 temere
1944 1299 2071 1350 milii
2133 1299 2348 1352 videbor

816 1381 916 1434 hac
957 1381 1131 1434 facere
1154 1383 1176 1434 ?
1198 1398 1434 1436 sacraene
1482 1382 1813 1452 Scriptura?
1841 1396 1894 1439 at
1925 1388 2056 1439 nihil
2088 1390 2192 1442 tale
2235 1391 2347 1456 ipsa

816 1469 1075 1535 loquitur.
1113 1473 1192 1523 An
1225 1471 1559 1538 generalibus
1590 1474 1831 1526 conciliis
1857 1476 1958 1527 hoc
1991 1475 2351 1531 determinan-

817 1561 959 1614 tibus
990 1570 1041 1612 et
1063 1559 1550 1627 dogmatizautibua
1574 1562 1598 1614 ?
1620 1565 1709 1615 sed
1742 1579 1915 1631 neque
1949 1565 2068 1619 hoc.
2103 1568 2183 1619 An
2209 1569 2345 1621 mul-

821 1650 890 1701 tis
954 1651 1153 1702 sanctis
1209 1654 1525 1718 exponendo
1587 1667 1793 1706 sacram
1859 1653 2186 1723 Scripturam
2247 1659 2349 1713 hoc

820 1746 996 1804 aperte
1015 1748 1062 1792 et
1097 1755 1189 1806 per
1212 1742 1373 1792 multa
1401 1741 1751 1802 tradentibus,
1792 1751 1844 1795 et
1874 1759 1938 1796 ex
1983 1746 2070 1799 illa
2107 1749 2205 1800 boc
2251 1749 2347 1800 ha—

824 1827 950 1879 bere
982 1828 1392 1879 asserentibusi
1419 1837 1472 1879 et
1513 1834 1785 1894 quomodo
1842 1834 1943 1886 hoc
1992 1835 2159 1900 possit
2203 1835 2350 1888 dici?

821 1929 890 1966 an
950 1922 1221 1982 postremo
1282 1916 1434 1968 matri
1489 1916 1898 1971 Ecciesiarum?
1957 1932 2012 1973 at
2055 1936 2182 1974 vero
2239 1924 2351 1976 haec

821 2006 1144 2058 contrarium
1178 2004 1326 2057 dicit.
1363 2004 1547 2057 Nonne
1575 2019 1702 2073 ergo
1734 2023 1956 2061 summa:
2002 2010 2102 2061 erit
2133 2011 2354 2063 demen-

823 2096 910 2148 tiae
941 2095 1118 2148 dicere
1167 2096 1378 2161 quidem
1416 2097 1635 2148 credere
1688 2097 1887 2164 aliquid
1951 2099 2015 2150 de
2079 2097 2206 2160 Deo,
2249 2115 2354 2151 non

823 2186 1019 2239 habere
1051 2197 1224 2239 autem
1248 2187 1539 2253 assignare,
1576 2187 1659 2239 cui
1696 2189 1917 2241 credens
1950 2199 2089 2241 recte
2123 2191 2224 2242 hoc
2262 2190 2354 2241 ad-

825 2277 1004 2328 mittit.
1039 2278 1120 2328 An
1155 2278 1293 2331 dicet
1328 2279 1538 2345 aliquis,
1598 2279 1737 2345 quod
1777 2281 2040 2346 reliquum
2079 2292 2186 2344 est,
2227 2281 2353 2332 illu-

825 2367 1116 2420 minatiune
1139 2369 1373 2434 quadam
1415 2369 1623 2420 occulta
1680 2379 1731 2421 et
1776 2370 1956 2422 divina
1994 2385 2050 2423 se
2099 2372 2198 2424 hoc
2230 2385 2353 2424 sen-

825 2457 1003 2510 sisse?
1038 2457 1127 2508 sed
1163 2471 1263 2522 ego
1299 2459 1532 2509 nondum
1560 2459 1696 2510 hane
1722 2460 1945 2524 adeptus
1975 2475 2116 2513 sum.

899 2545 1070 2598 liabes
1099 2555 1151 2597 et
1187 2560 1397 2609 causas,
1449 2562 1542 2613 per
1574 2564 1707 2614 quas
1761 2565 1931 2615 neque
1966 2552 2354 2616 necessarium;

832 2649 1002 2701 neque
1057 2644 1252 2698 tutum,
1288 2651 1464 2701 neque
1518 2638 1746 2701 alicujus
1806 2625 2100 2705 prudentia}
2152 2644 2359 2694 aestimo

829 2739 969 2786 esse,
999 2732 1050 2776 et
1075 2724 1372 2790 hujusmodi
1401 2727 1647 2778 assentiri
1677 2728 1929 2794 dogmati.
1955 2729 2216 2792 Quoniam
2238 2745 2361 2782 vero

829 2815 1075 2880 superius
1090 2814 1197 2868 dixi
1220 2852 1235 2873 ,
1263 2815 1436 2866 adhuc
1458 2816 1820 2870 incredibilius
1843 2819 2000 2870 mead
2024 2819 2124 2871 hoc
2145 2819 2358 2878 habere,

830 2915 988 2967 quam
1021 2902 1083 2954 ad
1115 2902 1239 2954 illud
1274 2903 1411 2970 quod
1437 2901 1609 2955 Latini
1641 2905 1850 2968 dicunt,
1888 2907 2007 2958 volo
2040 2907 2362 2960 tibietbanc

830 2991 1259 3055 compassionem
1292 2991 1591 3043 ostendere.

902 3077 1138 3129 Primum
1170 3079 1379 3144 quidem
1407 3080 1557 3132 video
1584 3081 1804 3145 majoris
1836 3094 1953 3132 esse
1978 3080 2239 3141 audacias,
2269 3094 2365 3131 ne-

2452 580 2696 644 perieuli,
2742 581 2957 634 invenio
2989 583 3181 649 dogma
3223 583 3536 640 Latinorum
3571 589 3738 641 multo
3786 592 3974 644 tutius.

2452 666 2560 720 Hoc
2585 670 2728 721 enim
2750 670 2964 724 etiamsi
2985 673 3054 723 sit
3071 672 3288 734 falsum,
3306 684 3480 729 tamen
3507 679 3737 731 additibi
3769 681 3971 748 aliquid

2452 756 2593 809 velut
2632 755 2737 811 Deo
2765 758 3004 827 dignum,
3043 761 3177 812 nihil
3211 761 3514 816 adimendo.
3560 764 3783 832 Spiritui
3830 769 3975 820 enim

2450 847 2584 898 nihil
2603 847 2859 901 detrahit.
2891 847 3004 902 Non
3039 851 3177 902 enim
3206 867 3268 904 ex
3301 853 3404 905 hoc
3425 854 3646 907 minoris
3675 856 3973 923 dignitatis.

2449 951 2606 1003 quam
2637 938 2803 993 Filius
2830 940 2906 994 iit.
2932 941 3070 995 Filio
3083 957 3212 996 vero
3236 944 3367 997 nihil
3389 944 3660 1008 auferens,
3685 964 3782 1002 nec
3806 950 3973 1013 Patri,

2450 1026 2514 1078 de
2545 1029 2624 1080 hiil
2652 1045 2768 1096 quae
2799 1031 2975 1096 habet,
3022 1034 3332 1098 detrahens,
3363 1036 3534 1094 addit.
3571 1039 3712 1104 quod
3746 1055 3851 1092 non
3885 1054 3974 1093 so-

2449 1115 2558 1168 lum
2604 1118 2716 1184 ipse
2743 1119 2978 1187 perfecte
3005 1131 3084 1174 est
3105 1124 3355 1190 spirator,
3390 1138 3572 1177 verum
3604 1129 3765 1181 etiam
3799 1129 3976 1195 spira-

2449 1213 2617 1260 torem
2648 1210 2850 1275 genuit.
2887 1211 3015 1264 illud
3041 1228 3186 1274 vero.
3215 1217 3354 1280 quod
3379 1213 3544 1268 ϐπ·εοὶ
3573 1217 3778 1278 dicunt,
3807 1219 3977 1286 siqui-

2449 1297 2564 1348 dem
2590 1297 2778 1350 falsum
2798 1309 2898 1365 est,
2926 1317 3092 1369 papze,
3110 1318 3268 1369 quam
3292 1320 3481 1370 magna
3500 1306 3826 1370 blasphemia
3850 1318 3931 1361 est
3957 1311 3970 1360 !

2449 1383 2647 1436 addens
2667 1386 2885 1451 quidem
2920 1389 3072 1450 nihil,
3098 1391 3388 1445 detrahens
3424 1407 3572 1456 vero,
3599 1390 3735 1446 Filio
3757 1396 3973 1460 quidem

2449 1472 2654 1538 spirare
2685 1474 2960 1540 Spiritum,
2994 1476 3134 1531 Patri
3184 1495 3310 1533 vero
3351 1495 3605 1549 generare
3635 1483 3975 1548 spiratorem.

2448 1561 2512 1616 Et
2538 1563 2832 1629 estsimile,
2850 1577 2906 1620 ut
2932 1568 2975 1620 si
2995 1569 3208 1636 quidam
3237 1567 3525 1637 Scriptura:
3550 1571 3808 1625 addentes
3848 1588 3976 1641 erga

2448 1657 2859 1723 quatriduanum
2916 1657 3175 1710 Lazarum
3215 1656 3422 1711 Domini
3469 1658 3785 1713 miraculum
3835 1678 3979 1715 unus

2448 1746 2669 1809 diceret,
2699 1763 2806 1801 non
2818 1749 3014 1802 obiisse
3035 1749 3205 1813 illum,
3227 1749 3317 1801 sed
3342 1748 3668 1815 passionem,
3688 1751 3975 1816 quamdam

2451 1837 2592 1902 circa
2622 1853 2714 1892 cor
2734 1839 2782 1892 ei
2810 1839 3085 1898 accidisse,
3102 1848 3155 1891 et
3178 1839 3347 1891 visum
3369 1853 3485 1892 esse
3507 1839 3669 1901 mori,
3694 1839 3974 1892 Dominum

2451 1941 2578 1977 vero
2595 1935 2787 1991 quarto
2811 1926 2915 1986 die,
2940 1926 3191 1992 passione
3221 1927 3308 1978 illa
3330 1927 3501 1992 ipsum
3529 1927 3815 1989 liberasse;
3836 1927 3978 1980 altus

2453 2028 2640 2066 rursus
2668 2013 2867 2065 diceret
2907 2015 3118 2080 triginta
3146 2015 3354 2067 dierum
3381 2029 3675 2078 mortuum,
3702 2017 3780 2069 vel
3801 2018 3979 2070 adhuc

2458 2098 2617 2165 ultra,
2644 2103 3018 2155 resuscitatum
3044 2101 3207 2154 fuisse
3237 2117 3266 2154 a
3296 2103 3538 2156 Domino.
3569 2106 3806 2172 Utraque
3835 2107 3980 2159 enim

2454 2191 2589 2243 falsa
2616 2198 2815 2244 essent.
2847 2189 2949 2242 Sed
2972 2205 3137 2242 unum
3165 2189 3418 2252 detrahit,
3437 2191 3579 2243 aliud
3604 2193 3750 2249 addit
3769 2194 3844 2245 illi
3878 2195 3981 2244 nui-

2457 2282 2661 2343 raculo,
2697 2291 2751 2333 ut
2783 2295 2886 2333 non
2914 2281 2982 2332 sit
3007 2281 3211 2347 aequale
3235 2289 3532 2346 peccatum.

2522 2370 2930 2438 Conscquenter
2957 2383 3146 2421 rursus
3189 2368 3525 2434 perquirens,
3573 2377 3752 2420 utrum
3785 2368 3980 2420 falsum

2457 2462 2723 2513 exsistens
2778 2458 3210 2511 rationabiliores
3244 2456 3412 2523 possit
3448 2457 3642 2509 habere
3679 2458 3730 2509 in
3779 2457 3985 2522 judicio

2458 2551 2832 2607 excusationes
2865 2590 2878 2612 ,
2920 2548 3132 2600 invenio
3163 2548 3390 2599 multum
3431 2546 3708 2598 interesse.
3764 2543 3987 2598 Latinus

2461 2655 2608 2702 vero,
2648 2639 2909 2700 siquidem
2937 2639 3127 2690 falsum
3161 2637 3311 2697 dicit;
3339 2636 3609 2688 reddendo
3630 2635 3789 2701 hujus
3825 2636 3992 2686 ratio-

2461 2745 2602 2789 nem,
2645 2731 2807 2781 multa
2840 2728 3030 2794 poterit
3069 2729 3262 2779 habere
3290 2727 3428 2778 bona
3479 2725 3714 2791 refugis:
3749 2726 3888 2791 quod
3929 2725 3985 2777 in

2461 2813 2636 2864 divina
2663 2812 2942 2877 Scriptura
2959 2812 3119 2863 multa
3140 2810 3387 2870 fuissent,
3405 2823 3524 2874 qua!
3550 2809 3864 2860 videbantur
3883 2809 3987 2860 hoc

2462 2901 2800 2963 concludere,
2844 2909 2898 2953 et
2931 2901 3045 2966 ipse
3072 2898 3322 2951 voluisset
3372 2903 3681 2948 reverenter
3717 2899 3780 2948 ad
3815 2899 3985 2962 ipsam

2464 3006 2522 3042 se
2567 2990 2797 3042 habere:
2835 2989 2974 3054 quod
3014 3003 3078 3038 ea
3131 2987 3252 3045 lide,
3285 2985 3421 3047 zelo,
3470 2985 3770 3043 devotione,
3806 2999 3991 3037 amore

2471 3078 2536 3129 ad
2587 3079 2758 3142 ipsum
2817 3075 3103 3127 Dominum
3153 3074 3402 3125 credebat
3447 3074 3704 3126 adversus
3756 3090 3877 3126 eum
3934 3089 3994 3128 se

835 3182 964 3234 gare
993 3183 1098 3220 non
1128 3141 1416 3234 procedere
1446 3180 1499 3218 et
1519 3183 1582 3218 ex
1611 3141 1747 3218 Filio
1769 3167 2051 3232 Spiritum,
2083 3183 2243 3234 quam
2269 3182 2365 3234 op-
2392 3141 2433 3196 (ἶ
2466 3141 2855 3230 blasphemare,
2899 3163 3000 3216 nisi
3049 3161 3286 3214 crederet
3312 3176 3374 3214 ex
3413 3160 3530 3228 ipso
3558 3161 3814 3227 Spiritum
3864 3177 3993 3214 san-

838 3256 1090 3323 positum.
1136 3255 1334 3308 Sancte
1352 3257 1496 3307 enim
1527 3255 1775 3321 Dionysio
1806 3255 2033 3316 dicente,
2066 3257 2118 3307 in
2148 3257 2265 3322 ipso
2291 3255 2365 3308 De

837 3346 1023 3396 divinis
1045 3344 1333 3397 nominibus
1351 3359 1369 3396 :
1393 3357 1497 3396 non
1521 3343 1820 3396 audendum
1847 3345 2076 3398 totaliter
2098 3346 2163 3398 de
2183 3354 2366 3398 sancta

839 3434 1098 3489 Trinitate
1133 3434 1432 3503 intelligere
1477 3433 1676 3500 aliquid
1723 3435 1804 3486 vel
1836 3434 2037 3497 dicere,
2073 3445 2261 3501 praeter
2302 3450 2367 3488 ea

839 3542 958 3595 qua:
985 3527 1241 3579 divinitus
1277 3525 1430 3579 nobis
1469 3539 1562 3590 per
1595 3525 1704 3589 ipsa
1751 3537 2004 3590 expressa
2037 3532 2158 3576 sunt
2189 3537 2370 3575 sacra-

841 3617 1045 3670 tissima
1073 3617 1282 3682 eloquia
1318 3633 1331 3668 :
1369 3615 1442 3666 illi
1469 3614 1559 3680 qui
1590 3613 1776 3666 dicunt
1806 3627 1836 3663 a
1860 3609 2150 3664 soloPatre
2182 3625 2372 3678 proce-

841 3707 967 3758 dz-re
998 3704 1254 3773 Spiritum
1289 3715 1556 3766 sanctum,
1585 3703 1821 3757 audaciae
1872 3702 2032 3770 hujus
2068 3701 2252 3769 utique
2295 3699 2372 3753 rei

842 3798 989 3852 sunt.
1033 3795 1186 3859 Quod
1234 3794 1375 3846 enim
1409 3806 1502 3860 per
1530 3791 1897 3845 sacratissima
1916 3790 2122 3856 eloquia
2160 3790 2371 3843 ostendi

847 3890 1067 3942 minime
1097 3892 1284 3952 potest,
1306 3882 1410 3934 hoc
1428 3881 1542 3934 ausi
1563 3891 1686 3934 sunt
1711 3880 1812 3946 ipsi
1834 3880 1897 3932 de
1927 3878 2034 3931 Deo
2057 3879 2372 3946 intelligere.

917 3975 1087 4029 Latini
1118 3986 1243 4026 vero
1270 3971 1447 4022 multis
1482 3969 1534 4020 in
1568 3982 1721 4020 sacra
1757 3966 2032 4032 Scriptura
2062 3967 2223 4020 dictis
2268 3979 2374 4018 non

847 4079 1062 4127 parvam
1091 4059 1450 4127 suspicionem
1484 4055 1881 4123 praestantibus,
1909 4065 1960 4106 et
1992 4069 2060 4106 ex
2091 4054 2227 4105 Filio
2256 4054 2378 4120 Spi-

851 4125 1012 4208 iitum
1045 4125 1289 4204 sanet—um
1335 4142 1643 4211 procedere,
1683 4143 1782 4208 ipsi
1814 4151 1871 4193 ut
1900 4142 2081 4200 credo,
2110 4150 2378 4206 putantes,

2466 3262 2609 3305 ctum
2640 3253 2924 3320 procedere
2948 3268 2962 3303 :
2982 3253 3128 3320 quod
3153 3251 3306 3303 multi
3332 3259 3663 3310 sanctorum,
3686 3249 3852 3315 quiin
3876 3249 3994 3316 ipso

2464 3343 2632 3409 judiei
2668 3342 2996 3408 placuerunt,
3042 3341 3144 3393 hoc
3172 3349 3354 3407 aperte
3398 3349 3451 3393 et
3486 3354 3580 3407 per
3616 3338 3780 3391 multa
3818 3339 3993 3391 tradi-

2466 3434 2706 3495 dissent;
2740 3434 2879 3502 quod
2913 3443 3082 3486 mater
3123 3432 3476 3485 Ecclesiarum
3510 3445 3721 3499 semper
3760 3433 3866 3484 hoc
3889 3433 3986 3484 do-

2469 3526 2688 3578 cuisset.
2729 3525 2792 3576 Et
2824 3538 2952 3576 vero
2995 3525 3084 3589 qui
3120 3523 3338 3575 alterius
3383 3523 3550 3596 partis
3590 3532 3692 3584 est,
3728 3522 3994 3593 siquidem

2471 3622 2635 3675 errat,
2666 3625 2838 3677 neque
2875 3612 3078 3677 aliquid
3123 3613 3314 3664 horum
3349 3612 3643 3665 convenire
3670 3612 3737 3663 ad
3767 3627 3995 3665 excusa-

2469 3702 2669 3752 tionem
2705 3700 2756 3751 in
2775 3700 2976 3764 judicio
3007 3701 3252 3753 invenio:
3291 3716 3465 3768 neque
3492 3702 3658 3764 aliud,
3680 3700 3824 3752 utita
3851 3701 4001 3752 diua—

2475 3796 2582 3849 tur,
2611 3785 2897 3850 quidquam
2938 3787 3144 3836 ratione
3171 3786 3413 3854 dignum.

2541 3872 2671 3926 item
2697 3873 2948 3940 quoniam
2979 3874 3221 3926 homines
3245 3875 3407 3926 multa
3438 3884 3622 3928 contra
3638 3892 3699 3928 ea
3730 3893 3849 3938 quze
3881 3878 4002 3942 opi-

2475 3969 2672 4013 nantur
2705 3974 2771 4012 ex
2810 3958 2982 4026 aliqua
3031 3960 3394 4023 contentione,
3430 3963 3510 4012 vel
3565 3963 3647 4014 sui
3681 3977 3883 4023 amore,
3920 3964 4002 4016 vel

2474 4052 2575 4102 alia
2606 4049 2834 4116 quadam
2863 4049 3112 4114 passione
3143 4048 3349 4109 dicunt,
3380 4049 3697 4116 perquirens
3722 4065 3844 4116 ego,
3863 4065 4002 4117 quos

2477 4140 2644 4206 magis
2671 4139 2953 4193 verisimile
2974 4147 3058 4192 est
3085 4152 3114 4190 a
3148 4138 3407 4205 principio
3439 4154 3500 4192 ea
3529 4139 3707 4207 aliqua
3751 4142 3844 4192 tali
3876 4155 4005 4206 pas-

856 4261 920 4297 ex
965 4244 1070 4296 illis
1106 4242 1208 4293 hoc
1264 4233 1576 4302 signiﬁcari,
1613 4245 1736 4297 erga
1786 4243 1990 4282 sacram
2047 4227 2379 4296 Scripturam
2479 4228 2628 4279 sione
2649 4237 2946 4280 commotos
2964 4227 3174 4280 dicere:
3202 4237 3377 4280 utrum
3400 4218 3635 4292 Latinos,
3661 4231 3801 4295 quod
3823 4244 3885 4282 ex
3919 4229 4006 4281 Fi-

854 4332 1149 4387 reverentia
1171 4337 1221 4381 et
1245 4324 1514 4393 religione,
1536 4329 1589 4373 et
1616 4319 1837 4372 volendo
1854 4320 1916 4370 ad
1944 4318 2108 4383 ipsam
2133 4318 2383 4370 obcdien-
2482 4315 2575 4375 lio,
2607 4330 2674 4367 an
2696 4316 2927 4379 Graecos,
2960 4317 3101 4382 quod
3134 4317 3352 4368 hazresis
3377 4326 3430 4368 et
3452 4333 3603 4391 error
3640 4321 3741 4371 hoc
3772 4330 3889 4382 est;
3919 4319 4004 4370 in-

856 4436 934 4478 ter
970 4438 1027 4476 se
1075 4422 1287 4479 habere,
1331 4419 1428 4468 hoc
1463 4411 1741 4477 recipiunt.
1778 4409 1954 4473 Quare
2007 4410 2229 4461 multum
2277 4408 2381 4460 dil-
2414 4435 2459 4490 υ
2486 4403 2642 4456 venio
2673 4417 2858 4453 rursus
2877 4404 3117 4454 eamdem
3163 4403 3537 4455 dill'erentiam.
3570 4405 3629 4456 ιιι
3653 4406 3831 4459 multis
3859 4410 4004 4458 enim

857 4511 958 4565 fert
988 4513 1086 4563 hoc
1131 4509 1197 4561 ab
1224 4507 1331 4560 illo.
1360 4502 1570 4556 Nullius
1590 4497 1750 4563 enim,
1779 4499 1858 4551 vel
1889 4498 2123 4549 minima:
2147 4496 2384 4549 audacia:
2487 4494 2571 4545 his
2601 4493 2801 4544 nostris
2819 4491 3043 4544 subditis
3063 4494 3139 4544 illi
3169 4492 3442 4554 Ecclesiae,
3461 4502 3515 4546 et
3537 4497 3716 4548 multis
3749 4496 3834 4548 hic
3863 4497 4009 4547 aesti-

860 4602 1067 4654 ﬂdaur
1088 4613 1226 4651 esse.
2487 4579 2679 4630 mando
2705 4593 2760 4630 se
2789 4593 2819 4629 a
2851 4579 3143 4644 majoribus
3173 4579 3424 4645 injuriam
3455 4580 3562 4645 pati
3601 4580 3665 4630 ad
3713 4582 3878 4645 ipsam
3925 4599 4010 4634 re-

929 4689 1055 4742 ltem
1090 4703 1194 4741 non
1225 4680 1512 4738 mediocris
1561 4687 1614 4731 et
1656 4677 1889 4730 audacias
1916 4688 1970 4729 et
2015 4677 2385 4743 praesumptio.
2487 4667 3045 4736 iugientibus,illaque
3063 4668 3616 4720 excommunicatione
3637 4677 3688 4720 et
3709 4669 3830 4719 aliis
3841 4671 4012 4731 jussis

863 4781 947 4831 nis
976 4780 1159 4844 procul
1193 4777 1354 4828 dubio
1386 4785 1488 4835 est,
1510 4773 1560 4823 in
1590 4769 1927 4836 dogmatibus
1952 4768 2018 4821 de
2037 4782 2244 4821 summa
2268 4768 2387 4818 Tri-
2489 4773 2541 4812 et
2567 4761 2710 4812 omni
2746 4760 2902 4811 modo
2929 4773 3192 4817 coercere,
3233 4759 3318 4812 hic
3349 4760 3580 4826 majores
3600 4759 3667 4811 ab
3699 4758 3892 4824 injuria
3923 4772 4017 4810 co-

867 4869 1047 4925 nitate,
1081 4881 1229 4916 suam
1257 4865 1613 4930 cognitionem
1641 4870 1949 4915 sanctorum
1986 4867 2040 4909 et
2075 4871 2386 4922 magnorum
2491 4863 2681 4902 nante:
2715 4852 2910 4912 ethoc,
2939 4857 2994 4901 ut
3013 4850 3303 4903 verisimile
3323 4859 3424 4911 est,
3454 4851 3537 4901 his
3560 4865 3665 4903 non
3691 4865 3877 4918 parum
3900 4850 4014 4903 dis-

865 4957 1142 5008 doctorum
1198 4952 1483 5018 cognitioni
1528 4963 1853 5018 praeponere.
1878 4947 2086 5000 Atvcro
2122 4945 2212 5011 qui
2265 4945 2392 4996 dicit
2493 4943 2739 5007 plicente,
2758 4941 2873 4992 istis
2892 4942 3102 5007 quidem
3126 4955 3188 4992 ex
3211 4938 3700 4991 dilIamandoillam
3722 4938 4016 4993 Ecelesiam

867 5061 929 5098 ex
969 5042 1084 5094 solo
1108 5037 1262 5089 Patre
1294 5039 1576 5104 procedere
1611 5039 1869 5106 Spiritum
1899 5042 2166 5096 sanctum,
2207 5032 2390 5085 multis
2495 5030 2545 5080 iu
2569 5027 2903 5095 dogmatibus
2939 5040 3179 5093 peccare,
3212 5040 3428 5093 suaeque
3468 5027 3570 5078 hoc
3623 5025 4016 5093 persuadendo,

867 5147 919 5188 et
951 5131 1154 5200 magnis
1188 5127 1411 5184 sanctis,
1442 5128 1974 5192 etpraecipuesancto
1998 5122 2396 5190 Augustino,et
2495 5121 2769 5172 videbatur
2819 5118 3072 5171 advenire
3112 5132 3301 5186 magna
3347 5117 3606 5168 malorum
3643 5116 3885 5170 liberatio
3919 5134 3933 5169 :
3963 5125 4020 5168 et

872 5229 1056 5273 sancto
1096 5216 1317 5287 Cyrillo,
1370 5214 1461 5282 qui
1508 5213 1662 5264 latius
1710 5222 1763 5266 et
1809 5213 2044 5280 apertius
2090 5212 2390 5281 oppositum
2499 5210 2742 5262 videlicet
2768 5209 2946 5260 omnia
2970 5209 3264 5262 secundum
3323 5205 3716 5274 benepiaeitum
3753 5222 3909 5260 suum
3943 5207 4024 5259 fa-

873 5313 1084 5372 docent,
1110 5319 1167 5360 se
1201 5308 1375 5375 ipsum
1410 5301 1716 5355 necessario
1751 5313 1900 5367 putat
1926 5303 2309 5369 sapientiorem
2341 5309 2396 5352 et
2495 5298 2759 5352 cientibus
2791 5297 2965 5350 nullus
2994 5298 3060 5351 de
3075 5306 3268 5351 caetero
3297 5309 3574 5349 recurrere
3594 5296 3741 5356 velit,
3760 5304 3920 5362 atque
3941 5295 4024 5349 illi

874 5400 1280 5466 religiosiorem.
1316 5397 1359 5447 Α
1389 5392 1592 5446 Latinis
1625 5403 1749 5441 vero
1770 5391 1905 5442 nihil
1938 5392 2238 5458 Itujttsmndi
2273 5403 2395 5456 pec-
2499 5387 2886 5449 rationabiliter
2905 5388 3184 5441 videantur
3222 5384 3389 5453 jussis
3423 5399 3572 5452 papa:
3612 5385 3752 5439 nolle
3783 5384 4022 5439 obedire.

874 5498 1046 5548 catur,
1068 5489 1211 5538 nullo
1234 5494 1535 5537 sanctorqu
1557 5497 1584 5532 a
1604 5480 1716 5533 solo
1743 5478 1897 5530 Patre
1918 5479 2204 5544 procedere
2220 5487 2398 5544 aperte
2569 5479 2750 5544 Itaque
2779 5477 3088 5542 imperatori
3120 5477 3220 5528 hoc
3257 5473 3522 5540 provenit,
3552 5474 3692 5541 quod
3725 5473 3874 5539 prius
3917 5487 4026 5526 non

877 5594 928 5630 et
964 5576 1384 5628 indubitabiliter
1411 5575 1673 5626 tradente.
2499 5568 2748 5625 habebat,
2802 5566 3128 5631 patriarchas
3163 5561 3481 5616 conﬁrmare
3511 5571 3564 5613 et
3601 5576 3921 5630 proponere,
3971 5573 4031 5618 et

950 5666 1144 5720 Deinde
1163 5679 1464 5732 supponeus
1491 5665 1542 5715 in
1577 5672 1723 5729 pazlc
1743 5671 2023 5726 utrumque
2049 5658 2236 5711 falsum
2260 5673 2397 5720 esse,
2506 5660 2702 5709 nullam
2741 5658 2960 5723 relinqui
2995 5654 3307 5715 Ecciesiam,
3338 5665 3457 5718 quae
3486 5652 3660 5705 valeat
3695 5651 3794 5720 ipsi
3823 5651 3874 5704 in
3923 5649 4029 5706 ali-
