  <div class='ocr_page' id='page_1' title='image "/cluster/home/n/w/nwhite01/storage/ocr_20150623/151/nnc1.0022106707/660.png"; bbox 0 0 4450 6440; ppageno 0'>
   <div class='ocr_carea' id='block_1_1' title="bbox 388 401 516 464">
    <p class='ocr_par' dir='ltr' id='par_1_1' title="bbox 388 401 516 464">
     <span class='ocr_line' id='line_1_1' title="bbox 388 401 516 464; baseline 0.016 -2"><span class='ocrx_word' id='word_1_1' title='bbox 388 401 516 464; x_wconf 70' lang='grc'><strong>1301</strong></span> 
     </span>
    </p>
   </div>
   <div class='ocr_carea' id='block_1_2' title="bbox 1716 404 2219 465">
    <p class='ocr_par' dir='ltr' id='par_1_2' title="bbox 1716 404 2219 465">
     <span class='ocr_line' id='line_1_2' title="bbox 1716 404 2219 465; baseline -0.002 0"><span class='ocrx_word' id='word_1_2' title='bbox 1716 406 1865 465; x_wconf 78' lang='lat' dir='ltr'><strong>PRO</strong></span> <span class='ocrx_word' id='word_1_3' title='bbox 1905 404 2219 464; x_wconf 77' lang='lat' dir='ltr'><strong>LATINIS.</strong></span> 
     </span>
    </p>
   </div>
   <div class='ocr_carea' id='block_1_3' title="bbox 3407 389 3540 452">
    <p class='ocr_par' dir='ltr' id='par_1_3' title="bbox 3407 389 3540 452">
     <span class='ocr_line' id='line_1_3' title="bbox 3407 389 3540 452; baseline 0.023 -3"><span class='ocrx_word' id='word_1_4' title='bbox 3407 389 3540 452; x_wconf 78' lang='lat'><strong>130?.</strong></span> 
     </span>
    </p>
   </div>
   <div class='ocr_carea' id='block_1_4' title="bbox 383 504 3540 584">
    <p class='ocr_par' dir='ltr' id='par_1_4' title="bbox 383 504 3540 584">
     <span class='ocr_line' id='line_1_4' title="bbox 383 504 3540 584; baseline -0.004 -17"><span class='ocrx_word' id='word_1_5' title='bbox 383 529 492 584; x_wconf 73' lang='lat' dir='ltr'><strong>quo</strong></span> <span class='ocrx_word' id='word_1_6' title='bbox 523 511 789 567; x_wconf 71' lang='lat' dir='ltr'><strong>resistere.</strong></span> <span class='ocrx_word' id='word_1_7' title='bbox 821 513 921 578; x_wconf 92' lang='lat' dir='ltr'><strong>Ipsi</strong></span> <span class='ocrx_word' id='word_1_8' title='bbox 953 527 1077 564; x_wconf 72' lang='lat' dir='ltr'><strong>vero</strong></span> <span class='ocrx_word' id='word_1_9' title='bbox 1107 513 1421 580; x_wconf 57' lang='lat' dir='ltr'><strong>patriarchae</strong></span> <span class='ocrx_word' id='word_1_10' title='bbox 1439 529 1587 567; x_wconf 71' lang='lat' dir='ltr'><strong>novre</strong></span> <span class='ocrx_word' id='word_1_11' title='bbox 1618 514 1820 578; x_wconf 62' lang='lat' dir='ltr'><strong>Roma,</strong></span> <span class='ocrx_word' id='word_1_12' title='bbox 1847 523 1906 567; x_wconf 90' lang='lat' dir='ltr'><strong>ut</strong></span> <span class='ocrx_word' id='word_1_13' title='bbox 1936 518 1978 573; x_wconf 76' lang='grc' dir='ltr'><strong>Δ</strong></span> <span class='ocrx_word' id='word_1_14' title='bbox 2010 512 2109 569; x_wconf 82' lang='lat' dir='ltr'><strong>hoc</strong></span> <span class='ocrx_word' id='word_1_15' title='bbox 2131 516 2424 572; x_wconf 83' lang='lat' dir='ltr'><strong>aliirmans.</strong></span> <span class='ocrx_word' id='word_1_16' title='bbox 2453 510 2885 568; x_wconf 87' lang='lat' dir='ltr'><strong>contradicentes</strong></span> <span class='ocrx_word' id='word_1_17' title='bbox 2921 521 3110 560; x_wconf 83' lang='lat' dir='ltr'><strong>omnes</strong></span> <span class='ocrx_word' id='word_1_18' title='bbox 3142 520 3238 572; x_wconf 88' lang='lat' dir='ltr'><strong>pro</strong></span> <span class='ocrx_word' id='word_1_19' title='bbox 3273 504 3540 557; x_wconf 67' lang='lat' dir='ltr'><strong>haereticis</strong></span> 
     </span>
    </p>
   </div>
   <div class='ocr_carea' id='block_1_5' title="bbox 386 598 1906 669">
    <p class='ocr_par' dir='ltr' id='par_1_5' title="bbox 386 598 1906 669">
     <span class='ocr_line' id='line_1_5' title="bbox 386 598 1906 669; baseline -0.002 -15"><span class='ocrx_word' id='word_1_20' title='bbox 386 598 708 654; x_wconf 69' lang='lat' dir='ltr'><strong>nniversslis</strong></span> <span class='ocrx_word' id='word_1_21' title='bbox 736 599 1124 662; x_wconf 66' lang='lat' dir='ltr'><strong>nominrretbr,</strong></span> <span class='ocrx_word' id='word_1_22' title='bbox 1153 610 1204 652; x_wconf 88' lang='lat' dir='ltr'><strong>et</strong></span> <span class='ocrx_word' id='word_1_23' title='bbox 1228 616 1333 652; x_wconf 85' lang='lat' dir='ltr'><strong>non</strong></span> <span class='ocrx_word' id='word_1_24' title='bbox 1365 601 1634 655; x_wconf 86' lang='lat' dir='ltr'><strong>secundus</strong></span> <span class='ocrx_word' id='word_1_25' title='bbox 1658 608 1776 667; x_wconf 87' lang='lat' dir='ltr'><strong>post</strong></span> <span class='ocrx_word' id='word_1_26' title='bbox 1799 601 1906 669; x_wconf 82' lang='lat' dir='ltr'><strong>pri-</strong></span> 
     </span>
    </p>
   </div>
   <div class='ocr_carea' id='block_1_6' title="bbox 384 686 1908 753">
    <p class='ocr_par' dir='ltr' id='par_1_6' title="bbox 384 686 1908 753">
     <span class='ocr_line' id='line_1_6' title="bbox 384 686 1908 753; baseline 0 -11"><span class='ocrx_word' id='word_1_27' title='bbox 384 702 554 745; x_wconf 77' lang='lat' dir='ltr'><strong>mum.</strong></span> <span class='ocrx_word' id='word_1_28' title='bbox 582 686 674 739; x_wconf 86' lang='lat' dir='ltr'><strong>sed</strong></span> <span class='ocrx_word' id='word_1_29' title='bbox 718 686 833 753; x_wconf 89' lang='lat' dir='ltr'><strong>ipse</strong></span> <span class='ocrx_word' id='word_1_30' title='bbox 863 688 1063 752; x_wconf 86' lang='lat' dir='ltr'><strong>primus</strong></span> <span class='ocrx_word' id='word_1_31' title='bbox 1095 688 1149 740; x_wconf 89' lang='lat' dir='ltr'><strong>in</strong></span> <span class='ocrx_word' id='word_1_32' title='bbox 1177 686 1415 742; x_wconf 81' lang='lat' dir='ltr'><strong>Ecclesia</strong></span> <span class='ocrx_word' id='word_1_33' title='bbox 1448 705 1476 740; x_wconf 83' lang='lat' dir='ltr'><strong>s</strong></span> <span class='ocrx_word' id='word_1_34' title='bbox 1510 690 1908 742; x_wconf 87' lang='lat' dir='ltr'><strong>consecratori-</strong></span> 
     </span>
    </p>
   </div>
   <div class='ocr_carea' id='block_1_7' title="bbox 386 775 1908 830">
    <p class='ocr_par' dir='ltr' id='par_1_7' title="bbox 386 775 1908 830">
     <span class='ocr_line' id='line_1_7' title="bbox 386 775 1908 830; baseline -0.001 -2"><span class='ocrx_word' id='word_1_35' title='bbox 386 778 486 829; x_wconf 83' lang='lat' dir='ltr'><strong>bus</strong></span> <span class='ocrx_word' id='word_1_36' title='bbox 513 776 822 829; x_wconf 60' lang='lat' dir='ltr'><strong>mstimetur.</strong></span> <span class='ocrx_word' id='word_1_37' title='bbox 847 775 1105 829; x_wconf 82' lang='lat' dir='ltr'><strong>Neutrum</strong></span> <span class='ocrx_word' id='word_1_38' title='bbox 1135 778 1276 829; x_wconf 80' lang='lat' dir='ltr'><strong>enim</strong></span> <span class='ocrx_word' id='word_1_39' title='bbox 1308 777 1498 830; x_wconf 91' lang='lat' dir='ltr'><strong>horum</strong></span> <span class='ocrx_word' id='word_1_40' title='bbox 1524 787 1650 829; x_wconf 88' lang='lat' dir='ltr'><strong>ante</strong></span> <span class='ocrx_word' id='word_1_41' title='bbox 1673 775 1908 830; x_wconf 89' lang='lat' dir='ltr'><strong>schisma</strong></span> 
     </span>
    </p>
   </div>
   <div class='ocr_carea' id='block_1_8' title="bbox 386 863 1908 930">
    <p class='ocr_par' dir='ltr' id='par_1_8' title="bbox 386 863 1908 930">
     <span class='ocr_line' id='line_1_8' title="bbox 386 863 1908 930; baseline -0.001 -12"><span class='ocrx_word' id='word_1_42' title='bbox 386 873 521 918; x_wconf 87' lang='lat' dir='ltr'><strong>erat.</strong></span> <span class='ocrx_word' id='word_1_43' title='bbox 565 863 772 917; x_wconf 76' lang='lat' dir='ltr'><strong>Latinis</strong></span> <span class='ocrx_word' id='word_1_44' title='bbox 811 871 952 918; x_wconf 68' lang='lat' dir='ltr'><strong>Vero</strong></span> <span class='ocrx_word' id='word_1_45' title='bbox 979 880 1044 918; x_wconf 86' lang='lat' dir='ltr'><strong>ex</strong></span> <span class='ocrx_word' id='word_1_46' title='bbox 1072 866 1318 929; x_wconf 87' lang='lat' dir='ltr'><strong>dicendo,</strong></span> <span class='ocrx_word' id='word_1_47' title='bbox 1363 880 1427 919; x_wconf 74' lang='lat' dir='ltr'><strong>es</strong></span> <span class='ocrx_word' id='word_1_48' title='bbox 1466 865 1600 919; x_wconf 76' lang='lat' dir='ltr'><strong>Filio</strong></span> <span class='ocrx_word' id='word_1_49' title='bbox 1649 864 1908 930; x_wconf 89' lang='lat' dir='ltr'><strong>Spiritum</strong></span> 
     </span>
    </p>
   </div>
   <div class='ocr_carea' id='block_1_9' title="bbox 387 951 1914 1023">
    <p class='ocr_par' dir='ltr' id='par_1_9' title="bbox 387 951 1914 1023">
     <span class='ocr_line' id='line_1_9' title="bbox 387 951 1914 1023; baseline -0.003 -15"><span class='ocrx_word' id='word_1_50' title='bbox 387 964 628 1008; x_wconf 85' lang='lat' dir='ltr'><strong>sanctum</strong></span> <span class='ocrx_word' id='word_1_51' title='bbox 675 953 966 1019; x_wconf 87' lang='lat' dir='ltr'><strong>procedere</strong></span> <span class='ocrx_word' id='word_1_52' title='bbox 987 992 1003 1016; x_wconf 94' lang='lat'><strong>,</strong></span> <span class='ocrx_word' id='word_1_53' title='bbox 1034 969 1207 1023; x_wconf 87' lang='lat' dir='ltr'><strong>neque</strong></span> <span class='ocrx_word' id='word_1_54' title='bbox 1228 954 1531 1020; x_wconf 84' lang='lat' dir='ltr'><strong>aliquorum</strong></span> <span class='ocrx_word' id='word_1_55' title='bbox 1561 953 1825 1006; x_wconf 89' lang='lat' dir='ltr'><strong>maiorum</strong></span> <span class='ocrx_word' id='word_1_56' title='bbox 1849 951 1914 1004; x_wconf 89' lang='lat' dir='ltr'><strong>li-</strong></span> 
     </span>
    </p>
   </div>
   <div class='ocr_carea' id='block_1_10' title="bbox 387 1040 1911 1109">
    <p class='ocr_par' dir='ltr' id='par_1_10' title="bbox 387 1040 1911 1109">
     <span class='ocr_line' id='line_1_10' title="bbox 387 1040 1911 1109; baseline -0.001 -15"><span class='ocrx_word' id='word_1_57' title='bbox 387 1041 616 1100; x_wconf 79' lang='lat' dir='ltr'><strong>beratic,</strong></span> <span class='ocrx_word' id='word_1_58' title='bbox 649 1055 820 1108; x_wconf 86' lang='lat' dir='ltr'><strong>neque</strong></span> <span class='ocrx_word' id='word_1_59' title='bbox 853 1056 957 1095; x_wconf 91' lang='lat' dir='ltr'><strong>non</strong></span> <span class='ocrx_word' id='word_1_60' title='bbox 977 1042 1316 1108; x_wconf 57' lang='lat' dir='ltr'><strong>praesentium</strong></span> <span class='ocrx_word' id='word_1_61' title='bbox 1337 1042 1600 1095; x_wconf 83' lang='lat' dir='ltr'><strong>bonorum</strong></span> <span class='ocrx_word' id='word_1_62' title='bbox 1624 1040 1911 1109; x_wconf 86' lang='lat' dir='ltr'><strong>acquisitio</strong></span> 
     </span>
    </p>
   </div>
   <div class='ocr_carea' id='block_1_11' title="bbox 387 1129 1912 1199">
    <p class='ocr_par' dir='ltr' id='par_1_11' title="bbox 387 1129 1912 1199">
     <span class='ocr_line' id='line_1_11' title="bbox 387 1129 1912 1199; baseline 0.001 -17"><span class='ocrx_word' id='word_1_63' title='bbox 387 1130 693 1182; x_wconf 87' lang='lat' dir='ltr'><strong>accedebat.</strong></span> <span class='ocrx_word' id='word_1_64' title='bbox 725 1129 899 1195; x_wconf 86' lang='lat' dir='ltr'><strong>Quare</strong></span> <span class='ocrx_word' id='word_1_65' title='bbox 925 1144 990 1183; x_wconf 88' lang='lat' dir='ltr'><strong>ex</strong></span> <span class='ocrx_word' id='word_1_66' title='bbox 1016 1131 1265 1199; x_wconf 81' lang='lat' dir='ltr'><strong>passione</strong></span> <span class='ocrx_word' id='word_1_67' title='bbox 1284 1147 1312 1182; x_wconf 90' lang='lat' dir='ltr'><strong>a</strong></span> <span class='ocrx_word' id='word_1_68' title='bbox 1336 1131 1595 1199; x_wconf 88' lang='lat' dir='ltr'><strong>principio</strong></span> <span class='ocrx_word' id='word_1_69' title='bbox 1616 1140 1912 1185; x_wconf 82' lang='lat' dir='ltr'><strong>commotos</strong></span> 
     </span>
    </p>
   </div>
   <div class='ocr_carea' id='block_1_12' title="bbox 390 1216 1915 1286">
    <p class='ocr_par' dir='ltr' id='par_1_12' title="bbox 390 1216 1915 1286">
     <span class='ocr_line' id='line_1_12' title="bbox 390 1216 1915 1286; baseline 0.002 -19"><span class='ocrx_word' id='word_1_70' title='bbox 390 1217 565 1268; x_wconf 73' lang='lat' dir='ltr'><strong>dicere</strong></span> <span class='ocrx_word' id='word_1_71' title='bbox 598 1217 767 1286; x_wconf 85' lang='lat' dir='ltr'><strong>magis</strong></span> <span class='ocrx_word' id='word_1_72' title='bbox 797 1216 998 1272; x_wconf 66' lang='lat' dir='ltr'><strong>Grecis</strong></span> <span class='ocrx_word' id='word_1_73' title='bbox 1045 1233 1203 1286; x_wconf 87' lang='lat' dir='ltr'><strong>quam</strong></span> <span class='ocrx_word' id='word_1_74' title='bbox 1243 1218 1449 1272; x_wconf 94' lang='lat' dir='ltr'><strong>Latinis</strong></span> <span class='ocrx_word' id='word_1_75' title='bbox 1504 1219 1712 1273; x_wconf 87' lang='lat' dir='ltr'><strong>videtur</strong></span> <span class='ocrx_word' id='word_1_76' title='bbox 1755 1231 1915 1285; x_wconf 89' lang='lat' dir='ltr'><strong>posse</strong></span> 
     </span>
    </p>
   </div>
   <div class='ocr_carea' id='block_1_13' title="bbox 389 1306 719 1371">
    <p class='ocr_par' dir='ltr' id='par_1_13' title="bbox 389 1306 719 1371">
     <span class='ocr_line' id='line_1_13' title="bbox 389 1306 719 1371; baseline 0.006 -15"><span class='ocrx_word' id='word_1_77' title='bbox 389 1306 719 1371; x_wconf 78' lang='lat' dir='ltr'><strong>contingere.-</strong></span> 
     </span>
    </p>
   </div>
   <div class='ocr_carea' id='block_1_14' title="bbox 463 1393 1916 1461">
    <p class='ocr_par' dir='ltr' id='par_1_14' title="bbox 463 1393 1916 1461">
     <span class='ocr_line' id='line_1_14' title="bbox 463 1393 1916 1461; baseline 0.002 -18"><span class='ocrx_word' id='word_1_78' title='bbox 463 1393 532 1444; x_wconf 78' lang='lat' dir='ltr'><strong>Ex</strong></span> <span class='ocrx_word' id='word_1_79' title='bbox 567 1395 651 1446; x_wconf 87' lang='lat' dir='ltr'><strong>his</strong></span> <span class='ocrx_word' id='word_1_80' title='bbox 673 1393 840 1461; x_wconf 93' lang='lat' dir='ltr'><strong>igitur</strong></span> <span class='ocrx_word' id='word_1_81' title='bbox 875 1401 930 1447; x_wconf 92' lang='lat' dir='ltr'><strong>et</strong></span> <span class='ocrx_word' id='word_1_82' title='bbox 961 1395 1180 1458; x_wconf 81' lang='lat' dir='ltr'><strong>talibus,</strong></span> <span class='ocrx_word' id='word_1_83' title='bbox 1218 1395 1342 1448; x_wconf 88' lang='lat' dir='ltr'><strong>licet</strong></span> <span class='ocrx_word' id='word_1_84' title='bbox 1373 1394 1602 1448; x_wconf 90' lang='lat' dir='ltr'><strong>nondum</strong></span> <span class='ocrx_word' id='word_1_85' title='bbox 1629 1395 1802 1448; x_wconf 84' lang='lat' dir='ltr'><strong>visum</strong></span> <span class='ocrx_word' id='word_1_86' title='bbox 1833 1401 1916 1447; x_wconf 85' lang='lat' dir='ltr'><strong>est</strong></span> 
     </span>
    </p>
   </div>
   <div class='ocr_carea' id='block_1_15' title="bbox 390 1479 1912 1549">
    <p class='ocr_par' dir='ltr' id='par_1_15' title="bbox 390 1479 1912 1549">
     <span class='ocr_line' id='line_1_15' title="bbox 390 1479 1912 1549; baseline 0.001 -18"><span class='ocrx_word' id='word_1_87' title='bbox 390 1479 520 1534; x_wconf 87' lang='lat' dir='ltr'><strong>mihi</strong></span> <span class='ocrx_word' id='word_1_88' title='bbox 565 1481 718 1534; x_wconf 71' lang='lat' dir='ltr'><strong>ﬁdem</strong></span> <span class='ocrx_word' id='word_1_89' title='bbox 748 1482 1002 1538; x_wconf 84' lang='lat' dir='ltr'><strong>adbibere</strong></span> <span class='ocrx_word' id='word_1_90' title='bbox 1057 1483 1362 1537; x_wconf 84' lang='lat' dir='ltr'><strong>Latinorum</strong></span> <span class='ocrx_word' id='word_1_91' title='bbox 1422 1484 1681 1549; x_wconf 78' lang='lat' dir='ltr'><strong>dogmati,’</strong></span> <span class='ocrx_word' id='word_1_92' title='bbox 1735 1494 1912 1534; x_wconf 80' lang='lat' dir='ltr'><strong>tamen</strong></span> 
     </span>
    </p>
   </div>
   <div class='ocr_carea' id='block_1_16' title="bbox 391 1568 1910 1632">
    <p class='ocr_par' dir='ltr' id='par_1_16' title="bbox 391 1568 1910 1632">
     <span class='ocr_line' id='line_1_16' title="bbox 391 1568 1910 1632; baseline 0 -12"><span class='ocrx_word' id='word_1_93' title='bbox 391 1569 561 1622; x_wconf 89' lang='lat' dir='ltr'><strong>multo</strong></span> <span class='ocrx_word' id='word_1_94' title='bbox 586 1570 813 1624; x_wconf 61' lang='lat' dir='ltr'><strong>videtur</strong></span> <span class='ocrx_word' id='word_1_95' title='bbox 839 1572 970 1624; x_wconf 86' lang='lat' dir='ltr'><strong>mihi</strong></span> <span class='ocrx_word' id='word_1_96' title='bbox 1008 1572 1380 1625; x_wconf 87' lang='lat' dir='ltr'><strong>rationabilius</strong></span> <span class='ocrx_word' id='word_1_97' title='bbox 1408 1585 1546 1632; x_wconf 89' lang='lat' dir='ltr'><strong>esse,</strong></span> <span class='ocrx_word' id='word_1_98' title='bbox 1594 1586 1696 1623; x_wconf 89' lang='lat' dir='ltr'><strong>non</strong></span> <span class='ocrx_word' id='word_1_99' title='bbox 1741 1568 1910 1627; x_wconf 86' lang='lat' dir='ltr'><strong>credi.</strong></span> 
     </span>
    </p>
   </div>
   <div class='ocr_carea' id='block_1_17' title="bbox 392 1656 1911 1728">
    <p class='ocr_par' dir='ltr' id='par_1_17' title="bbox 392 1656 1911 1728">
     <span class='ocr_line' id='line_1_17' title="bbox 392 1656 1911 1728; baseline 0.001 -24"><span class='ocrx_word' id='word_1_100' title='bbox 392 1661 534 1724; x_wconf 83' lang='lat' dir='ltr'><strong>quod</strong></span> <span class='ocrx_word' id='word_1_101' title='bbox 555 1657 723 1712; x_wconf 70' lang='lat' dir='ltr'><strong>Graeci</strong></span> <span class='ocrx_word' id='word_1_102' title='bbox 748 1661 954 1723; x_wconf 87' lang='lat' dir='ltr'><strong>dicunt,</strong></span> <span class='ocrx_word' id='word_1_103' title='bbox 975 1675 1134 1728; x_wconf 88' lang='lat' dir='ltr'><strong>quam</strong></span> <span class='ocrx_word' id='word_1_104' title='bbox 1153 1661 1302 1712; x_wconf 90' lang='lat' dir='ltr'><strong>illud.</strong></span> <span class='ocrx_word' id='word_1_105' title='bbox 1323 1659 1495 1712; x_wconf 82' lang='lat' dir='ltr'><strong>Tuum</strong></span> <span class='ocrx_word' id='word_1_106' title='bbox 1515 1661 1581 1711; x_wconf 91' lang='lat' dir='ltr'><strong>de</strong></span> <span class='ocrx_word' id='word_1_107' title='bbox 1599 1666 1792 1710; x_wconf 60' lang='lat' dir='ltr'><strong>cetero</strong></span> <span class='ocrx_word' id='word_1_108' title='bbox 1820 1656 1911 1717; x_wconf 90' lang='lat' dir='ltr'><strong>sit,</strong></span> 
     </span>
    </p>
   </div>
   <div class='ocr_carea' id='block_1_18' title="bbox 391 1743 1911 1814">
    <p class='ocr_par' dir='ltr' id='par_1_18' title="bbox 391 1743 1911 1814">
     <span class='ocr_line' id='line_1_18' title="bbox 391 1743 1911 1814; baseline -0.004 -15"><span class='ocrx_word' id='word_1_109' title='bbox 391 1747 534 1813; x_wconf 85' lang='lat' dir='ltr'><strong>quod</strong></span> <span class='ocrx_word' id='word_1_110' title='bbox 571 1755 625 1799; x_wconf 90' lang='lat' dir='ltr'><strong>et</strong></span> <span class='ocrx_word' id='word_1_111' title='bbox 660 1749 712 1799; x_wconf 89' lang='lat' dir='ltr'><strong>in</strong></span> <span class='ocrx_word' id='word_1_112' title='bbox 763 1747 1022 1814; x_wconf 90' lang='lat' dir='ltr'><strong>principio</strong></span> <span class='ocrx_word' id='word_1_113' title='bbox 1073 1756 1322 1813; x_wconf 81' lang='lat' dir='ltr'><strong>precatus</strong></span> <span class='ocrx_word' id='word_1_114' title='bbox 1367 1763 1508 1808; x_wconf 89' lang='lat' dir='ltr'><strong>sum,</strong></span> <span class='ocrx_word' id='word_1_115' title='bbox 1553 1754 1604 1799; x_wconf 88' lang='lat' dir='ltr'><strong>te</strong></span> <span class='ocrx_word' id='word_1_116' title='bbox 1653 1744 1809 1796; x_wconf 85' lang='lat' dir='ltr'><strong>nobis</strong></span> <span class='ocrx_word' id='word_1_117' title='bbox 1858 1743 1911 1794; x_wconf 92' lang='lat' dir='ltr'><strong>in</strong></span> 
     </span>
    </p>
   </div>
   <div class='ocr_carea' id='block_1_19' title="bbox 391 1808 1982 1903">
    <p class='ocr_par' dir='ltr' id='par_1_19' title="bbox 391 1808 1982 1903">
     <span class='ocr_line' id='line_1_19' title="bbox 391 1808 1982 1903; baseline -0.002 -16"><span class='ocrx_word' id='word_1_118' title='bbox 391 1808 609 1903; x_wconf 71' lang='lat' dir='ltr'><strong>scriptis</strong></span> <span class='ocrx_word' id='word_1_119' title='bbox 641 1808 881 1889; x_wconf 74' lang='lat' dir='ltr'><strong>revelare</strong></span> <span class='ocrx_word' id='word_1_120' title='bbox 909 1808 962 1888; x_wconf 72' lang='lat' dir='ltr'><strong>et</strong></span> <span class='ocrx_word' id='word_1_121' title='bbox 1012 1808 1314 1902; x_wconf 72' lang='lat' dir='ltr'><strong>signiﬁcare</strong></span> <span class='ocrx_word' id='word_1_122' title='bbox 1358 1837 1513 1896; x_wconf 85' lang='lat' dir='ltr'><strong>velle,</strong></span> <span class='ocrx_word' id='word_1_123' title='bbox 1547 1833 1800 1902; x_wconf 91' lang='lat' dir='ltr'><strong>quidnam</strong></span> <span class='ocrx_word' id='word_1_124' title='bbox 1832 1841 1913 1884; x_wconf 88' lang='lat' dir='ltr'><strong>est</strong></span> <span class='ocrx_word' id='word_1_125' title='bbox 1941 1808 1982 1863; x_wconf 68' lang='grc' dir='ltr'><strong>Β</strong></span> 
     </span>
    </p>
   </div>
   <div class='ocr_carea' id='block_1_20' title="bbox 392 1921 1910 1991">
    <p class='ocr_par' dir='ltr' id='par_1_20' title="bbox 392 1921 1910 1991">
     <span class='ocr_line' id='line_1_20' title="bbox 392 1921 1910 1991; baseline -0.003 -15"><span class='ocrx_word' id='word_1_126' title='bbox 392 1923 544 1986; x_wconf 82' lang='lat' dir='ltr'><strong>illud,</strong></span> <span class='ocrx_word' id='word_1_127' title='bbox 575 1924 714 1990; x_wconf 89' lang='lat' dir='ltr'><strong>quod</strong></span> <span class='ocrx_word' id='word_1_128' title='bbox 749 1923 843 1975; x_wconf 85' lang='lat' dir='ltr'><strong>tibi</strong></span> <span class='ocrx_word' id='word_1_129' title='bbox 874 1924 1156 1989; x_wconf 82' lang='lat' dir='ltr'><strong>persuasit,</strong></span> <span class='ocrx_word' id='word_1_130' title='bbox 1179 1932 1233 1976; x_wconf 91' lang='lat' dir='ltr'><strong>et</strong></span> <span class='ocrx_word' id='word_1_131' title='bbox 1248 1938 1308 1977; x_wconf 87' lang='lat' dir='ltr'><strong>ex</strong></span> <span class='ocrx_word' id='word_1_132' title='bbox 1340 1921 1474 1976; x_wconf 78' lang='lat' dir='ltr'><strong>Filio</strong></span> <span class='ocrx_word' id='word_1_133' title='bbox 1501 1921 1761 1991; x_wconf 78' lang='lat' dir='ltr'><strong>Spiritum</strong></span> <span class='ocrx_word' id='word_1_134' title='bbox 1785 1933 1910 1974; x_wconf 81' lang='lat' dir='ltr'><strong>san-</strong></span> 
     </span>
    </p>
   </div>
   <div class='ocr_carea' id='block_1_21' title="bbox 391 2007 1916 2077">
    <p class='ocr_par' dir='ltr' id='par_1_21' title="bbox 391 2007 1916 2077">
     <span class='ocr_line' id='line_1_21' title="bbox 391 2007 1916 2077; baseline -0.002 -15"><span class='ocrx_word' id='word_1_135' title='bbox 391 2018 535 2062; x_wconf 84' lang='lat' dir='ltr'><strong>ctum</strong></span> <span class='ocrx_word' id='word_1_136' title='bbox 558 2010 862 2076; x_wconf 87' lang='lat' dir='ltr'><strong>procedere,</strong></span> <span class='ocrx_word' id='word_1_137' title='bbox 894 2024 990 2077; x_wconf 87' lang='lat' dir='ltr'><strong>pro</strong></span> <span class='ocrx_word' id='word_1_138' title='bbox 1008 2017 1157 2063; x_wconf 83' lang='lat' dir='ltr'><strong>certo</strong></span> <span class='ocrx_word' id='word_1_139' title='bbox 1175 2011 1389 2063; x_wconf 89' lang='lat' dir='ltr'><strong>credere</strong></span> <span class='ocrx_word' id='word_1_140' title='bbox 1413 2046 1429 2071; x_wconf 94' lang='lat'><strong>,</strong></span> <span class='ocrx_word' id='word_1_141' title='bbox 1453 2017 1506 2062; x_wconf 91' lang='lat' dir='ltr'><strong>et</strong></span> <span class='ocrx_word' id='word_1_142' title='bbox 1533 2023 1596 2062; x_wconf 82' lang='lat' dir='ltr'><strong>ex</strong></span> <span class='ocrx_word' id='word_1_143' title='bbox 1619 2009 1723 2062; x_wconf 93' lang='lat' dir='ltr'><strong>hoc</strong></span> <span class='ocrx_word' id='word_1_144' title='bbox 1747 2007 1916 2061; x_wconf 70' lang='lat' dir='ltr'><strong>haere-</strong></span> 
     </span>
    </p>
   </div>
   <div class='ocr_carea' id='block_1_22' title="bbox 393 2096 1917 2172">
    <p class='ocr_par' dir='ltr' id='par_1_22' title="bbox 393 2096 1917 2172">
     <span class='ocr_line' id='line_1_22' title="bbox 393 2096 1917 2172; baseline 0 -23"><span class='ocrx_word' id='word_1_145' title='bbox 393 2096 528 2150; x_wconf 88' lang='lat' dir='ltr'><strong>ticos</strong></span> <span class='ocrx_word' id='word_1_146' title='bbox 554 2106 608 2151; x_wconf 87' lang='lat' dir='ltr'><strong>et</strong></span> <span class='ocrx_word' id='word_1_147' title='bbox 630 2099 999 2154; x_wconf 85' lang='lat' dir='ltr'><strong>scbismsticos</strong></span> <span class='ocrx_word' id='word_1_148' title='bbox 1020 2113 1138 2162; x_wconf 88' lang='lat' dir='ltr'><strong>eos,</strong></span> <span class='ocrx_word' id='word_1_149' title='bbox 1166 2103 1258 2166; x_wconf 89' lang='lat' dir='ltr'><strong>qui</strong></span> <span class='ocrx_word' id='word_1_150' title='bbox 1291 2112 1398 2151; x_wconf 88' lang='lat' dir='ltr'><strong>non</strong></span> <span class='ocrx_word' id='word_1_151' title='bbox 1432 2098 1531 2151; x_wconf 91' lang='lat' dir='ltr'><strong>hoc</strong></span> <span class='ocrx_word' id='word_1_152' title='bbox 1555 2098 1791 2172; x_wconf 70' lang='lat' dir='ltr'><strong>sapiunt,</strong></span> <span class='ocrx_word' id='word_1_153' title='bbox 1817 2109 1917 2150; x_wconf 82' lang='lat' dir='ltr'><strong>nec</strong></span> 
     </span>
    </p>
   </div>
   <div class='ocr_carea' id='block_1_23' title="bbox 393 2181 1916 2255">
    <p class='ocr_par' dir='ltr' id='par_1_23' title="bbox 393 2181 1916 2255">
     <span class='ocr_line' id='line_1_23' title="bbox 393 2181 1916 2255; baseline -0.003 -16"><span class='ocrx_word' id='word_1_154' title='bbox 393 2184 713 2240; x_wconf 67' lang='lat' dir='ltr'><strong>conﬁtentur</strong></span> <span class='ocrx_word' id='word_1_155' title='bbox 755 2195 965 2255; x_wconf 90' lang='lat' dir='ltr'><strong>putare.</strong></span> <span class='ocrx_word' id='word_1_156' title='bbox 1017 2188 1188 2241; x_wconf 75' lang='lat' dir='ltr'><strong>Amici</strong></span> <span class='ocrx_word' id='word_1_157' title='bbox 1239 2200 1424 2240; x_wconf 88' lang='lat' dir='ltr'><strong>omnes</strong></span> <span class='ocrx_word' id='word_1_158' title='bbox 1461 2185 1697 2239; x_wconf 87' lang='lat' dir='ltr'><strong>salutant</strong></span> <span class='ocrx_word' id='word_1_159' title='bbox 1729 2193 1799 2237; x_wconf 89' lang='lat' dir='ltr'><strong>te.</strong></span> <span class='ocrx_word' id='word_1_160' title='bbox 1853 2181 1916 2234; x_wconf 79' lang='lat' dir='ltr'><strong>Et</strong></span> 
     </span>
    </p>
   </div>
   <div class='ocr_carea' id='block_1_24' title="bbox 395 2271 1915 2344">
    <p class='ocr_par' dir='ltr' id='par_1_24' title="bbox 395 2271 1915 2344">
     <span class='ocr_line' id='line_1_24' title="bbox 395 2271 1915 2344; baseline -0.003 -16"><span class='ocrx_word' id='word_1_161' title='bbox 395 2277 616 2344; x_wconf 78' lang='lat' dir='ltr'><strong>cpistola</strong></span> <span class='ocrx_word' id='word_1_162' title='bbox 656 2282 755 2330; x_wconf 88' lang='lat' dir='ltr'><strong>hac</strong></span> <span class='ocrx_word' id='word_1_163' title='bbox 789 2279 921 2332; x_wconf 88' lang='lat' dir='ltr'><strong>lecta</strong></span> <span class='ocrx_word' id='word_1_164' title='bbox 956 2292 1136 2332; x_wconf 88' lang='lat' dir='ltr'><strong>coram</strong></span> <span class='ocrx_word' id='word_1_165' title='bbox 1183 2278 1286 2340; x_wconf 89' lang='lat' dir='ltr'><strong>eis,</strong></span> <span class='ocrx_word' id='word_1_166' title='bbox 1321 2276 1506 2332; x_wconf 89' lang='lat' dir='ltr'><strong>eadem</strong></span> <span class='ocrx_word' id='word_1_167' title='bbox 1537 2283 1590 2327; x_wconf 90' lang='lat' dir='ltr'><strong>et</strong></span> <span class='ocrx_word' id='word_1_168' title='bbox 1623 2273 1724 2341; x_wconf 82' lang='lat' dir='ltr'><strong>ipsi</strong></span> <span class='ocrx_word' id='word_1_169' title='bbox 1755 2271 1915 2324; x_wconf 74' lang='grc' dir='ltr'><strong>1]ωεί-</strong></span> 
     </span>
    </p>
   </div>
   <div class='ocr_carea' id='block_1_25' title="bbox 397 2368 1278 2435">
    <p class='ocr_par' dir='ltr' id='par_1_25' title="bbox 397 2368 1278 2435">
     <span class='ocr_line' id='line_1_25' title="bbox 397 2368 1278 2435; baseline 0.001 -17"><span class='ocrx_word' id='word_1_170' title='bbox 397 2376 530 2429; x_wconf 85' lang='lat' dir='ltr'><strong>tare,</strong></span> <span class='ocrx_word' id='word_1_171' title='bbox 569 2376 620 2421; x_wconf 86' lang='lat' dir='ltr'><strong>et</strong></span> <span class='ocrx_word' id='word_1_172' title='bbox 651 2382 678 2418; x_wconf 85' lang='lat' dir='ltr'><strong>a</strong></span> <span class='ocrx_word' id='word_1_173' title='bbox 699 2376 751 2420; x_wconf 79' lang='lat' dir='ltr'><strong>te</strong></span> <span class='ocrx_word' id='word_1_174' title='bbox 781 2379 959 2435; x_wconf 82' lang='lat' dir='ltr'><strong>petere</strong></span> <span class='ocrx_word' id='word_1_175' title='bbox 993 2381 1050 2420; x_wconf 82' lang='lat' dir='ltr'><strong>se</strong></span> <span class='ocrx_word' id='word_1_176' title='bbox 1077 2368 1278 2420; x_wconf 88' lang='lat' dir='ltr'><strong>dicunt.</strong></span> 
     </span>
    </p>
   </div>
   <div class='ocr_carea' id='block_1_26' title="bbox 397 2495 1915 2564">
    <p class='ocr_par' dir='ltr' id='par_1_26' title="bbox 397 2495 1915 2564">
     <span class='ocr_line' id='line_1_26' title="bbox 397 2495 1915 2564; baseline -0.003 -15"><span class='ocrx_word' id='word_1_177' title='bbox 397 2495 630 2562; x_wconf 72' lang='lat' dir='ltr'><strong>Epistoia</strong></span> <span class='ocrx_word' id='word_1_178' title='bbox 671 2497 874 2557; x_wconf 78' lang='lat' dir='ltr'><strong>Domini</strong></span> <span class='ocrx_word' id='word_1_179' title='bbox 920 2498 1204 2558; x_wconf 77' lang='lat' dir='ltr'><strong>Barlaami,</strong></span> <span class='ocrx_word' id='word_1_180' title='bbox 1233 2498 1450 2561; x_wconf 75' lang='lat' dir='ltr'><strong>episcopi</strong></span> <span class='ocrx_word' id='word_1_181' title='bbox 1488 2495 1826 2564; x_wconf 77' lang='lat' dir='ltr'><strong>Gyraccnsis,_</strong></span> <span class='ocrx_word' id='word_1_182' title='bbox 1849 2509 1915 2545; x_wconf 82' lang='lat' dir='ltr'><strong>aa</strong></span> 
     </span>
    </p>
   </div>
   <div class='ocr_carea' id='block_1_27' title="bbox 463 2561 1919 2628">
    <p class='ocr_par' dir='ltr' id='par_1_27' title="bbox 463 2561 1919 2628">
     <span class='ocr_line' id='line_1_27' title="bbox 463 2561 1919 2628; baseline 0 -15"><span class='ocrx_word' id='word_1_183' title='bbox 463 2565 692 2615; x_wconf 75' lang='lat' dir='ltr'><strong>eumdem</strong></span> <span class='ocrx_word' id='word_1_184' title='bbox 721 2565 1033 2614; x_wconf 70' lang='lat' dir='ltr'><strong>Demetrium</strong></span> <span class='ocrx_word' id='word_1_185' title='bbox 1063 2561 1581 2623; x_wconf 76' lang='lat' dir='ltr'><strong>Thessalonicensem,</strong></span> <span class='ocrx_word' id='word_1_186' title='bbox 1609 2561 1919 2628; x_wconf 80' lang='lat' dir='ltr'><strong>respondens</strong></span> 
     </span>
    </p>
   </div>
   <div class='ocr_carea' id='block_1_28' title="bbox 465 2628 1921 2692">
    <p class='ocr_par' dir='ltr' id='par_1_28' title="bbox 465 2628 1921 2692">
     <span class='ocr_line' id='line_1_28' title="bbox 465 2628 1921 2692; baseline 0.001 -12"><span class='ocrx_word' id='word_1_187' title='bbox 465 2632 532 2680; x_wconf 80' lang='lat' dir='ltr'><strong>ad</strong></span> <span class='ocrx_word' id='word_1_188' title='bbox 548 2633 749 2692; x_wconf 79' lang='lat' dir='ltr'><strong>petita;</strong></span> <span class='ocrx_word' id='word_1_189' title='bbox 780 2637 1017 2682; x_wconf 73' lang='lat' dir='ltr'><strong>hortatur</strong></span> <span class='ocrx_word' id='word_1_190' title='bbox 1046 2647 1162 2684; x_wconf 75' lang='lat' dir='ltr'><strong>eum</strong></span> <span class='ocrx_word' id='word_1_191' title='bbox 1215 2632 1282 2685; x_wconf 79' lang='lat' dir='ltr'><strong>ad</strong></span> <span class='ocrx_word' id='word_1_192' title='bbox 1319 2633 1556 2682; x_wconf 80' lang='lat' dir='ltr'><strong>unionem</strong></span> <span class='ocrx_word' id='word_1_193' title='bbox 1597 2639 1792 2684; x_wconf 68' lang='lat' dir='ltr'><strong>sancte</strong></span> <span class='ocrx_word' id='word_1_194' title='bbox 1817 2628 1921 2681; x_wconf 80' lang='lat' dir='ltr'><strong>Ro-</strong></span> 
     </span>
    </p>
   </div>
   <div class='ocr_carea' id='block_1_29' title="bbox 468 2697 931 2752">
    <p class='ocr_par' dir='ltr' id='par_1_29' title="bbox 468 2697 931 2752">
     <span class='ocr_line' id='line_1_29' title="bbox 468 2697 931 2752; baseline 0.013 -6"><span class='ocrx_word' id='word_1_195' title='bbox 468 2713 635 2750; x_wconf 76' lang='lat' dir='ltr'><strong>mana</strong></span> <span class='ocrx_word' id='word_1_196' title='bbox 666 2697 931 2752; x_wconf 68' lang='lat' dir='ltr'><strong>Ecclesia.</strong></span> 
     </span>
    </p>
   </div>
   <div class='ocr_carea' id='block_1_30' title="bbox 467 2803 1921 2875">
    <p class='ocr_par' dir='ltr' id='par_1_30' title="bbox 467 2803 1921 2875">
     <span class='ocr_line' id='line_1_30' title="bbox 467 2803 1921 2875; baseline 0 -19"><span class='ocrx_word' id='word_1_197' title='bbox 467 2803 598 2857; x_wconf 89' lang='lat' dir='ltr'><strong>Cum</strong></span> <span class='ocrx_word' id='word_1_198' title='bbox 641 2806 993 2874; x_wconf 90' lang='lat' dir='ltr'><strong>accepissem,</strong></span> <span class='ocrx_word' id='word_1_199' title='bbox 1039 2823 1071 2862; x_wconf 95' lang='lat' dir='ltr'><strong>o</strong></span> <span class='ocrx_word' id='word_1_200' title='bbox 1108 2809 1336 2862; x_wconf 89' lang='lat' dir='ltr'><strong>amicum</strong></span> <span class='ocrx_word' id='word_1_201' title='bbox 1375 2808 1503 2861; x_wconf 89' lang='lat' dir='ltr'><strong>mihi</strong></span> <span class='ocrx_word' id='word_1_202' title='bbox 1538 2814 1721 2875; x_wconf 88' lang='lat' dir='ltr'><strong>caput,</strong></span> <span class='ocrx_word' id='word_1_203' title='bbox 1774 2811 1921 2859; x_wconf 84' lang='lat' dir='ltr'><strong>tuam</strong></span> 
     </span>
    </p>
   </div>
   <div class='ocr_carea' id='block_1_31' title="bbox 402 2894 1925 2966">
    <p class='ocr_par' dir='ltr' id='par_1_31' title="bbox 402 2894 1925 2966">
     <span class='ocr_line' id='line_1_31' title="bbox 402 2894 1925 2966; baseline 0.001 -20"><span class='ocrx_word' id='word_1_204' title='bbox 402 2894 684 2960; x_wconf 85' lang='lat' dir='ltr'><strong>ingenuam</strong></span> <span class='ocrx_word' id='word_1_205' title='bbox 717 2905 770 2952; x_wconf 91' lang='lat' dir='ltr'><strong>et</strong></span> <span class='ocrx_word' id='word_1_206' title='bbox 804 2899 1168 2953; x_wconf 81' lang='lat' dir='ltr'><strong>admirandam</strong></span> <span class='ocrx_word' id='word_1_207' title='bbox 1195 2910 1245 2953; x_wconf 93' lang='lat' dir='ltr'><strong>et</strong></span> <span class='ocrx_word' id='word_1_208' title='bbox 1293 2899 1699 2953; x_wconf 86' lang='lat' dir='ltr'><strong>disertissimam</strong></span> <span class='ocrx_word' id='word_1_209' title='bbox 1729 2895 1925 2966; x_wconf 90' lang='lat' dir='ltr'><strong>episto-</strong></span> 
     </span>
    </p>
   </div>
   <div class='ocr_carea' id='block_1_32' title="bbox 403 2987 1926 3060">
    <p class='ocr_par' dir='ltr' id='par_1_32' title="bbox 403 2987 1926 3060">
     <span class='ocr_line' id='line_1_32' title="bbox 403 2987 1926 3060; baseline 0.001 -22"><span class='ocrx_word' id='word_1_210' title='bbox 403 2987 531 3051; x_wconf 85' lang='lat' dir='ltr'><strong>lam.</strong></span> <span class='ocrx_word' id='word_1_211' title='bbox 561 2989 914 3060; x_wconf 83' lang='lat' dir='ltr'><strong>legissemqne</strong></span> <span class='ocrx_word' id='word_1_212' title='bbox 943 2999 997 3044; x_wconf 88' lang='lat' dir='ltr'><strong>et</strong></span> <span class='ocrx_word' id='word_1_213' title='bbox 1018 2991 1414 3051; x_wconf 88' lang='lat' dir='ltr'><strong>intellexissem,</strong></span> <span class='ocrx_word' id='word_1_214' title='bbox 1447 2999 1503 3043; x_wconf 88' lang='lat' dir='ltr'><strong>ut</strong></span> <span class='ocrx_word' id='word_1_215' title='bbox 1526 2989 1779 3052; x_wconf 86' lang='lat' dir='ltr'><strong>arbitror,</strong></span> <span class='ocrx_word' id='word_1_216' title='bbox 1803 2999 1926 3057; x_wconf 66' lang='lat' dir='ltr'><strong>qua</strong></span> 
     </span>
    </p>
   </div>
   <div class='ocr_carea' id='block_1_33' title="bbox 403 3078 1722 3149">
    <p class='ocr_par' dir='ltr' id='par_1_33' title="bbox 403 3078 1722 3149">
     <span class='ocr_line' id='line_1_33' title="bbox 403 3078 1722 3149; baseline -0.002 -16"><span class='ocrx_word' id='word_1_217' title='bbox 403 3079 457 3133; x_wconf 91' lang='lat' dir='ltr'><strong>in</strong></span> <span class='ocrx_word' id='word_1_218' title='bbox 485 3092 544 3131; x_wconf 82' lang='lat' dir='ltr'><strong>es</strong></span> <span class='ocrx_word' id='word_1_219' title='bbox 575 3087 722 3143; x_wconf 89' lang='lat' dir='ltr'><strong>sunt,</strong></span> <span class='ocrx_word' id='word_1_220' title='bbox 749 3081 822 3134; x_wconf 89' lang='lat' dir='ltr'><strong>ita</strong></span> <span class='ocrx_word' id='word_1_221' title='bbox 852 3079 946 3134; x_wconf 90' lang='lat' dir='ltr'><strong>tibi</strong></span> <span class='ocrx_word' id='word_1_222' title='bbox 970 3079 1034 3134; x_wconf 91' lang='lat' dir='ltr'><strong>ad</strong></span> <span class='ocrx_word' id='word_1_223' title='bbox 1055 3080 1379 3149; x_wconf 87' lang='lat' dir='ltr'><strong>interrogata</strong></span> <span class='ocrx_word' id='word_1_224' title='bbox 1403 3078 1722 3146; x_wconf 83' lang='lat' dir='ltr'><strong>respondeo.</strong></span> 
     </span>
    </p>
   </div>
   <div class='ocr_carea' id='block_1_34' title="bbox 471 3164 1926 3237">
    <p class='ocr_par' dir='ltr' id='par_1_34' title="bbox 471 3164 1926 3237">
     <span class='ocr_line' id='line_1_34' title="bbox 471 3164 1926 3237; baseline 0 -17"><span class='ocrx_word' id='word_1_225' title='bbox 471 3167 580 3235; x_wconf 78' lang='lat' dir='ltr'><strong>Ego</strong></span> <span class='ocrx_word' id='word_1_226' title='bbox 611 3184 785 3236; x_wconf 91' lang='lat' dir='ltr'><strong>neque</strong></span> <span class='ocrx_word' id='word_1_227' title='bbox 814 3170 963 3237; x_wconf 88' lang='lat' dir='ltr'><strong>prius</strong></span> <span class='ocrx_word' id='word_1_228' title='bbox 1005 3169 1261 3231; x_wconf 88' lang='lat' dir='ltr'><strong>sciebam,</strong></span> <span class='ocrx_word' id='word_1_229' title='bbox 1302 3177 1478 3222; x_wconf 80' lang='lat' dir='ltr'><strong>atrum</strong></span> <span class='ocrx_word' id='word_1_230' title='bbox 1513 3182 1540 3219; x_wconf 90' lang='lat' dir='ltr'><strong>a</strong></span> <span class='ocrx_word' id='word_1_231' title='bbox 1587 3168 1705 3221; x_wconf 90' lang='lat' dir='ltr'><strong>solo</strong></span> <span class='ocrx_word' id='word_1_232' title='bbox 1763 3164 1926 3220; x_wconf 83' lang='lat' dir='ltr'><strong>Patro</strong></span> 
     </span>
    </p>
   </div>
   <div class='ocr_carea' id='block_1_35' title="bbox 406 3257 1930 3326">
    <p class='ocr_par' dir='ltr' id='par_1_35' title="bbox 406 3257 1930 3326">
     <span class='ocr_line' id='line_1_35' title="bbox 406 3257 1930 3326; baseline 0 -18"><span class='ocrx_word' id='word_1_233' title='bbox 406 3258 642 3324; x_wconf 84' lang='lat' dir='ltr'><strong>procedit</strong></span> <span class='ocrx_word' id='word_1_234' title='bbox 667 3257 900 3326; x_wconf 89' lang='lat' dir='ltr'><strong>Spiri&#39;tus</strong></span> <span class='ocrx_word' id='word_1_235' title='bbox 925 3267 1163 3320; x_wconf 90' lang='lat' dir='ltr'><strong>sanctus,</strong></span> <span class='ocrx_word' id='word_1_236' title='bbox 1207 3273 1380 3324; x_wconf 88' lang='lat' dir='ltr'><strong>neque</strong></span> <span class='ocrx_word' id='word_1_237' title='bbox 1418 3271 1560 3308; x_wconf 90' lang='lat' dir='ltr'><strong>nunc</strong></span> <span class='ocrx_word' id='word_1_238' title='bbox 1582 3257 1815 3308; x_wconf 87' lang='lat' dir='ltr'><strong>arbitror</strong></span> <span class='ocrx_word' id='word_1_239' title='bbox 1845 3268 1930 3308; x_wconf 82' lang='lat' dir='ltr'><strong>ne</strong></span> 
     </span>
    </p>
   </div>
   <div class='ocr_carea' id='block_1_36' title="bbox 405 3344 1931 3412">
    <p class='ocr_par' dir='ltr' id='par_1_36' title="bbox 405 3344 1931 3412">
     <span class='ocr_line' id='line_1_36' title="bbox 405 3344 1931 3412; baseline -0.002 -16"><span class='ocrx_word' id='word_1_240' title='bbox 405 3347 565 3398; x_wconf 87' lang='lat' dir='ltr'><strong>scire.</strong></span> <span class='ocrx_word' id='word_1_241' title='bbox 611 3345 746 3398; x_wconf 86' lang='lat' dir='ltr'><strong>Puto</strong></span> <span class='ocrx_word' id='word_1_242' title='bbox 783 3346 923 3397; x_wconf 86' lang='lat' dir='ltr'><strong>enim</strong></span> <span class='ocrx_word' id='word_1_243' title='bbox 961 3345 1272 3412; x_wconf 68' lang='lat' dir='ltr'><strong>huiusmodi</strong></span> <span class='ocrx_word' id='word_1_244' title='bbox 1313 3344 1586 3410; x_wconf 87' lang='lat' dir='ltr'><strong>probiema</strong></span> <span class='ocrx_word' id='word_1_245' title='bbox 1617 3352 1671 3396; x_wconf 87' lang='lat' dir='ltr'><strong>et</strong></span> <span class='ocrx_word' id='word_1_246' title='bbox 1704 3356 1846 3396; x_wconf 70' lang='lat' dir='ltr'><strong>nt‘...c</strong></span> <span class='ocrx_word' id='word_1_247' title='bbox 1876 3350 1931 3394; x_wconf 91' lang='lat' dir='ltr'><strong>et</strong></span> 
     </span>
    </p>
   </div>
   <div class='ocr_carea' id='block_1_37' title="bbox 409 3429 1932 3498">
    <p class='ocr_par' dir='ltr' id='par_1_37' title="bbox 409 3429 1932 3498">
     <span class='ocr_line' id='line_1_37' title="bbox 409 3429 1932 3498; baseline -0.001 -13"><span class='ocrx_word' id='word_1_248' title='bbox 409 3443 556 3493; x_wconf 90' lang='lat' dir='ltr'><strong>tunc,</strong></span> <span class='ocrx_word' id='word_1_249' title='bbox 585 3433 1030 3497; x_wconf 80' lang='lat' dir='ltr'><strong>quemadmodum</strong></span> <span class='ocrx_word' id='word_1_250' title='bbox 1053 3440 1104 3483; x_wconf 91' lang='lat' dir='ltr'><strong>et</strong></span> <span class='ocrx_word' id='word_1_251' title='bbox 1137 3442 1190 3484; x_wconf 91' lang='lat' dir='ltr'><strong>tu</strong></span> <span class='ocrx_word' id='word_1_252' title='bbox 1215 3433 1267 3483; x_wconf 88' lang='lat' dir='ltr'><strong>in</strong></span> <span class='ocrx_word' id='word_1_253' title='bbox 1287 3429 1512 3497; x_wconf 79' lang='lat' dir='ltr'><strong>epistola</strong></span> <span class='ocrx_word' id='word_1_254' title='bbox 1542 3429 1740 3498; x_wconf 91' lang='lat' dir='ltr'><strong>optime</strong></span> <span class='ocrx_word' id='word_1_255' title='bbox 1756 3429 1932 3484; x_wconf 87' lang='lat' dir='ltr'><strong>dicere</strong></span> 
     </span>
    </p>
   </div>
   <div class='ocr_carea' id='block_1_38' title="bbox 407 3519 1933 3587">
    <p class='ocr_par' dir='ltr' id='par_1_38' title="bbox 407 3519 1933 3587">
     <span class='ocr_line' id='line_1_38' title="bbox 407 3519 1933 3587; baseline 0.001 -14"><span class='ocrx_word' id='word_1_256' title='bbox 407 3521 534 3574; x_wconf 87' lang='lat' dir='ltr'><strong>mihi</strong></span> <span class='ocrx_word' id='word_1_257' title='bbox 563 3521 776 3584; x_wconf 81' lang='lat' dir='ltr'><strong>videris,</strong></span> <span class='ocrx_word' id='word_1_258' title='bbox 808 3534 968 3587; x_wconf 88' lang='lat' dir='ltr'><strong>super</strong></span> <span class='ocrx_word' id='word_1_259' title='bbox 986 3534 1196 3573; x_wconf 89' lang='lat' dir='ltr'><strong>omnem</strong></span> <span class='ocrx_word' id='word_1_260' title='bbox 1228 3535 1348 3575; x_wconf 89' lang='lat' dir='ltr'><strong>esse</strong></span> <span class='ocrx_word' id='word_1_261' title='bbox 1378 3520 1666 3572; x_wconf 88' lang='lat' dir='ltr'><strong>humanam</strong></span> <span class='ocrx_word' id='word_1_262' title='bbox 1692 3530 1743 3572; x_wconf 85' lang='lat' dir='ltr'><strong>et</strong></span> <span class='ocrx_word' id='word_1_263' title='bbox 1760 3519 1933 3574; x_wconf 87' lang='lat' dir='ltr'><strong>scien-</strong></span> 
     </span>
    </p>
   </div>
   <div class='ocr_carea' id='block_1_39' title="bbox 409 3610 1929 3670">
    <p class='ocr_par' dir='ltr' id='par_1_39' title="bbox 409 3610 1929 3670">
     <span class='ocr_line' id='line_1_39' title="bbox 409 3610 1929 3670; baseline 0 -7"><span class='ocrx_word' id='word_1_264' title='bbox 409 3611 534 3664; x_wconf 89' lang='lat' dir='ltr'><strong>tiam</strong></span> <span class='ocrx_word' id='word_1_265' title='bbox 560 3618 611 3661; x_wconf 90' lang='lat' dir='ltr'><strong>ct</strong></span> <span class='ocrx_word' id='word_1_266' title='bbox 644 3620 895 3670; x_wconf 87' lang='lat' dir='ltr'><strong>mentem,</strong></span> <span class='ocrx_word' id='word_1_267' title='bbox 915 3620 966 3663; x_wconf 88' lang='lat' dir='ltr'><strong>el</strong></span> <span class='ocrx_word' id='word_1_268' title='bbox 990 3611 1294 3663; x_wconf 88' lang='lat' dir='ltr'><strong>methodum</strong></span> <span class='ocrx_word' id='word_1_269' title='bbox 1318 3620 1371 3662; x_wconf 90' lang='lat' dir='ltr'><strong>et</strong></span> <span class='ocrx_word' id='word_1_270' title='bbox 1394 3610 1929 3664; x_wconf 87' lang='lat' dir='ltr'><strong>demonstrationem.</strong></span> 
     </span>
    </p>
   </div>
   <div class='ocr_carea' id='block_1_40' title="bbox 413 3698 1934 3766">
    <p class='ocr_par' dir='ltr' id='par_1_40' title="bbox 413 3698 1934 3766">
     <span class='ocr_line' id='line_1_40' title="bbox 413 3698 1934 3766; baseline 0.001 -15"><span class='ocrx_word' id='word_1_271' title='bbox 413 3700 515 3751; x_wconf 87' lang='lat' dir='ltr'><strong>Sed</strong></span> <span class='ocrx_word' id='word_1_272' title='bbox 538 3706 590 3750; x_wconf 89' lang='lat' dir='ltr'><strong>et</strong></span> <span class='ocrx_word' id='word_1_273' title='bbox 614 3698 762 3766; x_wconf 90' lang='lat' dir='ltr'><strong>prius</strong></span> <span class='ocrx_word' id='word_1_274' title='bbox 796 3698 1100 3759; x_wconf 85' lang='lat' dir='ltr'><strong>credebam,</strong></span> <span class='ocrx_word' id='word_1_275' title='bbox 1129 3699 1272 3765; x_wconf 85' lang='lat' dir='ltr'><strong>quod</strong></span> <span class='ocrx_word' id='word_1_276' title='bbox 1299 3713 1328 3751; x_wconf 93' lang='lat' dir='ltr'><strong>a</strong></span> <span class='ocrx_word' id='word_1_277' title='bbox 1359 3700 1473 3752; x_wconf 89' lang='lat' dir='ltr'><strong>solo</strong></span> <span class='ocrx_word' id='word_1_278' title='bbox 1502 3699 1681 3763; x_wconf 85' lang='lat' dir='ltr'><strong>Patre,</strong></span> <span class='ocrx_word' id='word_1_279' title='bbox 1714 3710 1766 3757; x_wconf 88' lang='lat' dir='ltr'><strong>et</strong></span> <span class='ocrx_word' id='word_1_280' title='bbox 1794 3714 1934 3752; x_wconf 90' lang='lat' dir='ltr'><strong>nunc</strong></span> 
     </span>
    </p>
   </div>
   <div class='ocr_carea' id='block_1_41' title="bbox 411 3786 1935 3856">
    <p class='ocr_par' dir='ltr' id='par_1_41' title="bbox 411 3786 1935 3856">
     <span class='ocr_line' id='line_1_41' title="bbox 411 3786 1935 3856; baseline 0.001 -16"><span class='ocrx_word' id='word_1_281' title='bbox 411 3803 599 3840; x_wconf 86' lang='lat' dir='ltr'><strong>rursus</strong></span> <span class='ocrx_word' id='word_1_282' title='bbox 631 3789 811 3849; x_wconf 82' lang='lat' dir='ltr'><strong>credo,</strong></span> <span class='ocrx_word' id='word_1_283' title='bbox 839 3787 979 3856; x_wconf 88' lang='lat' dir='ltr'><strong>quod</strong></span> <span class='ocrx_word' id='word_1_284' title='bbox 1009 3789 1168 3840; x_wconf 84' lang='lat' dir='ltr'><strong>etiam</strong></span> <span class='ocrx_word' id='word_1_285' title='bbox 1198 3804 1261 3841; x_wconf 93' lang='lat' dir='ltr'><strong>ex</strong></span> <span class='ocrx_word' id='word_1_286' title='bbox 1286 3787 1440 3840; x_wconf 83' lang='lat' dir='ltr'><strong>Filio.</strong></span> <span class='ocrx_word' id='word_1_287' title='bbox 1465 3786 1680 3843; x_wconf 77' lang='lat' dir='ltr'><strong>Recessi</strong></span> <span class='ocrx_word' id='word_1_288' title='bbox 1713 3803 1841 3842; x_wconf 88' lang='lat' dir='ltr'><strong>vero</strong></span> <span class='ocrx_word' id='word_1_289' title='bbox 1870 3803 1935 3841; x_wconf 85' lang='lat' dir='ltr'><strong>ex</strong></span> 
     </span>
    </p>
   </div>
   <div class='ocr_carea' id='block_1_42' title="bbox 412 3877 1939 3946">
    <p class='ocr_par' dir='ltr' id='par_1_42' title="bbox 412 3877 1939 3946">
     <span class='ocr_line' id='line_1_42' title="bbox 412 3877 1939 3946; baseline -0.001 -15"><span class='ocrx_word' id='word_1_290' title='bbox 412 3879 500 3931; x_wconf 89' lang='lat' dir='ltr'><strong>illa</strong></span> <span class='ocrx_word' id='word_1_291' title='bbox 529 3879 948 3946; x_wconf 80' lang='lat' dir='ltr'><strong>credulitateper</strong></span> <span class='ocrx_word' id='word_1_292' title='bbox 973 3878 1183 3932; x_wconf 89' lang='lat' dir='ltr'><strong>easdem</strong></span> <span class='ocrx_word' id='word_1_293' title='bbox 1216 3894 1410 3932; x_wconf 85' lang='lat' dir='ltr'><strong>causas</strong></span> <span class='ocrx_word' id='word_1_294' title='bbox 1428 3886 1481 3932; x_wconf 86' lang='lat' dir='ltr'><strong>et</strong></span> <span class='ocrx_word' id='word_1_295' title='bbox 1496 3879 1712 3934; x_wconf 84' lang='lat' dir='ltr'><strong>easdem</strong></span> <span class='ocrx_word' id='word_1_296' title='bbox 1738 3877 1939 3945; x_wconf 79' lang='lat' dir='ltr'><strong>cogita-</strong></span> 
     </span>
    </p>
   </div>
   <div class='ocr_carea' id='block_1_43' title="bbox 415 3967 1937 4037">
    <p class='ocr_par' dir='ltr' id='par_1_43' title="bbox 415 3967 1937 4037">
     <span class='ocr_line' id='line_1_43' title="bbox 415 3967 1937 4037; baseline -0.003 -17"><span class='ocrx_word' id='word_1_297' title='bbox 415 3969 607 4028; x_wconf 88' lang='lat' dir='ltr'><strong>tiones,</strong></span> <span class='ocrx_word' id='word_1_298' title='bbox 632 3983 723 4037; x_wconf 89' lang='lat' dir='ltr'><strong>per</strong></span> <span class='ocrx_word' id='word_1_299' title='bbox 748 3983 881 4035; x_wconf 86' lang='lat' dir='ltr'><strong>quas</strong></span> <span class='ocrx_word' id='word_1_300' title='bbox 917 3976 970 4020; x_wconf 91' lang='lat' dir='ltr'><strong>et</strong></span> <span class='ocrx_word' id='word_1_301' title='bbox 996 3977 1052 4020; x_wconf 91' lang='lat' dir='ltr'><strong>tu</strong></span> <span class='ocrx_word' id='word_1_302' title='bbox 1081 3982 1174 4035; x_wconf 89' lang='lat' dir='ltr'><strong>per</strong></span> <span class='ocrx_word' id='word_1_303' title='bbox 1190 3969 1352 4021; x_wconf 89' lang='lat' dir='ltr'><strong>multa</strong></span> <span class='ocrx_word' id='word_1_304' title='bbox 1377 3967 1655 4020; x_wconf 84' lang='lat' dir='ltr'><strong>ostendisti</strong></span> <span class='ocrx_word' id='word_1_305' title='bbox 1685 3967 1737 4018; x_wconf 92' lang='lat' dir='ltr'><strong>in</strong></span> <span class='ocrx_word' id='word_1_306' title='bbox 1755 3969 1937 4017; x_wconf 90' lang='lat' dir='ltr'><strong>eadem</strong></span> 
     </span>
    </p>
   </div>
   <div class='ocr_carea' id='block_1_44' title="bbox 416 4052 1940 4127">
    <p class='ocr_par' dir='ltr' id='par_1_44' title="bbox 416 4052 1940 4127">
     <span class='ocr_line' id='line_1_44' title="bbox 416 4052 1940 4127; baseline -0.003 -15"><span class='ocrx_word' id='word_1_307' title='bbox 416 4059 659 4127; x_wconf 79' lang='lat' dir='ltr'><strong>epistola,</strong></span> <span class='ocrx_word' id='word_1_308' title='bbox 676 4072 781 4110; x_wconf 88' lang='lat' dir='ltr'><strong>non</strong></span> <span class='ocrx_word' id='word_1_309' title='bbox 803 4058 995 4110; x_wconf 84' lang='lat' dir='ltr'><strong>debere</strong></span> <span class='ocrx_word' id='word_1_310' title='bbox 1022 4068 1071 4110; x_wconf 91' lang='lat' dir='ltr'><strong>te</strong></span> <span class='ocrx_word' id='word_1_311' title='bbox 1093 4058 1311 4111; x_wconf 86' lang='lat' dir='ltr'><strong>credere</strong></span> <span class='ocrx_word' id='word_1_312' title='bbox 1331 4055 1520 4124; x_wconf 87' lang='lat' dir='ltr'><strong>putasti</strong></span> <span class='ocrx_word' id='word_1_313' title='bbox 1544 4054 1649 4118; x_wconf 74' lang='lat' dir='ltr'><strong>his,</strong></span> <span class='ocrx_word' id='word_1_314' title='bbox 1668 4053 1755 4121; x_wconf 89' lang='lat' dir='ltr'><strong>qui</strong></span> <span class='ocrx_word' id='word_1_315' title='bbox 1779 4068 1808 4106; x_wconf 88' lang='lat' dir='ltr'><strong>a</strong></span> <span class='ocrx_word' id='word_1_316' title='bbox 1826 4052 1940 4107; x_wconf 85' lang='lat' dir='ltr'><strong>solo</strong></span> 
     </span>
    </p>
   </div>
   <div class='ocr_carea' id='block_1_45' title="bbox 421 4141 1941 4208">
    <p class='ocr_par' dir='ltr' id='par_1_45' title="bbox 421 4141 1941 4208">
     <span class='ocr_line' id='line_1_45' title="bbox 421 4141 1941 4208; baseline -0.001 -9"><span class='ocrx_word' id='word_1_317' title='bbox 421 4149 572 4200; x_wconf 83' lang='lat' dir='ltr'><strong>Patre</strong></span> <span class='ocrx_word' id='word_1_318' title='bbox 592 4148 809 4208; x_wconf 87' lang='lat' dir='ltr'><strong>dicunt;</strong></span> <span class='ocrx_word' id='word_1_319' title='bbox 831 4145 922 4198; x_wconf 89' lang='lat' dir='ltr'><strong>sed</strong></span> <span class='ocrx_word' id='word_1_320' title='bbox 942 4145 1110 4197; x_wconf 90' lang='lat' dir='ltr'><strong>multo</strong></span> <span class='ocrx_word' id='word_1_321' title='bbox 1128 4144 1543 4199; x_wconf 84' lang='lat' dir='ltr'><strong>incredibiiiores</strong></span> <span class='ocrx_word' id='word_1_322' title='bbox 1561 4143 1658 4196; x_wconf 86' lang='lat' dir='ltr'><strong>hos</strong></span> <span class='ocrx_word' id='word_1_323' title='bbox 1678 4141 1797 4196; x_wconf 89' lang='lat' dir='ltr'><strong>aliis</strong></span> <span class='ocrx_word' id='word_1_324' title='bbox 1818 4157 1941 4197; x_wconf 83' lang='lat' dir='ltr'><strong>esse</strong></span> 
     </span>
    </p>
   </div>
   <div class='ocr_carea' id='block_1_46' title="bbox 419 4233 927 4288">
    <p class='ocr_par' dir='ltr' id='par_1_46' title="bbox 419 4233 927 4288">
     <span class='ocr_line' id='line_1_46' title="bbox 419 4233 927 4288; baseline -0.008 0"><span class='ocrx_word' id='word_1_325' title='bbox 419 4235 613 4288; x_wconf 74' lang='lat' dir='ltr'><strong>debere</strong></span> <span class='ocrx_word' id='word_1_326' title='bbox 641 4233 927 4286; x_wconf 83' lang='lat' dir='ltr'><strong>discernis.</strong></span> 
     </span>
    </p>
   </div>
   <div class='ocr_carea' id='block_1_47' title="bbox 488 4319 1940 4388">
    <p class='ocr_par' dir='ltr' id='par_1_47' title="bbox 488 4319 1940 4388">
     <span class='ocr_line' id='line_1_47' title="bbox 488 4319 1940 4388; baseline -0.001 -13"><span class='ocrx_word' id='word_1_327' title='bbox 488 4324 617 4388; x_wconf 68' lang='lat' dir='ltr'><strong>Qua</strong></span> <span class='ocrx_word' id='word_1_328' title='bbox 643 4331 821 4375; x_wconf 87' lang='lat' dir='ltr'><strong>autem</strong></span> <span class='ocrx_word' id='word_1_329' title='bbox 854 4336 940 4376; x_wconf 90' lang='lat' dir='ltr'><strong>me</strong></span> <span class='ocrx_word' id='word_1_330' title='bbox 965 4321 1031 4376; x_wconf 85' lang='lat' dir='ltr'><strong>ad</strong></span> <span class='ocrx_word' id='word_1_331' title='bbox 1055 4322 1275 4375; x_wconf 86' lang='lat' dir='ltr'><strong>iirmiter</strong></span> <span class='ocrx_word' id='word_1_332' title='bbox 1295 4321 1618 4376; x_wconf 90' lang='lat' dir='ltr'><strong>credendum</strong></span> <span class='ocrx_word' id='word_1_333' title='bbox 1643 4329 1696 4375; x_wconf 91' lang='lat' dir='ltr'><strong>et</strong></span> <span class='ocrx_word' id='word_1_334' title='bbox 1722 4334 1787 4375; x_wconf 90' lang='lat' dir='ltr'><strong>ex</strong></span> <span class='ocrx_word' id='word_1_335' title='bbox 1803 4319 1940 4374; x_wconf 83' lang='lat' dir='ltr'><strong>Filio</strong></span> 
     </span>
    </p>
   </div>
   <div class='ocr_carea' id='block_1_48' title="bbox 2008 593 3540 670">
    <p class='ocr_par' dir='ltr' id='par_1_48' title="bbox 2008 593 3540 670">
     <span class='ocr_line' id='line_1_48' title="bbox 2008 593 3540 670; baseline -0.01 -10"><span class='ocrx_word' id='word_1_336' title='bbox 2008 607 2192 660; x_wconf 88' lang='lat' dir='ltr'><strong>haberi</strong></span> <span class='ocrx_word' id='word_1_337' title='bbox 2236 604 2440 658; x_wconf 82' lang='lat' dir='ltr'><strong>statuit.</strong></span> <span class='ocrx_word' id='word_1_338' title='bbox 2473 602 2605 665; x_wconf 81' lang='lat' dir='ltr'><strong>Hoc,</strong></span> <span class='ocrx_word' id='word_1_339' title='bbox 2639 603 2879 670; x_wconf 87' lang='lat' dir='ltr'><strong>inquam.</strong></span> <span class='ocrx_word' id='word_1_340' title='bbox 2919 598 2985 650; x_wconf 86' lang='lat' dir='ltr'><strong>ab</strong></span> <span class='ocrx_word' id='word_1_341' title='bbox 3014 595 3164 648; x_wconf 88' lang='lat' dir='ltr'><strong>omni</strong></span> <span class='ocrx_word' id='word_1_342' title='bbox 3192 593 3540 661; x_wconf 64' lang='lat' dir='ltr'><strong>ambiguitate</strong></span> 
     </span>
    </p>
   </div>
   <div class='ocr_carea' id='block_1_49' title="bbox 2007 684 3538 756">
    <p class='ocr_par' dir='ltr' id='par_1_49' title="bbox 2007 684 3538 756">
     <span class='ocr_line' id='line_1_49' title="bbox 2007 684 3538 756; baseline -0.009 -8"><span class='ocrx_word' id='word_1_343' title='bbox 2007 708 2311 756; x_wconf 84' lang='lat' dir='ltr'><strong>remanens,</strong></span> <span class='ocrx_word' id='word_1_344' title='bbox 2343 702 2509 744; x_wconf 91' lang='lat' dir='ltr'><strong>totum</strong></span> <span class='ocrx_word' id='word_1_345' title='bbox 2528 691 2653 743; x_wconf 77' lang='lat' dir='ltr'><strong>facit</strong></span> <span class='ocrx_word' id='word_1_346' title='bbox 2675 690 2830 756; x_wconf 78' lang='lat' dir='ltr'><strong>huius</strong></span> <span class='ocrx_word' id='word_1_347' title='bbox 2850 687 3135 754; x_wconf 79' lang='lat' dir='ltr'><strong>dogmatis.</strong></span> <span class='ocrx_word' id='word_1_348' title='bbox 3167 685 3247 736; x_wconf 80' lang='lat' dir='ltr'><strong>Al:-</strong></span> <span class='ocrx_word' id='word_1_349' title='bbox 3269 684 3369 735; x_wconf 87' lang='lat' dir='ltr'><strong>bac</strong></span> <span class='ocrx_word' id='word_1_350' title='bbox 3394 684 3538 734; x_wconf 83' lang='lat' dir='ltr'><strong>enim</strong></span> 
     </span>
    </p>
   </div>
   <div class='ocr_carea' id='block_1_50' title="bbox 2008 779 3544 852">
    <p class='ocr_par' dir='ltr' id='par_1_50' title="bbox 2008 779 3544 852">
     <span class='ocr_line' id='line_1_50' title="bbox 2008 779 3544 852; baseline -0.009 -17"><span class='ocrx_word' id='word_1_351' title='bbox 2008 783 2233 852; x_wconf 84' lang='lat' dir='ltr'><strong>synodo,</strong></span> <span class='ocrx_word' id='word_1_352' title='bbox 2265 793 2317 834; x_wconf 92' lang='lat' dir='ltr'><strong>et</strong></span> <span class='ocrx_word' id='word_1_353' title='bbox 2344 783 2569 835; x_wconf 88' lang='lat' dir='ltr'><strong>habente</strong></span> <span class='ocrx_word' id='word_1_354' title='bbox 2595 792 2647 834; x_wconf 91' lang='lat' dir='ltr'><strong>et</strong></span> <span class='ocrx_word' id='word_1_355' title='bbox 2683 779 2929 839; x_wconf 78' lang='lat' dir='ltr'><strong>faciente,</strong></span> <span class='ocrx_word' id='word_1_356' title='bbox 2962 789 3301 844; x_wconf 66' lang='lat' dir='ltr'><strong>quacunque</strong></span> <span class='ocrx_word' id='word_1_357' title='bbox 3329 780 3544 836; x_wconf 81' lang='lat' dir='ltr'><strong>oporte-</strong></span> 
     </span>
    </p>
   </div>
   <div class='ocr_carea' id='block_1_51' title="bbox 2013 860 3541 935">
    <p class='ocr_par' dir='ltr' id='par_1_51' title="bbox 2013 860 3541 935">
     <span class='ocr_line' id='line_1_51' title="bbox 2013 860 3541 935; baseline -0.009 -12"><span class='ocrx_word' id='word_1_358' title='bbox 2013 879 2092 923; x_wconf 89' lang='lat' dir='ltr'><strong>rct</strong></span> <span class='ocrx_word' id='word_1_359' title='bbox 2113 871 2310 923; x_wconf 90' lang='lat' dir='ltr'><strong>habere</strong></span> <span class='ocrx_word' id='word_1_360' title='bbox 2333 877 2386 928; x_wconf 83' lang='lat' dir='ltr'><strong>et</strong></span> <span class='ocrx_word' id='word_1_361' title='bbox 2407 869 2579 922; x_wconf 80' lang='lat' dir='ltr'><strong>facere</strong></span> <span class='ocrx_word' id='word_1_362' title='bbox 2607 867 2904 935; x_wconf 76' lang='lat' dir='ltr'><strong>generalem</strong></span> <span class='ocrx_word' id='word_1_363' title='bbox 2927 864 3209 933; x_wconf 76' lang='lat' dir='ltr'><strong>synodum,</strong></span> <span class='ocrx_word' id='word_1_364' title='bbox 3234 860 3541 913; x_wconf 80' lang='lat' dir='ltr'><strong>examinato</strong></span> 
     </span>
    </p>
   </div>
   <div class='ocr_carea' id='block_1_52' title="bbox 2008 951 3543 1023">
    <p class='ocr_par' dir='ltr' id='par_1_52' title="bbox 2008 951 3543 1023">
     <span class='ocr_line' id='line_1_52' title="bbox 2008 951 3543 1023; baseline -0.01 -9"><span class='ocrx_word' id='word_1_365' title='bbox 2008 961 2451 1023; x_wconf 82' lang='lat' dir='ltr'><strong>etdeterminato,</strong></span> <span class='ocrx_word' id='word_1_366' title='bbox 2473 968 2526 1012; x_wconf 87' lang='lat' dir='ltr'><strong>et</strong></span> <span class='ocrx_word' id='word_1_367' title='bbox 2556 973 2620 1011; x_wconf 84' lang='lat' dir='ltr'><strong>ex</strong></span> <span class='ocrx_word' id='word_1_368' title='bbox 2646 957 2785 1011; x_wconf 83' lang='lat' dir='ltr'><strong>Filio</strong></span> <span class='ocrx_word' id='word_1_369' title='bbox 2819 957 3105 1023; x_wconf 79' lang='lat' dir='ltr'><strong>procedere</strong></span> <span class='ocrx_word' id='word_1_370' title='bbox 3129 951 3386 1018; x_wconf 71' lang='lat' dir='ltr'><strong>Spiritum</strong></span> <span class='ocrx_word' id='word_1_371' title='bbox 3415 964 3543 1003; x_wconf 79' lang='lat' dir='ltr'><strong>san-</strong></span> 
     </span>
    </p>
   </div>
   <div class='ocr_carea' id='block_1_53' title="bbox 2010 1038 3543 1117">
    <p class='ocr_par' dir='ltr' id='par_1_53' title="bbox 2010 1038 3543 1117">
     <span class='ocr_line' id='line_1_53' title="bbox 2010 1038 3543 1117; baseline -0.008 -15"><span class='ocrx_word' id='word_1_372' title='bbox 2010 1059 2183 1102; x_wconf 82' lang='lat' dir='ltr'><strong>ctum:</strong></span> <span class='ocrx_word' id='word_1_373' title='bbox 2212 1050 2301 1117; x_wconf 91' lang='lat' dir='ltr'><strong>qui</strong></span> <span class='ocrx_word' id='word_1_374' title='bbox 2328 1051 2430 1102; x_wconf 82' lang='lat' dir='ltr'><strong>hoc</strong></span> <span class='ocrx_word' id='word_1_375' title='bbox 2459 1062 2564 1100; x_wconf 89' lang='lat' dir='ltr'><strong>non</strong></span> <span class='ocrx_word' id='word_1_376' title='bbox 2599 1048 2814 1114; x_wconf 84' lang='lat' dir='ltr'><strong>recipit,</strong></span> <span class='ocrx_word' id='word_1_377' title='bbox 2838 1056 3092 1110; x_wconf 87' lang='lat' dir='ltr'><strong>tanquam</strong></span> <span class='ocrx_word' id='word_1_378' title='bbox 3127 1044 3230 1108; x_wconf 71' lang='lat' dir='ltr'><strong>iam</strong></span> <span class='ocrx_word' id='word_1_379' title='bbox 3265 1038 3543 1092; x_wconf 62' lang='lat' dir='ltr'><strong>catbeiit-s</strong></span> 
     </span>
    </p>
   </div>
   <div class='ocr_carea' id='block_1_54' title="bbox 2011 1130 3543 1203">
    <p class='ocr_par' dir='ltr' id='par_1_54' title="bbox 2011 1130 3543 1203">
     <span class='ocr_line' id='line_1_54' title="bbox 2011 1130 3543 1203; baseline -0.007 -11"><span class='ocrx_word' id='word_1_380' title='bbox 2011 1139 2263 1193; x_wconf 69' lang='lat' dir='ltr'><strong>Ecclesia</strong></span> <span class='ocrx_word' id='word_1_381' title='bbox 2295 1138 2666 1191; x_wconf 87' lang='lat' dir='ltr'><strong>auctoritatem</strong></span> <span class='ocrx_word' id='word_1_382' title='bbox 2694 1147 2746 1190; x_wconf 91' lang='lat' dir='ltr'><strong>et</strong></span> <span class='ocrx_word' id='word_1_383' title='bbox 2773 1136 2961 1203; x_wconf 82' lang='lat' dir='ltr'><strong>dogma</strong></span> <span class='ocrx_word' id='word_1_384' title='bbox 3002 1130 3543 1195; x_wconf 74' lang='lat' dir='ltr'><strong>contemnens.&#39;jnste</strong></span> 
     </span>
    </p>
   </div>
   <div class='ocr_carea' id='block_1_55' title="bbox 2010 1218 3542 1295">
    <p class='ocr_par' dir='ltr' id='par_1_55' title="bbox 2010 1218 3542 1295">
     <span class='ocr_line' id='line_1_55' title="bbox 2010 1218 3542 1295; baseline -0.01 -13"><span class='ocrx_word' id='word_1_385' title='bbox 2010 1229 2193 1295; x_wconf 87' lang='lat' dir='ltr'><strong>utique</strong></span> <span class='ocrx_word' id='word_1_386' title='bbox 2209 1236 2262 1281; x_wconf 93' lang='lat' dir='ltr'><strong>et</strong></span> <span class='ocrx_word' id='word_1_387' title='bbox 2286 1227 2473 1279; x_wconf 81' lang='lat' dir='ltr'><strong>merito</strong></span> <span class='ocrx_word' id='word_1_388' title='bbox 2487 1225 2862 1278; x_wconf 71' lang='lat' dir='ltr'><strong>sciiismaticus</strong></span> <span class='ocrx_word' id='word_1_389' title='bbox 2878 1237 2930 1276; x_wconf 88' lang='lat' dir='ltr'><strong>et</strong></span> <span class='ocrx_word' id='word_1_390' title='bbox 2946 1222 3226 1276; x_wconf 61' lang='lat' dir='ltr'><strong>haereticus</strong></span> <span class='ocrx_word' id='word_1_391' title='bbox 3239 1218 3542 1273; x_wconf 62' lang='lat' dir='ltr'><strong>habebitur,</strong></span> 
     </span>
    </p>
   </div>
   <div class='ocr_carea' id='block_1_56' title="bbox 2011 1310 3541 1384">
    <p class='ocr_par' dir='ltr' id='par_1_56' title="bbox 2011 1310 3541 1384">
     <span class='ocr_line' id='line_1_56' title="bbox 2011 1310 3541 1384; baseline -0.008 -12"><span class='ocrx_word' id='word_1_392' title='bbox 2011 1317 2075 1372; x_wconf 84' lang='lat' dir='ltr'><strong>Et</strong></span> <span class='ocrx_word' id='word_1_393' title='bbox 2095 1320 2272 1377; x_wconf 87' lang='lat' dir='ltr'><strong>credo,</strong></span> <span class='ocrx_word' id='word_1_394' title='bbox 2301 1318 2439 1384; x_wconf 84' lang='lat' dir='ltr'><strong>quod</strong></span> <span class='ocrx_word' id='word_1_395' title='bbox 2472 1318 2515 1368; x_wconf 80' lang='lat' dir='ltr'><strong>si</strong></span> <span class='ocrx_word' id='word_1_396' title='bbox 2537 1317 2731 1371; x_wconf 75' lang='lat' dir='ltr'><strong>fuisses</strong></span> <span class='ocrx_word' id='word_1_397' title='bbox 2759 1316 2823 1367; x_wconf 90' lang='lat' dir='ltr'><strong>de</strong></span> <span class='ocrx_word' id='word_1_398' title='bbox 2847 1317 2945 1366; x_wconf 90' lang='lat' dir='ltr'><strong>hac</strong></span> <span class='ocrx_word' id='word_1_399' title='bbox 2965 1314 3169 1382; x_wconf 76' lang='lat' dir='ltr'><strong>synodo</strong></span> <span class='ocrx_word' id='word_1_400' title='bbox 3197 1310 3541 1370; x_wconf 80' lang='lat' dir='ltr'><strong>informatus,</strong></span> 
     </span>
    </p>
   </div>
   <div class='ocr_carea' id='block_1_57' title="bbox 2013 1398 3544 1461">
    <p class='ocr_par' dir='ltr' id='par_1_57' title="bbox 2013 1398 3544 1461">
     <span class='ocr_line' id='line_1_57' title="bbox 2013 1398 3544 1461; baseline -0.008 0"><span class='ocrx_word' id='word_1_401' title='bbox 2013 1425 2116 1461; x_wconf 85' lang='lat' dir='ltr'><strong>non</strong></span> <span class='ocrx_word' id='word_1_402' title='bbox 2139 1409 2312 1460; x_wconf 78' lang='lat' dir='ltr'><strong>adhuc</strong></span> <span class='ocrx_word' id='word_1_403' title='bbox 2344 1408 2612 1459; x_wconf 80' lang='lat' dir='ltr'><strong>videretur</strong></span> <span class='ocrx_word' id='word_1_404' title='bbox 2638 1407 2730 1458; x_wconf 89' lang='lat' dir='ltr'><strong>tibi</strong></span> <span class='ocrx_word' id='word_1_405' title='bbox 2765 1419 2866 1456; x_wconf 86' lang='lat' dir='ltr'><strong>non</strong></span> <span class='ocrx_word' id='word_1_406' title='bbox 2887 1402 3248 1457; x_wconf 83' lang='lat' dir='ltr'><strong>necessarium</strong></span> <span class='ocrx_word' id='word_1_407' title='bbox 3283 1398 3544 1459; x_wconf 73' lang='lat' dir='ltr'><strong>esse,lioc</strong></span> 
     </span>
    </p>
   </div>
   <div class='ocr_carea' id='block_1_58' title="bbox 2013 1485 3543 1561">
    <p class='ocr_par' dir='ltr' id='par_1_58' title="bbox 2013 1485 3543 1561">
     <span class='ocr_line' id='line_1_58' title="bbox 2013 1485 3543 1561; baseline -0.01 -15"><span class='ocrx_word' id='word_1_408' title='bbox 2013 1496 2248 1555; x_wconf 82' lang='lat' dir='ltr'><strong>recipere</strong></span> <span class='ocrx_word' id='word_1_409' title='bbox 2284 1496 2498 1561; x_wconf 81' lang='lat' dir='ltr'><strong>dogma.</strong></span> <span class='ocrx_word' id='word_1_410' title='bbox 2521 1492 2582 1544; x_wconf 84' lang='lat' dir='ltr'><strong>Et</strong></span> <span class='ocrx_word' id='word_1_411' title='bbox 2601 1506 2744 1544; x_wconf 91' lang='lat' dir='ltr'><strong>nunc</strong></span> <span class='ocrx_word' id='word_1_412' title='bbox 2770 1492 2986 1558; x_wconf 83' lang='lat' dir='ltr'><strong>quidem</strong></span> <span class='ocrx_word' id='word_1_413' title='bbox 3019 1487 3320 1540; x_wconf 83' lang='lat' dir='ltr'><strong>transmitte</strong></span> <span class='ocrx_word' id='word_1_414' title='bbox 3343 1485 3438 1537; x_wconf 79' lang='lat' dir='ltr'><strong>tibi</strong></span> <span class='ocrx_word' id='word_1_415' title='bbox 3463 1486 3543 1533; x_wconf 70' lang='lat' dir='ltr'><strong>dv-</strong></span> 
     </span>
    </p>
   </div>
   <div class='ocr_carea' id='block_1_59' title="bbox 2014 1569 3546 1646">
    <p class='ocr_par' dir='ltr' id='par_1_59' title="bbox 2014 1569 3546 1646">
     <span class='ocr_line' id='line_1_59' title="bbox 2014 1569 3546 1646; baseline -0.01 -12"><span class='ocrx_word' id='word_1_416' title='bbox 2014 1581 2447 1635; x_wconf 88' lang='lat' dir='ltr'><strong>terminationem</strong></span> <span class='ocrx_word' id='word_1_417' title='bbox 2479 1581 2635 1642; x_wconf 83' lang='lat' dir='ltr'><strong>hujus</strong></span> <span class='ocrx_word' id='word_1_418' title='bbox 2666 1578 2875 1646; x_wconf 81' lang='lat' dir='ltr'><strong>synodi,</strong></span> <span class='ocrx_word' id='word_1_419' title='bbox 2908 1578 2962 1628; x_wconf 90' lang='lat' dir='ltr'><strong>in</strong></span> <span class='ocrx_word' id='word_1_420' title='bbox 2989 1575 3091 1628; x_wconf 75' lang='lat' dir='ltr'><strong>[ine</strong></span> <span class='ocrx_word' id='word_1_421' title='bbox 3135 1575 3373 1640; x_wconf 66' lang='lat' dir='ltr'><strong>epistolae</strong></span> <span class='ocrx_word' id='word_1_422' title='bbox 3410 1569 3546 1622; x_wconf 84' lang='lat' dir='ltr'><strong>scri-</strong></span> 
     </span>
    </p>
   </div>
   <div class='ocr_carea' id='block_1_60' title="bbox 2015 1659 3543 1737">
    <p class='ocr_par' dir='ltr' id='par_1_60' title="bbox 2015 1659 3543 1737">
     <span class='ocr_line' id='line_1_60' title="bbox 2015 1659 3543 1737; baseline -0.011 -16"><span class='ocrx_word' id='word_1_423' title='bbox 2015 1682 2186 1737; x_wconf 90' lang='lat' dir='ltr'><strong>ptam.</strong></span> <span class='ocrx_word' id='word_1_424' title='bbox 2221 1666 2566 1721; x_wconf 80' lang='lat' dir='ltr'><strong>Postmodum</strong></span> <span class='ocrx_word' id='word_1_425' title='bbox 2596 1680 2742 1729; x_wconf 87' lang='lat' dir='ltr'><strong>vero,</strong></span> <span class='ocrx_word' id='word_1_426' title='bbox 2793 1665 2838 1716; x_wconf 88' lang='lat' dir='ltr'><strong>si</strong></span> <span class='ocrx_word' id='word_1_427' title='bbox 2874 1665 3008 1717; x_wconf 88' lang='lat' dir='ltr'><strong>Dens</strong></span> <span class='ocrx_word' id='word_1_428' title='bbox 3053 1662 3307 1721; x_wconf 82' lang='lat' dir='ltr'><strong>voluerit,</strong></span> <span class='ocrx_word' id='word_1_429' title='bbox 3340 1659 3543 1710; x_wconf 81' lang='lat' dir='ltr'><strong>mittam</strong></span> 
     </span>
    </p>
   </div>
   <div class='ocr_carea' id='block_1_61' title="bbox 2014 1741 3542 1822">
    <p class='ocr_par' dir='ltr' id='par_1_61' title="bbox 2014 1741 3542 1822">
     <span class='ocr_line' id='line_1_61' title="bbox 2014 1741 3542 1822; baseline -0.011 -14"><span class='ocrx_word' id='word_1_430' title='bbox 2014 1757 2110 1810; x_wconf 91' lang='lat' dir='ltr'><strong>tibi</strong></span> <span class='ocrx_word' id='word_1_431' title='bbox 2139 1763 2194 1808; x_wconf 93' lang='lat' dir='ltr'><strong>et</strong></span> <span class='ocrx_word' id='word_1_432' title='bbox 2221 1755 2381 1822; x_wconf 63' lang='lat' dir='ltr'><strong>liuius</strong></span> <span class='ocrx_word' id='word_1_433' title='bbox 2406 1764 2524 1807; x_wconf 85' lang='lat' dir='ltr'><strong>acta</strong></span> <span class='ocrx_word' id='word_1_434' title='bbox 2551 1765 2564 1805; x_wconf 86' lang='lat'><strong>:</strong></span> <span class='ocrx_word' id='word_1_435' title='bbox 2595 1768 2659 1804; x_wconf 90' lang='lat' dir='ltr'><strong>ex</strong></span> <span class='ocrx_word' id='word_1_436' title='bbox 2684 1752 2881 1816; x_wconf 90' lang='lat' dir='ltr'><strong>quibus</strong></span> <span class='ocrx_word' id='word_1_437' title='bbox 2905 1750 3045 1801; x_wconf 89' lang='lat' dir='ltr'><strong>scire</strong></span> <span class='ocrx_word' id='word_1_438' title='bbox 3075 1747 3294 1814; x_wconf 80' lang='lat' dir='ltr'><strong>poteris.</strong></span> <span class='ocrx_word' id='word_1_439' title='bbox 3319 1753 3372 1796; x_wconf 92' lang='lat' dir='ltr'><strong>et</strong></span> <span class='ocrx_word' id='word_1_440' title='bbox 3403 1741 3542 1808; x_wconf 69' lang='lat' dir='ltr'><strong>qnvd</strong></span> 
     </span>
    </p>
   </div>
   <div class='ocr_carea' id='block_1_62' title="bbox 2012 1828 3547 1913">
    <p class='ocr_par' dir='ltr' id='par_1_62' title="bbox 2012 1828 3547 1913">
     <span class='ocr_line' id='line_1_62' title="bbox 2012 1828 3547 1913; baseline -0.014 -16"><span class='ocrx_word' id='word_1_441' title='bbox 2012 1843 2274 1913; x_wconf 73' lang='lat' dir='ltr'><strong>generalis</strong></span> <span class='ocrx_word' id='word_1_442' title='bbox 2300 1842 2476 1902; x_wconf 82' lang='lat' dir='ltr'><strong>fuerit,</strong></span> <span class='ocrx_word' id='word_1_443' title='bbox 2507 1848 2560 1892; x_wconf 92' lang='lat' dir='ltr'><strong>et</strong></span> <span class='ocrx_word' id='word_1_444' title='bbox 2597 1838 2737 1901; x_wconf 84' lang='lat' dir='ltr'><strong>quod</strong></span> <span class='ocrx_word' id='word_1_445' title='bbox 2770 1836 2902 1887; x_wconf 84' lang='lat' dir='ltr'><strong>nihil</strong></span> <span class='ocrx_word' id='word_1_446' title='bbox 2937 1849 3146 1892; x_wconf 88' lang='lat' dir='ltr'><strong>eorum,</strong></span> <span class='ocrx_word' id='word_1_447' title='bbox 3173 1846 3290 1897; x_wconf 69' lang='lat' dir='ltr'><strong>qua:</strong></span> <span class='ocrx_word' id='word_1_448' title='bbox 3320 1828 3547 1881; x_wconf 86' lang='lat' dir='ltr'><strong>debebat</strong></span> 
     </span>
    </p>
   </div>
   <div class='ocr_carea' id='block_1_63' title="bbox 2014 1927 2762 1990">
    <p class='ocr_par' dir='ltr' id='par_1_63' title="bbox 2014 1927 2762 1990">
     <span class='ocr_line' id='line_1_63' title="bbox 2014 1927 2762 1990; baseline -0.011 -6"><span class='ocrx_word' id='word_1_449' title='bbox 2014 1934 2209 1985; x_wconf 89' lang='lat' dir='ltr'><strong>habere</strong></span> <span class='ocrx_word' id='word_1_450' title='bbox 2241 1941 2295 1984; x_wconf 90' lang='lat' dir='ltr'><strong>et</strong></span> <span class='ocrx_word' id='word_1_451' title='bbox 2336 1931 2532 1990; x_wconf 79' lang='lat' dir='ltr'><strong>iacere,</strong></span> <span class='ocrx_word' id='word_1_452' title='bbox 2562 1927 2762 1980; x_wconf 88' lang='lat' dir='ltr'><strong>omisit.</strong></span> 
     </span>
    </p>
   </div>
   <div class='ocr_carea' id='block_1_64' title="bbox 2085 2001 3542 2082">
    <p class='ocr_par' dir='ltr' id='par_1_64' title="bbox 2085 2001 3542 2082">
     <span class='ocr_line' id='line_1_64' title="bbox 2085 2001 3542 2082; baseline -0.014 -13"><span class='ocrx_word' id='word_1_453' title='bbox 2085 2018 2157 2072; x_wconf 90' lang='lat' dir='ltr'><strong>De</strong></span> <span class='ocrx_word' id='word_1_454' title='bbox 2176 2018 2509 2082; x_wconf 79' lang='lat' dir='ltr'><strong>expositione</strong></span> <span class='ocrx_word' id='word_1_455' title='bbox 2535 2030 2661 2067; x_wconf 84' lang='lat' dir='ltr'><strong>vero</strong></span> <span class='ocrx_word' id='word_1_456' title='bbox 2683 2010 3058 2064; x_wconf 90' lang='lat' dir='ltr'><strong>nonnullorum</strong></span> <span class='ocrx_word' id='word_1_457' title='bbox 3096 2009 3360 2059; x_wconf 80' lang='lat' dir='ltr'><strong>dictorum</strong></span> <span class='ocrx_word' id='word_1_458' title='bbox 3398 2001 3542 2056; x_wconf 80' lang='lat' dir='ltr'><strong>Scri-</strong></span> 
     </span>
    </p>
   </div>
   <div class='ocr_carea' id='block_1_65' title="bbox 2016 2096 3545 2178">
    <p class='ocr_par' dir='ltr' id='par_1_65' title="bbox 2016 2096 3545 2178">
     <span class='ocr_line' id='line_1_65' title="bbox 2016 2096 3545 2178; baseline -0.012 -18"><span class='ocrx_word' id='word_1_459' title='bbox 2016 2116 2204 2178; x_wconf 64' lang='lat' dir='ltr'><strong>ptura,</strong></span> <span class='ocrx_word' id='word_1_460' title='bbox 2231 2121 2292 2158; x_wconf 84' lang='lat' dir='ltr'><strong>ex</strong></span> <span class='ocrx_word' id='word_1_461' title='bbox 2332 2105 2526 2171; x_wconf 90' lang='lat' dir='ltr'><strong>quibus</strong></span> <span class='ocrx_word' id='word_1_462' title='bbox 2558 2101 2726 2153; x_wconf 82' lang='lat' dir='ltr'><strong>Latini</strong></span> <span class='ocrx_word' id='word_1_463' title='bbox 2770 2114 2927 2152; x_wconf 87' lang='lat' dir='ltr'><strong>suum</strong></span> <span class='ocrx_word' id='word_1_464' title='bbox 2966 2098 3291 2149; x_wconf 88' lang='lat' dir='ltr'><strong>concludunt</strong></span> <span class='ocrx_word' id='word_1_465' title='bbox 3332 2096 3545 2159; x_wconf 83' lang='lat' dir='ltr'><strong>degma,</strong></span> 
     </span>
    </p>
   </div>
   <div class='ocr_carea' id='block_1_66' title="bbox 2013 2183 3549 2260">
    <p class='ocr_par' dir='ltr' id='par_1_66' title="bbox 2013 2183 3549 2260">
     <span class='ocr_line' id='line_1_66' title="bbox 2013 2183 3549 2260; baseline -0.014 -11"><span class='ocrx_word' id='word_1_466' title='bbox 2013 2199 2080 2249; x_wconf 89' lang='lat' dir='ltr'><strong>de</strong></span> <span class='ocrx_word' id='word_1_467' title='bbox 2106 2194 2301 2260; x_wconf 90' lang='lat' dir='ltr'><strong>quibus</strong></span> <span class='ocrx_word' id='word_1_468' title='bbox 2322 2191 2526 2250; x_wconf 82' lang='lat' dir='ltr'><strong>dixisti,</strong></span> <span class='ocrx_word' id='word_1_469' title='bbox 2560 2197 2772 2255; x_wconf 80' lang='lat' dir='ltr'><strong>pron&#39;er</strong></span> <span class='ocrx_word' id='word_1_470' title='bbox 2807 2187 2949 2252; x_wconf 82' lang='lat' dir='ltr'><strong>quod</strong></span> <span class='ocrx_word' id='word_1_471' title='bbox 2982 2192 3202 2249; x_wconf 86' lang='lat' dir='ltr'><strong>possunt</strong></span> <span class='ocrx_word' id='word_1_472' title='bbox 3234 2183 3427 2232; x_wconf 88' lang='lat' dir='ltr'><strong>habere</strong></span> <span class='ocrx_word' id='word_1_473' title='bbox 3450 2183 3549 2229; x_wconf 85' lang='lat' dir='ltr'><strong>du-</strong></span> 
     </span>
    </p>
   </div>
   <div class='ocr_carea' id='block_1_67' title="bbox 2015 2267 3546 2352">
    <p class='ocr_par' dir='ltr' id='par_1_67' title="bbox 2015 2267 3546 2352">
     <span class='ocr_line' id='line_1_67' title="bbox 2015 2267 3546 2352; baseline -0.014 -16"><span class='ocrx_word' id='word_1_474' title='bbox 2015 2285 2155 2352; x_wconf 89' lang='lat' dir='ltr'><strong>plam</strong></span> <span class='ocrx_word' id='word_1_475' title='bbox 2186 2280 2593 2348; x_wconf 81' lang='lat' dir='ltr'><strong>expositionem,</strong></span> <span class='ocrx_word' id='word_1_476' title='bbox 2627 2291 2678 2327; x_wconf 64' lang='lat' dir='ltr'><strong>te</strong></span> <span class='ocrx_word' id='word_1_477' title='bbox 2705 2274 2974 2339; x_wconf 78' lang='lat' dir='ltr'><strong>ambigere</strong></span> <span class='ocrx_word' id='word_1_478' title='bbox 3006 2282 3058 2323; x_wconf 88' lang='lat' dir='ltr'><strong>et</strong></span> <span class='ocrx_word' id='word_1_479' title='bbox 3100 2285 3205 2321; x_wconf 89' lang='lat' dir='ltr'><strong>non</strong></span> <span class='ocrx_word' id='word_1_480' title='bbox 3237 2270 3433 2320; x_wconf 86' lang='lat' dir='ltr'><strong>habere</strong></span> <span class='ocrx_word' id='word_1_481' title='bbox 3460 2267 3546 2316; x_wconf 89' lang='lat' dir='ltr'><strong>cui</strong></span> 
     </span>
    </p>
   </div>
   <div class='ocr_carea' id='block_1_68' title="bbox 2016 2355 3546 2440">
    <p class='ocr_par' dir='ltr' id='par_1_68' title="bbox 2016 2355 3546 2440">
     <span class='ocr_line' id='line_1_68' title="bbox 2016 2355 3546 2440; baseline -0.015 -15"><span class='ocrx_word' id='word_1_482' title='bbox 2016 2371 2185 2440; x_wconf 85' lang='lat' dir='ltr'><strong>magis</strong></span> <span class='ocrx_word' id='word_1_483' title='bbox 2224 2365 2536 2421; x_wconf 88' lang='lat' dir='ltr'><strong>assentiaris</strong></span> <span class='ocrx_word' id='word_1_484' title='bbox 2559 2405 2574 2429; x_wconf 93' lang='lat'><strong>,</strong></span> <span class='ocrx_word' id='word_1_485' title='bbox 2609 2372 2757 2429; x_wconf 89' lang='lat' dir='ltr'><strong>potes</strong></span> <span class='ocrx_word' id='word_1_486' title='bbox 2797 2361 2984 2426; x_wconf 91' lang='lat' dir='ltr'><strong>utique</strong></span> <span class='ocrx_word' id='word_1_487' title='bbox 3029 2371 3080 2412; x_wconf 89' lang='lat' dir='ltr'><strong>et</strong></span> <span class='ocrx_word' id='word_1_488' title='bbox 3113 2358 3242 2410; x_wconf 85' lang='lat' dir='ltr'><strong>illud</strong></span> <span class='ocrx_word' id='word_1_489' title='bbox 3293 2355 3546 2440; x_wconf 68' lang='lat' dir='ltr'><strong>cogitare,</strong></span> 
     </span>
    </p>
   </div>
   <div class='ocr_carea' id='block_1_69' title="bbox 2017 2441 3550 2530">
    <p class='ocr_par' dir='ltr' id='par_1_69' title="bbox 2017 2441 3550 2530">
     <span class='ocr_line' id='line_1_69' title="bbox 2017 2441 3550 2530; baseline -0.016 -16"><span class='ocrx_word' id='word_1_490' title='bbox 2017 2460 2157 2530; x_wconf 91' lang='lat' dir='ltr'><strong>quod</strong></span> <span class='ocrx_word' id='word_1_491' title='bbox 2188 2459 2262 2511; x_wconf 90' lang='lat' dir='ltr'><strong>illi</strong></span> <span class='ocrx_word' id='word_1_492' title='bbox 2283 2456 2520 2526; x_wconf 85' lang='lat' dir='ltr'><strong>quidem,</strong></span> <span class='ocrx_word' id='word_1_493' title='bbox 2543 2453 2634 2522; x_wconf 88' lang='lat' dir='ltr'><strong>qui</strong></span> <span class='ocrx_word' id='word_1_494' title='bbox 2662 2459 2936 2520; x_wconf 85' lang='lat' dir='ltr'><strong>exponunt</strong></span> <span class='ocrx_word' id='word_1_495' title='bbox 2970 2451 3105 2514; x_wconf 76' lang='lat' dir='ltr'><strong>ipsa,</strong></span> <span class='ocrx_word' id='word_1_496' title='bbox 3142 2447 3212 2497; x_wconf 89' lang='lat' dir='ltr'><strong>ita</strong></span> <span class='ocrx_word' id='word_1_497' title='bbox 3241 2451 3300 2497; x_wconf 92' lang='lat' dir='ltr'><strong>ut</strong></span> <span class='ocrx_word' id='word_1_498' title='bbox 3332 2441 3550 2494; x_wconf 88' lang='lat' dir='ltr'><strong>conciu-</strong></span> 
     </span>
    </p>
   </div>
   <div class='ocr_carea' id='block_1_70' title="bbox 2017 2532 3548 2612">
    <p class='ocr_par' dir='ltr' id='par_1_70' title="bbox 2017 2532 3548 2612">
     <span class='ocr_line' id='line_1_70' title="bbox 2017 2532 3548 2612; baseline -0.016 -6"><span class='ocrx_word' id='word_1_499' title='bbox 2017 2552 2142 2606; x_wconf 80' lang='lat' dir='ltr'><strong>dant</strong></span> <span class='ocrx_word' id='word_1_500' title='bbox 2164 2557 2215 2604; x_wconf 89' lang='lat' dir='ltr'><strong>et</strong></span> <span class='ocrx_word' id='word_1_501' title='bbox 2233 2563 2294 2603; x_wconf 90' lang='lat' dir='ltr'><strong>ex</strong></span> <span class='ocrx_word' id='word_1_502' title='bbox 2319 2544 2452 2600; x_wconf 80' lang='lat' dir='ltr'><strong>Filio</strong></span> <span class='ocrx_word' id='word_1_503' title='bbox 2471 2544 2731 2612; x_wconf 90' lang='lat' dir='ltr'><strong>Spiritum</strong></span> <span class='ocrx_word' id='word_1_504' title='bbox 2752 2539 3061 2609; x_wconf 85' lang='lat' dir='ltr'><strong>procedere,</strong></span> <span class='ocrx_word' id='word_1_505' title='bbox 3084 2534 3250 2588; x_wconf 85' lang='lat' dir='ltr'><strong>divini</strong></span> <span class='ocrx_word' id='word_1_506' title='bbox 3268 2532 3366 2584; x_wconf 88' lang='lat' dir='ltr'><strong>viri</strong></span> <span class='ocrx_word' id='word_1_507' title='bbox 3388 2538 3548 2583; x_wconf 82' lang='lat' dir='ltr'><strong>sunt:</strong></span> 
     </span>
    </p>
   </div>
   <div class='ocr_carea' id='block_1_71' title="bbox 2019 2624 3552 2693">
    <p class='ocr_par' dir='ltr' id='par_1_71' title="bbox 2019 2624 3552 2693">
     <span class='ocr_line' id='line_1_71' title="bbox 2019 2624 3552 2693; baseline -0.016 0"><span class='ocrx_word' id='word_1_508' title='bbox 2019 2646 2244 2693; x_wconf 85' lang='lat' dir='ltr'><strong>sanctus</strong></span> <span class='ocrx_word' id='word_1_509' title='bbox 2272 2635 2516 2688; x_wconf 90' lang='lat' dir='ltr'><strong>videlicet</strong></span> <span class='ocrx_word' id='word_1_510' title='bbox 2545 2631 2683 2683; x_wconf 89' lang='lat' dir='ltr'><strong>inter</strong></span> <span class='ocrx_word' id='word_1_511' title='bbox 2717 2629 2848 2682; x_wconf 90' lang='lat' dir='ltr'><strong>alios</strong></span> <span class='ocrx_word' id='word_1_512' title='bbox 2878 2624 3212 2692; x_wconf 79' lang='lat' dir='ltr'><strong>Augustinus</strong></span> <span class='ocrx_word' id='word_1_513' title='bbox 3239 2629 3291 2672; x_wconf 90' lang='lat' dir='ltr'><strong>et</strong></span> <span class='ocrx_word' id='word_1_514' title='bbox 3330 2625 3552 2672; x_wconf 88' lang='lat' dir='ltr'><strong>sanctus</strong></span> 
     </span>
    </p>
   </div>
   <div class='ocr_carea' id='block_1_72' title="bbox 2019 2706 3554 2798">
    <p class='ocr_par' dir='ltr' id='par_1_72' title="bbox 2019 2706 3554 2798">
     <span class='ocr_line' id='line_1_72' title="bbox 2019 2706 3554 2798; baseline -0.016 -17"><span class='ocrx_word' id='word_1_515' title='bbox 2019 2727 2271 2798; x_wconf 82' lang='lat' dir='ltr'><strong>Cyrillus.</strong></span> <span class='ocrx_word' id='word_1_516' title='bbox 2305 2723 2454 2777; x_wconf 78' lang='lat' dir='ltr'><strong>Alios</strong></span> <span class='ocrx_word' id='word_1_517' title='bbox 2478 2721 2627 2779; x_wconf 84' lang='lat' dir='ltr'><strong>enim</strong></span> <span class='ocrx_word' id='word_1_518' title='bbox 2649 2717 2963 2770; x_wconf 85' lang='lat' dir='ltr'><strong>Latinorum</strong></span> <span class='ocrx_word' id='word_1_519' title='bbox 3000 2721 3331 2772; x_wconf 81' lang='lat' dir='ltr'><strong>sanctorum,</strong></span> <span class='ocrx_word' id='word_1_520' title='bbox 3359 2706 3449 2773; x_wconf 76' lang='lat' dir='ltr'><strong>qui</strong></span> <span class='ocrx_word' id='word_1_521' title='bbox 3478 2708 3554 2798; x_wconf 80' lang='lat' dir='ltr'><strong>si-</strong></span> 
     </span>
    </p>
   </div>
   <div class='ocr_carea' id='block_1_73' title="bbox 2022 2795 3548 2874">
    <p class='ocr_par' dir='ltr' id='par_1_73' title="bbox 2022 2795 3548 2874">
     <span class='ocr_line' id='line_1_73' title="bbox 2022 2795 3548 2874; baseline -0.016 -4"><span class='ocrx_word' id='word_1_522' title='bbox 2022 2795 2221 2870; x_wconf 81' lang='lat' dir='ltr'><strong>militer</strong></span> <span class='ocrx_word' id='word_1_523' title='bbox 2251 2812 2435 2865; x_wconf 90' lang='lat' dir='ltr'><strong>eadem</strong></span> <span class='ocrx_word' id='word_1_524' title='bbox 2482 2814 2864 2874; x_wconf 79' lang='lat' dir='ltr'><strong>exposuerunt,</strong></span> <span class='ocrx_word' id='word_1_525' title='bbox 2901 2803 3108 2855; x_wconf 89' lang='lat' dir='ltr'><strong>omitto.</strong></span> <span class='ocrx_word' id='word_1_526' title='bbox 3159 2798 3370 2851; x_wconf 78' lang='lat' dir='ltr'><strong>Videris</strong></span> <span class='ocrx_word' id='word_1_527' title='bbox 3407 2795 3548 2849; x_wconf 84' lang='lat' dir='ltr'><strong>enim</strong></span> 
     </span>
    </p>
   </div>
   <div class='ocr_carea' id='block_1_74' title="bbox 2022 2881 3553 2957">
    <p class='ocr_par' dir='ltr' id='par_1_74' title="bbox 2022 2881 3553 2957">
     <span class='ocr_line' id='line_1_74' title="bbox 2022 2881 3553 2957; baseline -0.017 1"><span class='ocrx_word' id='word_1_528' title='bbox 2022 2917 2114 2957; x_wconf 91' lang='lat' dir='ltr'><strong>eos</strong></span> <span class='ocrx_word' id='word_1_529' title='bbox 2139 2899 2358 2954; x_wconf 87' lang='lat' dir='ltr'><strong>minime</strong></span> <span class='ocrx_word' id='word_1_530' title='bbox 2385 2897 2673 2949; x_wconf 82' lang='lat' dir='ltr'><strong>invenisse.</strong></span> <span class='ocrx_word' id='word_1_531' title='bbox 2710 2891 2787 2942; x_wconf 88' lang='lat' dir='ltr'><strong>illi</strong></span> <span class='ocrx_word' id='word_1_532' title='bbox 2819 2903 2946 2941; x_wconf 85' lang='lat' dir='ltr'><strong>vero</strong></span> <span class='ocrx_word' id='word_1_533' title='bbox 2977 2890 3069 2955; x_wconf 90' lang='lat' dir='ltr'><strong>qui</strong></span> <span class='ocrx_word' id='word_1_534' title='bbox 3101 2887 3286 2940; x_wconf 87' lang='lat' dir='ltr'><strong>eadem</strong></span> <span class='ocrx_word' id='word_1_535' title='bbox 3309 2884 3421 2950; x_wconf 87' lang='lat' dir='ltr'><strong>ipsa</strong></span> <span class='ocrx_word' id='word_1_536' title='bbox 3456 2881 3553 2933; x_wconf 89' lang='lat' dir='ltr'><strong>ali-</strong></span> 
     </span>
    </p>
   </div>
   <div class='ocr_carea' id='block_1_75' title="bbox 2025 2974 3554 3054">
    <p class='ocr_par' dir='ltr' id='par_1_75' title="bbox 2025 2974 3554 3054">
     <span class='ocr_line' id='line_1_75' title="bbox 2025 2974 3554 3054; baseline -0.018 -8"><span class='ocrx_word' id='word_1_537' title='bbox 2025 2999 2104 3046; x_wconf 88' lang='lat' dir='ltr'><strong>ter</strong></span> <span class='ocrx_word' id='word_1_538' title='bbox 2130 2994 2421 3054; x_wconf 80' lang='lat' dir='ltr'><strong>cxpontmt.</strong></span> <span class='ocrx_word' id='word_1_539' title='bbox 2445 2983 2697 3037; x_wconf 86' lang='lat' dir='ltr'><strong>addentes</strong></span> <span class='ocrx_word' id='word_1_540' title='bbox 2717 2980 2764 3032; x_wconf 92' lang='lat' dir='ltr'><strong>id</strong></span> <span class='ocrx_word' id='word_1_541' title='bbox 2795 2979 2988 3045; x_wconf 87' lang='lat' dir='ltr'><strong>ipsum,</strong></span> <span class='ocrx_word' id='word_1_542' title='bbox 3012 2974 3231 3027; x_wconf 88' lang='lat' dir='ltr'><strong>minime</strong></span> <span class='ocrx_word' id='word_1_543' title='bbox 3255 2983 3409 3038; x_wconf 81' lang='lat' dir='ltr'><strong>posse</strong></span> <span class='ocrx_word' id='word_1_544' title='bbox 3436 2981 3554 3021; x_wconf 84' lang='lat' dir='ltr'><strong>esse</strong></span> 
     </span>
    </p>
   </div>
   <div class='ocr_carea' id='block_1_76' title="bbox 1951 3056 3554 3146">
    <p class='ocr_par' dir='ltr' id='par_1_76' title="bbox 1951 3056 3554 3146">
     <span class='ocr_line' id='line_1_76' title="bbox 1951 3056 3554 3146; baseline -0.017 -11"><span class='ocrx_word' id='word_1_545' title='bbox 1951 3083 1998 3146; x_wconf 83' lang='lat' dir='ltr'><strong><em>C</em></strong></span> <span class='ocrx_word' id='word_1_546' title='bbox 2029 3079 2191 3134; x_wconf 88' lang='lat' dir='ltr'><strong>alium</strong></span> <span class='ocrx_word' id='word_1_547' title='bbox 2231 3073 2538 3132; x_wconf 90' lang='lat' dir='ltr'><strong>eorumdcm</strong></span> <span class='ocrx_word' id='word_1_548' title='bbox 2572 3078 2763 3140; x_wconf 68' lang='lat' dir='ltr'><strong>praeter</strong></span> <span class='ocrx_word' id='word_1_549' title='bbox 2796 3067 2938 3120; x_wconf 91' lang='lat' dir='ltr'><strong>hunc</strong></span> <span class='ocrx_word' id='word_1_550' title='bbox 2985 3063 3335 3120; x_wconf 88' lang='lat' dir='ltr'><strong>intellectum,</strong></span> <span class='ocrx_word' id='word_1_551' title='bbox 3381 3056 3554 3111; x_wconf 70' lang='lat' dir='ltr'><strong>Graeci</strong></span> 
     </span>
    </p>
   </div>
   <div class='ocr_carea' id='block_1_77' title="bbox 2027 3147 3556 3237">
    <p class='ocr_par' dir='ltr' id='par_1_77' title="bbox 2027 3147 3556 3237">
     <span class='ocr_line' id='line_1_77' title="bbox 2027 3147 3556 3237; baseline -0.018 -12"><span class='ocrx_word' id='word_1_552' title='bbox 2027 3181 2153 3226; x_wconf 87' lang='lat' dir='ltr'><strong>sunt</strong></span> <span class='ocrx_word' id='word_1_553' title='bbox 2179 3185 2192 3222; x_wconf 88' lang='lat'><strong>:</strong></span> <span class='ocrx_word' id='word_1_554' title='bbox 2214 3159 2315 3237; x_wconf 84' lang='lat' dir='ltr'><strong>qui</strong></span> <span class='ocrx_word' id='word_1_555' title='bbox 2350 3174 2468 3233; x_wconf 86' lang='lat' dir='ltr'><strong>post</strong></span> <span class='ocrx_word' id='word_1_556' title='bbox 2496 3163 2727 3217; x_wconf 83' lang='lat' dir='ltr'><strong>schisma</strong></span> <span class='ocrx_word' id='word_1_557' title='bbox 2756 3156 2960 3211; x_wconf 85' lang='lat' dir='ltr'><strong>Latinis</strong></span> <span class='ocrx_word' id='word_1_558' title='bbox 2979 3153 3374 3208; x_wconf 81' lang='lat' dir='ltr'><strong>contradicunt.</strong></span> <span class='ocrx_word' id='word_1_559' title='bbox 3414 3147 3556 3237; x_wconf 74' lang='lat' dir='ltr'><strong>Otto-</strong></span> 
     </span>
    </p>
   </div>
   <div class='ocr_carea' id='block_1_78' title="bbox 2029 3233 3559 3322">
    <p class='ocr_par' dir='ltr' id='par_1_78' title="bbox 2029 3233 3559 3322">
     <span class='ocr_line' id='line_1_78' title="bbox 2029 3233 3559 3322; baseline -0.017 -10"><span class='ocrx_word' id='word_1_560' title='bbox 2029 3261 2172 3312; x_wconf 88' lang='lat' dir='ltr'><strong>niam</strong></span> <span class='ocrx_word' id='word_1_561' title='bbox 2227 3233 2560 3322; x_wconf 80' lang='lat' dir='ltr'><strong>antiquiores</strong></span> <span class='ocrx_word' id='word_1_562' title='bbox 2611 3249 2802 3314; x_wconf 68' lang='lat' dir='ltr'><strong>Grzeci,</strong></span> <span class='ocrx_word' id='word_1_563' title='bbox 2848 3248 2939 3315; x_wconf 90' lang='lat' dir='ltr'><strong>qui</strong></span> <span class='ocrx_word' id='word_1_564' title='bbox 2987 3244 3234 3300; x_wconf 87' lang='lat' dir='ltr'><strong>similiter</strong></span> <span class='ocrx_word' id='word_1_565' title='bbox 3288 3233 3559 3291; x_wconf 73' lang='lat' dir='ltr'><strong>modernis</strong></span> 
     </span>
    </p>
   </div>
   <div class='ocr_carea' id='block_1_79' title="bbox 2027 3325 3561 3406">
    <p class='ocr_par' dir='ltr' id='par_1_79' title="bbox 2027 3325 3561 3406">
     <span class='ocr_line' id='line_1_79' title="bbox 2027 3325 3561 3406; baseline -0.017 -7"><span class='ocrx_word' id='word_1_566' title='bbox 2027 3343 2228 3399; x_wconf 58' lang='lat' dir='ltr'><strong>Graecis</strong></span> <span class='ocrx_word' id='word_1_567' title='bbox 2263 3343 2448 3397; x_wconf 88' lang='lat' dir='ltr'><strong>eadem</strong></span> <span class='ocrx_word' id='word_1_568' title='bbox 2488 3325 2782 3406; x_wconf 78' lang='lat' dir='ltr'><strong>exponunt,</strong></span> <span class='ocrx_word' id='word_1_569' title='bbox 2815 3336 2963 3390; x_wconf 94' lang='lat' dir='ltr'><strong>nullo</strong></span> <span class='ocrx_word' id='word_1_570' title='bbox 3011 3334 3166 3387; x_wconf 91' lang='lat' dir='ltr'><strong>modo</strong></span> <span class='ocrx_word' id='word_1_571' title='bbox 3205 3329 3430 3387; x_wconf 83' lang='lat' dir='ltr'><strong>addunt,</strong></span> <span class='ocrx_word' id='word_1_572' title='bbox 3465 3326 3561 3375; x_wconf 84' lang='lat' dir='ltr'><strong>im-</strong></span> 
     </span>
    </p>
   </div>
   <div class='ocr_carea' id='block_1_80' title="bbox 2027 3412 3560 3500">
    <p class='ocr_par' dir='ltr' id='par_1_80' title="bbox 2027 3412 3560 3500">
     <span class='ocr_line' id='line_1_80' title="bbox 2027 3412 3560 3500; baseline -0.014 -15"><span class='ocrx_word' id='word_1_573' title='bbox 2027 3429 2285 3500; x_wconf 85' lang='lat' dir='ltr'><strong>possibile</strong></span> <span class='ocrx_word' id='word_1_574' title='bbox 2338 3426 2646 3482; x_wconf 90' lang='lat' dir='ltr'><strong>eorumdem</strong></span> <span class='ocrx_word' id='word_1_575' title='bbox 2697 3433 2750 3477; x_wconf 91' lang='lat' dir='ltr'><strong>et</strong></span> <span class='ocrx_word' id='word_1_576' title='bbox 2792 3424 2953 3475; x_wconf 89' lang='lat' dir='ltr'><strong>alium</strong></span> <span class='ocrx_word' id='word_1_577' title='bbox 2993 3431 3113 3473; x_wconf 87' lang='lat' dir='ltr'><strong>esse</strong></span> <span class='ocrx_word' id='word_1_578' title='bbox 3165 3430 3404 3471; x_wconf 87' lang='lat' dir='ltr'><strong>sensum.</strong></span> <span class='ocrx_word' id='word_1_579' title='bbox 3441 3412 3560 3465; x_wconf 70' lang='lat' dir='ltr'><strong>Scis</strong></span> 
     </span>
    </p>
   </div>
   <div class='ocr_carea' id='block_1_81' title="bbox 2029 3503 3560 3588">
    <p class='ocr_par' dir='ltr' id='par_1_81' title="bbox 2029 3503 3560 3588">
     <span class='ocr_line' id='line_1_81' title="bbox 2029 3503 3560 3588; baseline -0.015 -15"><span class='ocrx_word' id='word_1_580' title='bbox 2029 3521 2246 3588; x_wconf 84' lang='lat' dir='ltr'><strong>quippe,</strong></span> <span class='ocrx_word' id='word_1_581' title='bbox 2278 3517 2420 3586; x_wconf 91' lang='lat' dir='ltr'><strong>quod</strong></span> <span class='ocrx_word' id='word_1_582' title='bbox 2455 3514 2615 3566; x_wconf 91' lang='lat' dir='ltr'><strong>nimis</strong></span> <span class='ocrx_word' id='word_1_583' title='bbox 2655 3514 2705 3562; x_wconf 92' lang='lat' dir='ltr'><strong>in</strong></span> <span class='ocrx_word' id='word_1_584' title='bbox 2735 3509 2917 3563; x_wconf 85' lang='lat' dir='ltr'><strong>multis</strong></span> <span class='ocrx_word' id='word_1_585' title='bbox 2956 3515 3130 3575; x_wconf 90' lang='lat' dir='ltr'><strong>potest</strong></span> <span class='ocrx_word' id='word_1_586' title='bbox 3179 3503 3319 3566; x_wconf 83' lang='lat' dir='ltr'><strong>ﬂeri,</strong></span> <span class='ocrx_word' id='word_1_587' title='bbox 3347 3516 3560 3555; x_wconf 81' lang='lat' dir='ltr'><strong>corum-</strong></span> 
     </span>
    </p>
   </div>
   <div class='ocr_carea' id='block_1_82' title="bbox 2031 3590 3558 3662">
    <p class='ocr_par' dir='ltr' id='par_1_82' title="bbox 2031 3590 3558 3662">
     <span class='ocr_line' id='line_1_82' title="bbox 2031 3590 3558 3662; baseline -0.015 1"><span class='ocrx_word' id='word_1_588' title='bbox 2031 3608 2152 3662; x_wconf 90' lang='lat' dir='ltr'><strong>dem</strong></span> <span class='ocrx_word' id='word_1_589' title='bbox 2174 3607 2414 3660; x_wconf 87' lang='lat' dir='ltr'><strong>diversos</strong></span> <span class='ocrx_word' id='word_1_590' title='bbox 2431 3617 2550 3656; x_wconf 89' lang='lat' dir='ltr'><strong>esse</strong></span> <span class='ocrx_word' id='word_1_591' title='bbox 2579 3600 2898 3656; x_wconf 87' lang='lat' dir='ltr'><strong>intellectus.</strong></span> <span class='ocrx_word' id='word_1_592' title='bbox 2931 3611 3034 3651; x_wconf 92' lang='lat' dir='ltr'><strong>non</strong></span> <span class='ocrx_word' id='word_1_593' title='bbox 3057 3601 3413 3662; x_wconf 69' lang='lat' dir='ltr'><strong>repugnantes</strong></span> <span class='ocrx_word' id='word_1_594' title='bbox 3434 3590 3558 3650; x_wconf 75' lang='lat' dir='ltr'><strong>tibi,</strong></span> 
     </span>
    </p>
   </div>
   <div class='ocr_carea' id='block_1_83' title="bbox 2030 3680 3560 3756">
    <p class='ocr_par' dir='ltr' id='par_1_83' title="bbox 2030 3680 3560 3756">
     <span class='ocr_line' id='line_1_83' title="bbox 2030 3680 3560 3756; baseline -0.014 -7"><span class='ocrx_word' id='word_1_595' title='bbox 2030 3705 2085 3752; x_wconf 91' lang='lat' dir='ltr'><strong>ct</strong></span> <span class='ocrx_word' id='word_1_596' title='bbox 2107 3710 2210 3746; x_wconf 92' lang='lat' dir='ltr'><strong>non</strong></span> <span class='ocrx_word' id='word_1_597' title='bbox 2240 3707 2425 3747; x_wconf 90' lang='lat' dir='ltr'><strong>omnes</strong></span> <span class='ocrx_word' id='word_1_598' title='bbox 2443 3691 2509 3744; x_wconf 87' lang='lat' dir='ltr'><strong>ab</strong></span> <span class='ocrx_word' id='word_1_599' title='bbox 2532 3688 2783 3744; x_wconf 90' lang='lat' dir='ltr'><strong>omnibus</strong></span> <span class='ocrx_word' id='word_1_600' title='bbox 2811 3686 3002 3756; x_wconf 85' lang='lat' dir='ltr'><strong>aperiri</strong></span> <span class='ocrx_word' id='word_1_601' title='bbox 3027 3724 3042 3750; x_wconf 92' lang='lat'><strong>,</strong></span> <span class='ocrx_word' id='word_1_602' title='bbox 3068 3684 3157 3738; x_wconf 90' lang='lat' dir='ltr'><strong>sed</strong></span> <span class='ocrx_word' id='word_1_603' title='bbox 3179 3680 3313 3734; x_wconf 80' lang='lat' dir='ltr'><strong>alios</strong></span> <span class='ocrx_word' id='word_1_604' title='bbox 3333 3680 3402 3732; x_wconf 87' lang='lat' dir='ltr'><strong>ab</strong></span> <span class='ocrx_word' id='word_1_605' title='bbox 3420 3680 3560 3729; x_wconf 82' lang='lat' dir='ltr'><strong>aliis.</strong></span> 
     </span>
    </p>
   </div>
   <div class='ocr_carea' id='block_1_84' title="bbox 2032 3767 3560 3850">
    <p class='ocr_par' dir='ltr' id='par_1_84' title="bbox 2032 3767 3560 3850">
     <span class='ocr_line' id='line_1_84' title="bbox 2032 3767 3560 3850; baseline -0.012 -13"><span class='ocrx_word' id='word_1_606' title='bbox 2032 3784 2228 3850; x_wconf 81' lang='lat' dir='ltr'><strong>Quales</strong></span> <span class='ocrx_word' id='word_1_607' title='bbox 2254 3790 2379 3837; x_wconf 88' lang='lat' dir='ltr'><strong>sunt</strong></span> <span class='ocrx_word' id='word_1_608' title='bbox 2401 3787 2760 3849; x_wconf 78' lang='lat' dir='ltr'><strong>repugnantes</strong></span> <span class='ocrx_word' id='word_1_609' title='bbox 2777 3777 3168 3838; x_wconf 84' lang='lat' dir='ltr'><strong>intellectus,et</strong></span> <span class='ocrx_word' id='word_1_610' title='bbox 3194 3781 3250 3825; x_wconf 90' lang='lat' dir='ltr'><strong>tu</strong></span> <span class='ocrx_word' id='word_1_611' title='bbox 3281 3767 3560 3823; x_wconf 82' lang='lat' dir='ltr'><strong>ostendisti</strong></span> 
     </span>
    </p>
   </div>
   <div class='ocr_carea' id='block_1_85' title="bbox 2033 3862 3564 3940">
    <p class='ocr_par' dir='ltr' id='par_1_85' title="bbox 2033 3862 3564 3940">
     <span class='ocr_line' id='line_1_85' title="bbox 2033 3862 3564 3940; baseline -0.012 -13"><span class='ocrx_word' id='word_1_612' title='bbox 2033 3876 2087 3927; x_wconf 91' lang='lat' dir='ltr'><strong>in</strong></span> <span class='ocrx_word' id='word_1_613' title='bbox 2114 3873 2351 3940; x_wconf 90' lang='lat' dir='ltr'><strong>pluribus</strong></span> <span class='ocrx_word' id='word_1_614' title='bbox 2381 3870 2537 3924; x_wconf 88' lang='lat' dir='ltr'><strong>dictis</strong></span> <span class='ocrx_word' id='word_1_615' title='bbox 2567 3877 2620 3922; x_wconf 90' lang='lat' dir='ltr'><strong>et</strong></span> <span class='ocrx_word' id='word_1_616' title='bbox 2642 3869 2813 3940; x_wconf 87' lang='lat' dir='ltr'><strong>magis</strong></span> <span class='ocrx_word' id='word_1_617' title='bbox 2844 3870 2908 3921; x_wconf 90' lang='lat' dir='ltr'><strong>ad</strong></span> <span class='ocrx_word' id='word_1_618' title='bbox 2932 3862 3352 3921; x_wconf 87' lang='lat' dir='ltr'><strong>concludendam</strong></span> <span class='ocrx_word' id='word_1_619' title='bbox 3383 3874 3564 3912; x_wconf 81' lang='lat' dir='ltr'><strong>neces-</strong></span> 
     </span>
    </p>
   </div>
   <div class='ocr_carea' id='block_1_86' title="bbox 2036 3951 3565 4020">
    <p class='ocr_par' dir='ltr' id='par_1_86' title="bbox 2036 3951 3565 4020">
     <span class='ocr_line' id='line_1_86' title="bbox 2036 3951 3565 4020; baseline -0.013 0"><span class='ocrx_word' id='word_1_620' title='bbox 2036 3964 2194 4020; x_wconf 79' lang='lat' dir='ltr'><strong>sariis</strong></span> <span class='ocrx_word' id='word_1_621' title='bbox 2219 3976 2283 4015; x_wconf 89' lang='lat' dir='ltr'><strong>ex</strong></span> <span class='ocrx_word' id='word_1_622' title='bbox 2307 3961 2385 4015; x_wconf 90' lang='lat' dir='ltr'><strong>eis</strong></span> <span class='ocrx_word' id='word_1_623' title='bbox 2415 3959 2728 4013; x_wconf 85' lang='lat' dir='ltr'><strong>Latinorum</strong></span> <span class='ocrx_word' id='word_1_624' title='bbox 2759 3956 3178 4011; x_wconf 81' lang='lat' dir='ltr'><strong>conclusionem.</strong></span> <span class='ocrx_word' id='word_1_625' title='bbox 3212 3951 3565 4003; x_wconf 73' lang='lat' dir='ltr'><strong>Admittentes</strong></span> 
     </span>
    </p>
   </div>
   <div class='ocr_carea' id='block_1_87' title="bbox 2035 4042 3566 4120">
    <p class='ocr_par' dir='ltr' id='par_1_87' title="bbox 2035 4042 3566 4120">
     <span class='ocr_line' id='line_1_87' title="bbox 2035 4042 3566 4120; baseline -0.012 -14"><span class='ocrx_word' id='word_1_626' title='bbox 2035 4055 2174 4106; x_wconf 91' lang='lat' dir='ltr'><strong>enim</strong></span> <span class='ocrx_word' id='word_1_627' title='bbox 2209 4051 2383 4106; x_wconf 88' lang='lat' dir='ltr'><strong>Latini</strong></span> <span class='ocrx_word' id='word_1_628' title='bbox 2417 4052 2706 4120; x_wconf 83' lang='lat' dir='ltr'><strong>integre,et</strong></span> <span class='ocrx_word' id='word_1_629' title='bbox 2735 4049 2910 4111; x_wconf 89' lang='lat' dir='ltr'><strong>illum,</strong></span> <span class='ocrx_word' id='word_1_630' title='bbox 2931 4060 3090 4113; x_wconf 91' lang='lat' dir='ltr'><strong>quem</strong></span> <span class='ocrx_word' id='word_1_631' title='bbox 3127 4042 3329 4103; x_wconf 77' lang='lat' dir='ltr'><strong>dixisti,</strong></span> <span class='ocrx_word' id='word_1_632' title='bbox 3353 4054 3566 4092; x_wconf 74' lang='lat' dir='ltr'><strong>coruun-</strong></span> 
     </span>
    </p>
   </div>
   <div class='ocr_carea' id='block_1_88' title="bbox 2039 4130 3564 4207">
    <p class='ocr_par' dir='ltr' id='par_1_88' title="bbox 2039 4130 3564 4207">
     <span class='ocr_line' id='line_1_88' title="bbox 2039 4130 3564 4207; baseline -0.009 -15"><span class='ocrx_word' id='word_1_633' title='bbox 2039 4143 2156 4194; x_wconf 91' lang='lat' dir='ltr'><strong>dem</strong></span> <span class='ocrx_word' id='word_1_634' title='bbox 2183 4152 2340 4207; x_wconf 88' lang='lat' dir='ltr'><strong>posse</strong></span> <span class='ocrx_word' id='word_1_635' title='bbox 2369 4138 2482 4192; x_wconf 77' lang='lat' dir='ltr'><strong>ﬁeri</strong></span> <span class='ocrx_word' id='word_1_636' title='bbox 2504 4140 2666 4190; x_wconf 86' lang='lat' dir='ltr'><strong>alium</strong></span> <span class='ocrx_word' id='word_1_637' title='bbox 2691 4151 2928 4196; x_wconf 85' lang='lat' dir='ltr'><strong>sensum,</strong></span> <span class='ocrx_word' id='word_1_638' title='bbox 2949 4135 3029 4186; x_wconf 86' lang='lat' dir='ltr'><strong>ita</strong></span> <span class='ocrx_word' id='word_1_639' title='bbox 3061 4146 3216 4185; x_wconf 88' lang='lat' dir='ltr'><strong>suum</strong></span> <span class='ocrx_word' id='word_1_640' title='bbox 3246 4130 3564 4182; x_wconf 81' lang='lat' dir='ltr'><strong>habuerunt.</strong></span> 
     </span>
    </p>
   </div>
   <div class='ocr_carea' id='block_1_89' title="bbox 2035 4218 3569 4294">
    <p class='ocr_par' dir='ltr' id='par_1_89' title="bbox 2035 4218 3569 4294">
     <span class='ocr_line' id='line_1_89' title="bbox 2035 4218 3569 4294; baseline -0.01 -11"><span class='ocrx_word' id='word_1_641' title='bbox 2035 4230 2214 4294; x_wconf 82' lang='lat' dir='ltr'><strong>Quare</strong></span> <span class='ocrx_word' id='word_1_642' title='bbox 2229 4244 2348 4281; x_wconf 92' lang='lat' dir='ltr'><strong>cum</strong></span> <span class='ocrx_word' id='word_1_643' title='bbox 2368 4226 2538 4279; x_wconf 87' lang='lat' dir='ltr'><strong>sancti</strong></span> <span class='ocrx_word' id='word_1_644' title='bbox 2559 4234 2610 4278; x_wconf 92' lang='lat' dir='ltr'><strong>et</strong></span> <span class='ocrx_word' id='word_1_645' title='bbox 2629 4227 2768 4278; x_wconf 71' lang='lat' dir='ltr'><strong>beati</strong></span> <span class='ocrx_word' id='word_1_646' title='bbox 2784 4224 2904 4286; x_wconf 90' lang='lat' dir='ltr'><strong>viri,</strong></span> <span class='ocrx_word' id='word_1_647' title='bbox 2924 4223 3015 4288; x_wconf 89' lang='lat' dir='ltr'><strong>qui</strong></span> <span class='ocrx_word' id='word_1_648' title='bbox 3036 4234 3259 4287; x_wconf 91' lang='lat' dir='ltr'><strong>utroque</strong></span> <span class='ocrx_word' id='word_1_649' title='bbox 3289 4219 3447 4272; x_wconf 88' lang='lat' dir='ltr'><strong>modo</strong></span> <span class='ocrx_word' id='word_1_650' title='bbox 3473 4218 3569 4269; x_wconf 87' lang='lat' dir='ltr'><strong>bu-</strong></span> 
     </span>
    </p>
   </div>
   <div class='ocr_carea' id='block_1_90' title="bbox 2035 4306 3568 4385">
    <p class='ocr_par' dir='ltr' id='par_1_90' title="bbox 2035 4306 3568 4385">
     <span class='ocr_line' id='line_1_90' title="bbox 2035 4306 3568 4385; baseline -0.007 -17"><span class='ocrx_word' id='word_1_651' title='bbox 2035 4314 2266 4385; x_wconf 76' lang='lat' dir='ltr'><strong>jusmodi</strong></span> <span class='ocrx_word' id='word_1_652' title='bbox 2296 4313 2439 4366; x_wconf 89' lang='lat' dir='ltr'><strong>dicta</strong></span> <span class='ocrx_word' id='word_1_653' title='bbox 2470 4313 2791 4379; x_wconf 82' lang='lat' dir='ltr'><strong>intelligunt,</strong></span> <span class='ocrx_word' id='word_1_654' title='bbox 2812 4323 2864 4364; x_wconf 89' lang='lat' dir='ltr'><strong>et</strong></span> <span class='ocrx_word' id='word_1_655' title='bbox 2885 4326 2948 4364; x_wconf 90' lang='lat' dir='ltr'><strong>ex</strong></span> <span class='ocrx_word' id='word_1_656' title='bbox 2971 4309 3103 4363; x_wconf 82' lang='lat' dir='ltr'><strong>Filio</strong></span> <span class='ocrx_word' id='word_1_657' title='bbox 3123 4310 3410 4375; x_wconf 82' lang='lat' dir='ltr'><strong>procedere</strong></span> <span class='ocrx_word' id='word_1_658' title='bbox 3449 4306 3568 4372; x_wconf 86' lang='lat' dir='ltr'><strong>Spi-</strong></span> 
     </span>
    </p>
   </div>
   <div class='ocr_carea' id='block_1_91' title="bbox 422 4395 3568 4482">
    <p class='ocr_par' dir='ltr' id='par_1_91' title="bbox 422 4395 3568 4482">
     <span class='ocr_line' id='line_1_91' title="bbox 422 4395 3568 4482; baseline -0.006 -18"><span class='ocrx_word' id='word_1_659' title='bbox 422 4411 706 4482; x_wconf 88' lang='lat' dir='ltr'><strong>procedere</strong></span> <span class='ocrx_word' id='word_1_660' title='bbox 737 4406 992 4478; x_wconf 88' lang='lat' dir='ltr'><strong>Spiritum</strong></span> <span class='ocrx_word' id='word_1_661' title='bbox 1017 4418 1261 4465; x_wconf 87' lang='lat' dir='ltr'><strong>sanctum</strong></span> <span class='ocrx_word' id='word_1_662' title='bbox 1279 4408 1684 4474; x_wconf 83' lang='lat' dir='ltr'><strong>duxerun‘t,tria</strong></span> <span class='ocrx_word' id='word_1_663' title='bbox 1713 4411 1942 4462; x_wconf 87' lang='lat' dir='ltr'><strong>maxime</strong></span> <span class='ocrx_word' id='word_1_664' title='bbox 1969 4397 2016 4455; x_wconf 83' lang='grc' dir='ltr'>ο</span> <span class='ocrx_word' id='word_1_665' title='bbox 2042 4407 2201 4458; x_wconf 88' lang='lat' dir='ltr'><strong>ritum</strong></span> <span class='ocrx_word' id='word_1_666' title='bbox 2223 4411 2465 4455; x_wconf 86' lang='lat' dir='ltr'><strong>sanctum</strong></span> <span class='ocrx_word' id='word_1_667' title='bbox 2503 4415 2567 4453; x_wconf 90' lang='lat' dir='ltr'><strong>ex</strong></span> <span class='ocrx_word' id='word_1_668' title='bbox 2605 4401 2733 4465; x_wconf 87' lang='lat' dir='ltr'><strong>ipsis</strong></span> <span class='ocrx_word' id='word_1_669' title='bbox 2775 4400 3136 4472; x_wconf 56' lang='lat' dir='ltr'><strong>concludunt,</strong></span> <span class='ocrx_word' id='word_1_670' title='bbox 3163 4413 3266 4448; x_wconf 90' lang='lat' dir='ltr'><strong>non</strong></span> <span class='ocrx_word' id='word_1_671' title='bbox 3290 4395 3419 4448; x_wconf 86' lang='lat' dir='ltr'><strong>tales</strong></span> <span class='ocrx_word' id='word_1_672' title='bbox 3440 4409 3568 4447; x_wconf 88' lang='lat' dir='ltr'><strong>vero</strong></span> 
     </span>
    </p>
   </div>
   <div class='ocr_carea' id='block_1_92' title="bbox 419 4500 1939 4568">
    <p class='ocr_par' dir='ltr' id='par_1_92' title="bbox 419 4500 1939 4568">
     <span class='ocr_line' id='line_1_92' title="bbox 419 4500 1939 4568; baseline -0.003 -13"><span class='ocrx_word' id='word_1_673' title='bbox 419 4513 564 4555; x_wconf 87' lang='lat' dir='ltr'><strong>sunt.</strong></span> <span class='ocrx_word' id='word_1_674' title='bbox 613 4501 850 4565; x_wconf 86' lang='lat' dir='ltr'><strong>Quorum</strong></span> <span class='ocrx_word' id='word_1_675' title='bbox 880 4501 985 4555; x_wconf 90' lang='lat' dir='ltr'><strong>duo</strong></span> <span class='ocrx_word' id='word_1_676' title='bbox 1009 4508 1063 4553; x_wconf 91' lang='lat' dir='ltr'><strong>et</strong></span> <span class='ocrx_word' id='word_1_677' title='bbox 1089 4501 1141 4553; x_wconf 91' lang='lat' dir='ltr'><strong>in</strong></span> <span class='ocrx_word' id='word_1_678' title='bbox 1183 4509 1273 4553; x_wconf 89' lang='lat' dir='ltr'><strong>tua</strong></span> <span class='ocrx_word' id='word_1_679' title='bbox 1300 4501 1523 4568; x_wconf 86' lang='lat' dir='ltr'><strong>cpistola</strong></span> <span class='ocrx_word' id='word_1_680' title='bbox 1558 4500 1939 4552; x_wconf 88' lang='lat' dir='ltr'><strong>continentur:</strong></span> 
     </span>
    </p>
   </div>
   <div class='ocr_carea' id='block_1_93' title="bbox 414 4588 1942 4658">
    <p class='ocr_par' dir='ltr' id='par_1_93' title="bbox 414 4588 1942 4658">
     <span class='ocr_line' id='line_1_93' title="bbox 414 4588 1942 4658; baseline -0.003 -17"><span class='ocrx_word' id='word_1_681' title='bbox 414 4589 645 4654; x_wconf 86' lang='lat' dir='ltr'><strong>scilicet,</strong></span> <span class='ocrx_word' id='word_1_682' title='bbox 675 4591 814 4658; x_wconf 77' lang='lat' dir='ltr'><strong>quod</strong></span> <span class='ocrx_word' id='word_1_683' title='bbox 838 4590 990 4644; x_wconf 91' lang='lat' dir='ltr'><strong>multi</strong></span> <span class='ocrx_word' id='word_1_684' title='bbox 1023 4600 1326 4642; x_wconf 88' lang='lat' dir='ltr'><strong>nostrorum</strong></span> <span class='ocrx_word' id='word_1_685' title='bbox 1355 4588 1594 4650; x_wconf 83' lang='lat' dir='ltr'><strong>Patrum,</strong></span> <span class='ocrx_word' id='word_1_686' title='bbox 1624 4598 1677 4641; x_wconf 89' lang='lat' dir='ltr'><strong>et</strong></span> <span class='ocrx_word' id='word_1_687' title='bbox 1697 4596 1942 4654; x_wconf 85' lang='lat' dir='ltr'><strong>magnam</strong></span> 
     </span>
    </p>
   </div>
   <div class='ocr_carea' id='block_1_94' title="bbox 417 4674 1942 4742">
    <p class='ocr_par' dir='ltr' id='par_1_94' title="bbox 417 4674 1942 4742">
     <span class='ocr_line' id='line_1_94' title="bbox 417 4674 1942 4742; baseline -0.001 -16"><span class='ocrx_word' id='word_1_688' title='bbox 417 4677 719 4742; x_wconf 87' lang='lat' dir='ltr'><strong>opinionem</strong></span> <span class='ocrx_word' id='word_1_689' title='bbox 779 4675 1111 4738; x_wconf 87' lang='lat' dir='ltr'><strong>habentium,</strong></span> <span class='ocrx_word' id='word_1_690' title='bbox 1161 4689 1369 4728; x_wconf 89' lang='lat' dir='ltr'><strong>sacram</strong></span> <span class='ocrx_word' id='word_1_691' title='bbox 1408 4684 1462 4728; x_wconf 87' lang='lat' dir='ltr'><strong>et</strong></span> <span class='ocrx_word' id='word_1_692' title='bbox 1493 4674 1729 4726; x_wconf 82' lang='lat' dir='ltr'><strong>divinam</strong></span> <span class='ocrx_word' id='word_1_693' title='bbox 1774 4685 1942 4739; x_wconf 65' lang='lat' dir='ltr'><strong>cxpov</strong></span> 
     </span>
    </p>
   </div>
   <div class='ocr_carea' id='block_1_95' title="bbox 418 4762 1946 4830">
    <p class='ocr_par' dir='ltr' id='par_1_95' title="bbox 418 4762 1946 4830">
     <span class='ocr_line' id='line_1_95' title="bbox 418 4762 1946 4830; baseline -0.001 -15"><span class='ocrx_word' id='word_1_694' title='bbox 418 4766 594 4816; x_wconf 81' lang='lat' dir='ltr'><strong>uendo</strong></span> <span class='ocrx_word' id='word_1_695' title='bbox 621 4762 975 4830; x_wconf 88' lang='lat' dir='ltr'><strong>Scripturam,</strong></span> <span class='ocrx_word' id='word_1_696' title='bbox 1004 4777 1069 4814; x_wconf 85' lang='lat' dir='ltr'><strong>cx</strong></span> <span class='ocrx_word' id='word_1_697' title='bbox 1102 4778 1213 4829; x_wconf 87' lang='lat' dir='ltr'><strong>Ipsa</strong></span> <span class='ocrx_word' id='word_1_698' title='bbox 1239 4765 1391 4815; x_wconf 88' lang='lat' dir='ltr'><strong>aiunt</strong></span> <span class='ocrx_word' id='word_1_699' title='bbox 1422 4777 1480 4816; x_wconf 90' lang='lat' dir='ltr'><strong>se</strong></span> <span class='ocrx_word' id='word_1_700' title='bbox 1511 4762 1862 4830; x_wconf 77' lang='lat' dir='ltr'><strong>intellexisse,</strong></span> <span class='ocrx_word' id='word_1_701' title='bbox 1889 4769 1946 4813; x_wconf 91' lang='lat' dir='ltr'><strong>et</strong></span> 
     </span>
    </p>
   </div>
   <div class='ocr_carea' id='block_1_96' title="bbox 416 4847 1948 4916">
    <p class='ocr_par' dir='ltr' id='par_1_96' title="bbox 416 4847 1948 4916">
     <span class='ocr_line' id='line_1_96' title="bbox 416 4847 1948 4916; baseline 0 -16"><span class='ocrx_word' id='word_1_702' title='bbox 416 4865 479 4901; x_wconf 78' lang='lat' dir='ltr'><strong>ex</strong></span> <span class='ocrx_word' id='word_1_703' title='bbox 510 4847 644 4902; x_wconf 82' lang='lat' dir='ltr'><strong>Filio</strong></span> <span class='ocrx_word' id='word_1_704' title='bbox 674 4849 931 4915; x_wconf 79' lang='lat' dir='ltr'><strong>Spiritum</strong></span> <span class='ocrx_word' id='word_1_705' title='bbox 960 4859 1202 4901; x_wconf 89' lang='lat' dir='ltr'><strong>sanctum</strong></span> <span class='ocrx_word' id='word_1_706' title='bbox 1222 4851 1532 4916; x_wconf 86' lang='lat' dir='ltr'><strong>procedere.</strong></span> <span class='ocrx_word' id='word_1_707' title='bbox 1563 4848 1627 4900; x_wconf 87' lang='lat' dir='ltr'><strong>Et</strong></span> <span class='ocrx_word' id='word_1_708' title='bbox 1653 4849 1773 4901; x_wconf 89' lang='lat' dir='ltr'><strong>ideo</strong></span> <span class='ocrx_word' id='word_1_709' title='bbox 1794 4863 1948 4916; x_wconf 82' lang='lat' dir='ltr'><strong>aper-</strong></span> 
     </span>
    </p>
   </div>
   <div class='ocr_carea' id='block_1_97' title="bbox 419 4935 1946 5004">
    <p class='ocr_par' dir='ltr' id='par_1_97' title="bbox 419 4935 1946 5004">
     <span class='ocr_line' id='line_1_97' title="bbox 419 4935 1946 5004; baseline -0.001 -15"><span class='ocrx_word' id='word_1_710' title='bbox 419 4936 625 4989; x_wconf 86' lang='lat' dir='ltr'><strong>tissime</strong></span> <span class='ocrx_word' id='word_1_711' title='bbox 667 4945 721 4990; x_wconf 91' lang='lat' dir='ltr'><strong>et</strong></span> <span class='ocrx_word' id='word_1_712' title='bbox 761 4950 856 5003; x_wconf 86' lang='lat' dir='ltr'><strong>per</strong></span> <span class='ocrx_word' id='word_1_713' title='bbox 885 4936 1053 4989; x_wconf 82' lang='lat' dir='ltr'><strong>muita</strong></span> <span class='ocrx_word' id='word_1_714' title='bbox 1091 4936 1144 4988; x_wconf 92' lang='lat' dir='ltr'><strong>in</strong></span> <span class='ocrx_word' id='word_1_715' title='bbox 1195 4937 1308 4990; x_wconf 87' lang='lat' dir='ltr'><strong>suis</strong></span> <span class='ocrx_word' id='word_1_716' title='bbox 1333 4937 1551 5004; x_wconf 85' lang='lat' dir='ltr'><strong>scriptis</strong></span> <span class='ocrx_word' id='word_1_717' title='bbox 1598 4935 1699 4988; x_wconf 91' lang='lat' dir='ltr'><strong>hoc</strong></span> <span class='ocrx_word' id='word_1_718' title='bbox 1727 4936 1946 5000; x_wconf 89' lang='lat' dir='ltr'><strong>docent,</strong></span> 
     </span>
    </p>
   </div>
   <div class='ocr_carea' id='block_1_98' title="bbox 420 5023 1946 5095">
    <p class='ocr_par' dir='ltr' id='par_1_98' title="bbox 420 5023 1946 5095">
     <span class='ocr_line' id='line_1_98' title="bbox 420 5023 1946 5095; baseline 0.003 -19"><span class='ocrx_word' id='word_1_719' title='bbox 420 5023 577 5076; x_wconf 86' lang='lat' dir='ltr'><strong>sicuti</strong></span> <span class='ocrx_word' id='word_1_720' title='bbox 609 5031 828 5078; x_wconf 83' lang='lat' dir='ltr'><strong>sanctus</strong></span> <span class='ocrx_word' id='word_1_721' title='bbox 858 5025 1206 5091; x_wconf 73' lang='lat' dir='ltr'><strong>Augustinus,</strong></span> <span class='ocrx_word' id='word_1_722' title='bbox 1239 5037 1458 5081; x_wconf 85' lang='lat' dir='ltr'><strong>sanctus</strong></span> <span class='ocrx_word' id='word_1_723' title='bbox 1485 5026 1736 5095; x_wconf 87' lang='lat' dir='ltr'><strong>Cyriiius.</strong></span> <span class='ocrx_word' id='word_1_724' title='bbox 1768 5025 1832 5078; x_wconf 87' lang='lat' dir='ltr'><strong>Et</strong></span> <span class='ocrx_word' id='word_1_725' title='bbox 1865 5042 1946 5080; x_wconf 84' lang='lat' dir='ltr'><strong>se-</strong></span> 
     </span>
    </p>
   </div>
   <div class='ocr_carea' id='block_1_99' title="bbox 419 5113 1943 5183">
    <p class='ocr_par' dir='ltr' id='par_1_99' title="bbox 419 5113 1943 5183">
     <span class='ocr_line' id='line_1_99' title="bbox 419 5113 1943 5183; baseline 0.003 -19"><span class='ocrx_word' id='word_1_726' title='bbox 419 5113 654 5165; x_wconf 88' lang='lat' dir='ltr'><strong>cundum</strong></span> <span class='ocrx_word' id='word_1_727' title='bbox 701 5113 841 5180; x_wconf 85' lang='lat' dir='ltr'><strong>quod</strong></span> <span class='ocrx_word' id='word_1_728' title='bbox 882 5115 1045 5168; x_wconf 86' lang='lat' dir='ltr'><strong>etiam</strong></span> <span class='ocrx_word' id='word_1_729' title='bbox 1085 5114 1322 5169; x_wconf 78' lang='lat' dir='ltr'><strong>Rmuana</strong></span> <span class='ocrx_word' id='word_1_730' title='bbox 1356 5116 1610 5178; x_wconf 78' lang='lat' dir='ltr'><strong>Ecclesia,</strong></span> <span class='ocrx_word' id='word_1_731' title='bbox 1635 5131 1752 5183; x_wconf 69' lang='lat' dir='ltr'><strong>quze</strong></span> <span class='ocrx_word' id='word_1_732' title='bbox 1779 5125 1832 5168; x_wconf 91' lang='lat' dir='ltr'><strong>et</strong></span> <span class='ocrx_word' id='word_1_733' title='bbox 1861 5116 1943 5168; x_wconf 82' lang='lat' dir='ltr'><strong>di-</strong></span> 
     </span>
    </p>
   </div>
   <div class='ocr_carea' id='block_1_100' title="bbox 421 5201 1946 5274">
    <p class='ocr_par' dir='ltr' id='par_1_100' title="bbox 421 5201 1946 5274">
     <span class='ocr_line' id='line_1_100' title="bbox 421 5201 1946 5274; baseline 0.005 -24"><span class='ocrx_word' id='word_1_734' title='bbox 421 5202 564 5267; x_wconf 76' lang='lat' dir='ltr'><strong>guita</strong></span> <span class='ocrx_word' id='word_1_735' title='bbox 575 5209 626 5253; x_wconf 90' lang='lat' dir='ltr'><strong>te</strong></span> <span class='ocrx_word' id='word_1_736' title='bbox 649 5208 704 5253; x_wconf 81' lang='lat' dir='ltr'><strong>et</strong></span> <span class='ocrx_word' id='word_1_737' title='bbox 721 5201 978 5268; x_wconf 88' lang='lat' dir='ltr'><strong>dominio,</strong></span> <span class='ocrx_word' id='word_1_738' title='bbox 993 5214 1046 5256; x_wconf 91' lang='lat' dir='ltr'><strong>et</strong></span> <span class='ocrx_word' id='word_1_739' title='bbox 1071 5219 1196 5274; x_wconf 86' lang='lat' dir='ltr'><strong>erga</strong></span> <span class='ocrx_word' id='word_1_740' title='bbox 1221 5204 1546 5271; x_wconf 79' lang='lat' dir='ltr'><strong>Scripturam</strong></span> <span class='ocrx_word' id='word_1_741' title='bbox 1565 5202 1805 5274; x_wconf 79' lang='lat' dir='ltr'><strong>diligenti</strong></span> <span class='ocrx_word' id='word_1_742' title='bbox 1831 5213 1946 5257; x_wconf 87' lang='lat' dir='ltr'><strong>stu-</strong></span> 
     </span>
    </p>
   </div>
   <div class='ocr_carea' id='block_1_101' title="bbox 420 5289 1946 5362">
    <p class='ocr_par' dir='ltr' id='par_1_101' title="bbox 420 5289 1946 5362">
     <span class='ocr_line' id='line_1_101' title="bbox 420 5289 1946 5362; baseline 0.001 -19"><span class='ocrx_word' id='word_1_743' title='bbox 420 5289 510 5343; x_wconf 89' lang='lat' dir='ltr'><strong>dio</strong></span> <span class='ocrx_word' id='word_1_744' title='bbox 535 5298 756 5362; x_wconf 83' lang='lat' dir='ltr'><strong>superat</strong></span> <span class='ocrx_word' id='word_1_745' title='bbox 779 5307 1117 5361; x_wconf 81' lang='lat' dir='ltr'><strong>omnes,qua:</strong></span> <span class='ocrx_word' id='word_1_746' title='bbox 1143 5309 1352 5362; x_wconf 88' lang='lat' dir='ltr'><strong>semper</strong></span> <span class='ocrx_word' id='word_1_747' title='bbox 1377 5302 1516 5348; x_wconf 76' lang='lat' dir='ltr'><strong>recta</strong></span> <span class='ocrx_word' id='word_1_748' title='bbox 1550 5293 1786 5346; x_wconf 81' lang='lat' dir='ltr'><strong>defendit</strong></span> <span class='ocrx_word' id='word_1_749' title='bbox 1816 5293 1946 5362; x_wconf 84' lang='lat' dir='ltr'><strong>dog-</strong></span> 
     </span>
    </p>
   </div>
   <div class='ocr_carea' id='block_1_102' title="bbox 424 5377 1948 5449">
    <p class='ocr_par' dir='ltr' id='par_1_102' title="bbox 424 5377 1948 5449">
     <span class='ocr_line' id='line_1_102' title="bbox 424 5377 1948 5449; baseline 0.003 -20"><span class='ocrx_word' id='word_1_750' title='bbox 424 5385 584 5442; x_wconf 79' lang='lat' dir='ltr'><strong>mata,</strong></span> <span class='ocrx_word' id='word_1_751' title='bbox 617 5377 850 5445; x_wconf 88' lang='lat' dir='ltr'><strong>idipsum</strong></span> <span class='ocrx_word' id='word_1_752' title='bbox 871 5396 902 5433; x_wconf 87' lang='lat' dir='ltr'><strong>a</strong></span> <span class='ocrx_word' id='word_1_753' title='bbox 933 5381 1376 5449; x_wconf 83' lang='lat' dir='ltr'><strong>principioducet</strong></span> <span class='ocrx_word' id='word_1_754' title='bbox 1401 5391 1455 5434; x_wconf 86' lang='lat' dir='ltr'><strong>et</strong></span> <span class='ocrx_word' id='word_1_755' title='bbox 1485 5389 1650 5436; x_wconf 88' lang='lat' dir='ltr'><strong>tenet.</strong></span> <span class='ocrx_word' id='word_1_756' title='bbox 1681 5378 1774 5434; x_wconf 88' lang='lat' dir='ltr'><strong>llis</strong></span> <span class='ocrx_word' id='word_1_757' title='bbox 1806 5381 1948 5434; x_wconf 88' lang='lat' dir='ltr'><strong>enim</strong></span> 
     </span>
    </p>
   </div>
   <div class='ocr_carea' id='block_1_103' title="bbox 425 5465 1950 5539">
    <p class='ocr_par' dir='ltr' id='par_1_103' title="bbox 425 5465 1950 5539">
     <span class='ocr_line' id='line_1_103' title="bbox 425 5465 1950 5539; baseline 0.003 -24"><span class='ocrx_word' id='word_1_758' title='bbox 425 5465 658 5530; x_wconf 85' lang='lat' dir='ltr'><strong>duobus,</strong></span> <span class='ocrx_word' id='word_1_759' title='bbox 688 5481 722 5516; x_wconf 92' lang='grc' dir='ltr'><strong>ο</strong></span> <span class='ocrx_word' id='word_1_760' title='bbox 760 5466 950 5530; x_wconf 89' lang='lat' dir='ltr'><strong>amice,</strong></span> <span class='ocrx_word' id='word_1_761' title='bbox 983 5472 1197 5523; x_wconf 87' lang='lat' dir='ltr'><strong>tertium</strong></span> <span class='ocrx_word' id='word_1_762' title='bbox 1235 5470 1498 5533; x_wconf 87' lang='lat' dir='ltr'><strong>additum,</strong></span> <span class='ocrx_word' id='word_1_763' title='bbox 1538 5472 1680 5539; x_wconf 85' lang='lat' dir='ltr'><strong>quod</strong></span> <span class='ocrx_word' id='word_1_764' title='bbox 1710 5481 1764 5522; x_wconf 86' lang='lat' dir='ltr'><strong>tu</strong></span> <span class='ocrx_word' id='word_1_765' title='bbox 1806 5471 1950 5522; x_wconf 80' lang='lat' dir='ltr'><strong>vide-</strong></span> 
     </span>
    </p>
   </div>
   <div class='ocr_carea' id='block_1_104' title="bbox 428 5554 1921 5626">
    <p class='ocr_par' dir='ltr' id='par_1_104' title="bbox 428 5554 1921 5626">
     <span class='ocr_line' id='line_1_104' title="bbox 428 5554 1921 5626; baseline 0.003 -22"><span class='ocrx_word' id='word_1_766' title='bbox 428 5557 501 5608; x_wconf 73' lang='lat' dir='ltr'><strong>ris</strong></span> <span class='ocrx_word' id='word_1_767' title='bbox 522 5554 694 5608; x_wconf 84' lang='lat' dir='ltr'><strong>adhuc</strong></span> <span class='ocrx_word' id='word_1_768' title='bbox 720 5556 960 5624; x_wconf 70' lang='lat' dir='ltr'><strong>ignorare</strong></span> <span class='ocrx_word' id='word_1_769' title='bbox 980 5597 993 5618; x_wconf 92' lang='lat'><strong>,</strong></span> <span class='ocrx_word' id='word_1_770' title='bbox 1019 5560 1140 5622; x_wconf 75' lang='lat' dir='ltr'><strong>quia</strong></span> <span class='ocrx_word' id='word_1_771' title='bbox 1174 5558 1331 5612; x_wconf 78' lang='lat' dir='ltr'><strong>etiam</strong></span> <span class='ocrx_word' id='word_1_772' title='bbox 1363 5559 1611 5626; x_wconf 71' lang='lat' dir='ltr'><strong>generale</strong></span> <span class='ocrx_word' id='word_1_773' title='bbox 1640 5559 1921 5613; x_wconf 70' lang='lat' dir='ltr'><strong>concilium</strong></span> 
     </span>
    </p>
   </div>
   <div class='ocr_carea' id='block_1_105' title="bbox 426 5642 1946 5717">
    <p class='ocr_par' dir='ltr' id='par_1_105' title="bbox 426 5642 1946 5717">
     <span class='ocr_line' id='line_1_105' title="bbox 426 5642 1946 5717; baseline 0.003 -21"><span class='ocrx_word' id='word_1_774' title='bbox 426 5642 491 5691; x_wconf 70' lang='lat' dir='ltr'><strong>de</strong></span> <span class='ocrx_word' id='word_1_775' title='bbox 527 5645 711 5698; x_wconf 74' lang='lat' dir='ltr'><strong>eodem</strong></span> <span class='ocrx_word' id='word_1_776' title='bbox 756 5645 871 5714; x_wconf 85' lang='lat' dir='ltr'><strong>ipso</strong></span> <span class='ocrx_word' id='word_1_777' title='bbox 909 5647 1229 5700; x_wconf 68' lang='lat' dir='ltr'><strong>celebratum</strong></span> <span class='ocrx_word' id='word_1_778' title='bbox 1264 5658 1344 5702; x_wconf 76' lang='lat' dir='ltr'><strong>est</strong></span> <span class='ocrx_word' id='word_1_779' title='bbox 1375 5649 1428 5701; x_wconf 85' lang='lat' dir='ltr'><strong>in</strong></span> <span class='ocrx_word' id='word_1_780' title='bbox 1461 5646 1768 5717; x_wconf 65' lang='lat' dir='ltr'><strong>ngddttis:</strong></span> <span class='ocrx_word' id='word_1_781' title='bbox 1807 5648 1946 5715; x_wconf 63' lang='lat' dir='ltr'><strong>quod</strong></span> 
     </span>
    </p>
   </div>
   <div class='ocr_carea' id='block_1_106' title="bbox 2041 4485 3567 4559">
    <p class='ocr_par' dir='ltr' id='par_1_106' title="bbox 2041 4485 3567 4559">
     <span class='ocr_line' id='line_1_106' title="bbox 2041 4485 3567 4559; baseline -0.007 -12"><span class='ocrx_word' id='word_1_782' title='bbox 2041 4493 2256 4553; x_wconf 88' lang='lat' dir='ltr'><strong>sintilli,</strong></span> <span class='ocrx_word' id='word_1_783' title='bbox 2286 4491 2375 4559; x_wconf 90' lang='lat' dir='ltr'><strong>qui</strong></span> <span class='ocrx_word' id='word_1_784' title='bbox 2402 4499 2556 4555; x_wconf 90' lang='lat' dir='ltr'><strong>prout</strong></span> <span class='ocrx_word' id='word_1_785' title='bbox 2577 4489 2977 4548; x_wconf 85' lang='lat' dir='ltr'><strong>voiunt.eadcm</strong></span> <span class='ocrx_word' id='word_1_786' title='bbox 3005 4487 3382 4553; x_wconf 74' lang='lat' dir='ltr'><strong>intelligentes,</strong></span> <span class='ocrx_word' id='word_1_787' title='bbox 3418 4485 3567 4537; x_wconf 90' lang='lat' dir='ltr'><strong>illum</strong></span> 
     </span>
    </p>
   </div>
   <div class='ocr_carea' id='block_1_107' title="bbox 2043 4572 3571 4646">
    <p class='ocr_par' dir='ltr' id='par_1_107' title="bbox 2043 4572 3571 4646">
     <span class='ocr_line' id='line_1_107' title="bbox 2043 4572 3571 4646; baseline -0.008 -11"><span class='ocrx_word' id='word_1_788' title='bbox 2043 4594 2286 4643; x_wconf 88' lang='lat' dir='ltr'><strong>sensum,</strong></span> <span class='ocrx_word' id='word_1_789' title='bbox 2314 4593 2408 4646; x_wconf 90' lang='lat' dir='ltr'><strong>per</strong></span> <span class='ocrx_word' id='word_1_790' title='bbox 2447 4590 2605 4646; x_wconf 88' lang='lat' dir='ltr'><strong>quem</strong></span> <span class='ocrx_word' id='word_1_791' title='bbox 2640 4576 2910 4643; x_wconf 89' lang='lat' dir='ltr'><strong>processio</strong></span> <span class='ocrx_word' id='word_1_792' title='bbox 2943 4572 3179 4641; x_wconf 91' lang='lat' dir='ltr'><strong>Spiritus</strong></span> <span class='ocrx_word' id='word_1_793' title='bbox 3216 4573 3385 4624; x_wconf 84' lang='lat' dir='ltr'><strong>sancti</strong></span> <span class='ocrx_word' id='word_1_794' title='bbox 3421 4580 3474 4624; x_wconf 87' lang='lat' dir='ltr'><strong>et</strong></span> <span class='ocrx_word' id='word_1_795' title='bbox 3505 4586 3571 4624; x_wconf 89' lang='lat' dir='ltr'><strong>ex</strong></span> 
     </span>
    </p>
   </div>
   <div class='ocr_carea' id='block_1_108' title="bbox 2046 4661 3571 4733">
    <p class='ocr_par' dir='ltr' id='par_1_108' title="bbox 2046 4661 3571 4733">
     <span class='ocr_line' id='line_1_108' title="bbox 2046 4661 3571 4733; baseline -0.008 -9"><span class='ocrx_word' id='word_1_796' title='bbox 2046 4669 2179 4724; x_wconf 81' lang='lat' dir='ltr'><strong>Filio</strong></span> <span class='ocrx_word' id='word_1_797' title='bbox 2208 4668 2570 4730; x_wconf 89' lang='lat' dir='ltr'><strong>concluditur,</strong></span> <span class='ocrx_word' id='word_1_798' title='bbox 2616 4674 2848 4733; x_wconf 88' lang='lat' dir='ltr'><strong>negant:</strong></span> <span class='ocrx_word' id='word_1_799' title='bbox 2881 4677 2987 4716; x_wconf 88' lang='lat' dir='ltr'><strong>non</strong></span> <span class='ocrx_word' id='word_1_800' title='bbox 3017 4661 3112 4713; x_wconf 90' lang='lat' dir='ltr'><strong>dei:</strong></span> <span class='ocrx_word' id='word_1_801' title='bbox 3132 4675 3274 4715; x_wconf 56' lang='lat' dir='ltr'><strong>smus</strong></span> <span class='ocrx_word' id='word_1_802' title='bbox 3306 4661 3571 4726; x_wconf 64' lang='lat' dir='ltr'><strong>aequalem</strong></span> 
     </span>
    </p>
   </div>
   <div class='ocr_carea' id='block_1_109' title="bbox 2045 4749 3574 4828">
    <p class='ocr_par' dir='ltr' id='par_1_109' title="bbox 2045 4749 3574 4828">
     <span class='ocr_line' id='line_1_109' title="bbox 2045 4749 3574 4828; baseline -0.009 -14"><span class='ocrx_word' id='word_1_803' title='bbox 2045 4761 2285 4828; x_wconf 82' lang='lat' dir='ltr'><strong>utrisque</strong></span> <span class='ocrx_word' id='word_1_804' title='bbox 2318 4759 2474 4811; x_wconf 77' lang='lat' dir='ltr'><strong>ﬁdem</strong></span> <span class='ocrx_word' id='word_1_805' title='bbox 2501 4755 2771 4809; x_wconf 71' lang='lat' dir='ltr'><strong>adhibere.</strong></span> <span class='ocrx_word' id='word_1_806' title='bbox 2811 4753 3122 4817; x_wconf 79' lang='lat' dir='ltr'><strong>Quanquam</strong></span> <span class='ocrx_word' id='word_1_807' title='bbox 3163 4749 3312 4801; x_wconf 81' lang='lat' dir='ltr'><strong>illam</strong></span> <span class='ocrx_word' id='word_1_808' title='bbox 3366 4765 3460 4816; x_wconf 87' lang='lat' dir='ltr'><strong>per</strong></span> <span class='ocrx_word' id='word_1_809' title='bbox 3492 4752 3574 4801; x_wconf 91' lang='lat' dir='ltr'><strong>in-</strong></span> 
     </span>
    </p>
   </div>
   <div class='ocr_carea' id='block_1_110' title="bbox 2045 4839 3576 4911">
    <p class='ocr_par' dir='ltr' id='par_1_110' title="bbox 2045 4839 3576 4911">
     <span class='ocr_line' id='line_1_110' title="bbox 2045 4839 3576 4911; baseline -0.008 -10"><span class='ocrx_word' id='word_1_810' title='bbox 2045 4847 2401 4903; x_wconf 74' lang='lat' dir='ltr'><strong>suiﬂationem</strong></span> <span class='ocrx_word' id='word_1_811' title='bbox 2432 4844 2665 4911; x_wconf 88' lang='lat' dir='ltr'><strong>Spiritus</strong></span> <span class='ocrx_word' id='word_1_812' title='bbox 2684 4842 3049 4902; x_wconf 82' lang='lat' dir='ltr'><strong>donationem,</strong></span> <span class='ocrx_word' id='word_1_813' title='bbox 3071 4840 3116 4890; x_wconf 90' lang='lat' dir='ltr'><strong>si</strong></span> <span class='ocrx_word' id='word_1_814' title='bbox 3145 4852 3330 4904; x_wconf 87' lang='lat' dir='ltr'><strong>parum</strong></span> <span class='ocrx_word' id='word_1_815' title='bbox 3349 4839 3576 4905; x_wconf 72' lang='lat' dir='ltr'><strong>diiigen~</strong></span> 
     </span>
    </p>
   </div>
   <div class='ocr_carea' id='block_1_111' title="bbox 2046 4927 3580 4993">
    <p class='ocr_par' dir='ltr' id='par_1_111' title="bbox 2046 4927 3580 4993">
     <span class='ocr_line' id='line_1_111' title="bbox 2046 4927 3580 4993; baseline -0.008 -2"><span class='ocrx_word' id='word_1_816' title='bbox 2046 4939 2153 4991; x_wconf 88' lang='lat' dir='ltr'><strong>tius</strong></span> <span class='ocrx_word' id='word_1_817' title='bbox 2183 4933 2576 4993; x_wconf 89' lang='lat' dir='ltr'><strong>considerabis,</strong></span> <span class='ocrx_word' id='word_1_818' title='bbox 2608 4930 2844 4984; x_wconf 83' lang='lat' dir='ltr'><strong>invenies</strong></span> <span class='ocrx_word' id='word_1_819' title='bbox 2882 4930 3174 4984; x_wconf 83' lang='lat' dir='ltr'><strong>secundum</strong></span> <span class='ocrx_word' id='word_1_820' title='bbox 3207 4927 3424 4981; x_wconf 85' lang='lat' dir='ltr'><strong>Latinos</strong></span> <span class='ocrx_word' id='word_1_821' title='bbox 3457 4943 3580 4980; x_wconf 88' lang='lat' dir='ltr'><strong>sen-</strong></span> 
     </span>
    </p>
   </div>
   <div class='ocr_carea' id='block_1_112' title="bbox 2047 5013 3577 5086">
    <p class='ocr_par' dir='ltr' id='par_1_112' title="bbox 2047 5013 3577 5086">
     <span class='ocr_line' id='line_1_112' title="bbox 2047 5013 3577 5086; baseline -0.008 -7"><span class='ocrx_word' id='word_1_822' title='bbox 2047 5040 2164 5078; x_wconf 80' lang='lat' dir='ltr'><strong>sum</strong></span> <span class='ocrx_word' id='word_1_823' title='bbox 2194 5023 2389 5084; x_wconf 89' lang='lat' dir='ltr'><strong>solum,</strong></span> <span class='ocrx_word' id='word_1_824' title='bbox 2423 5031 2475 5075; x_wconf 91' lang='lat' dir='ltr'><strong>et</strong></span> <span class='ocrx_word' id='word_1_825' title='bbox 2502 5019 2724 5072; x_wconf 88' lang='lat' dir='ltr'><strong>minimc</strong></span> <span class='ocrx_word' id='word_1_826' title='bbox 2762 5017 2950 5083; x_wconf 91' lang='lat' dir='ltr'><strong>alium,</strong></span> <span class='ocrx_word' id='word_1_827' title='bbox 2997 5033 3152 5086; x_wconf 85' lang='lat' dir='ltr'><strong>posse</strong></span> <span class='ocrx_word' id='word_1_828' title='bbox 3199 5019 3437 5068; x_wconf 89' lang='lat' dir='ltr'><strong>habere:</strong></span> <span class='ocrx_word' id='word_1_829' title='bbox 3475 5013 3577 5067; x_wconf 89' lang='lat' dir='ltr'><strong>nisi</strong></span> 
     </span>
    </p>
   </div>
   <div class='ocr_carea' id='block_1_113' title="bbox 2046 5107 3579 5178">
    <p class='ocr_par' dir='ltr' id='par_1_113' title="bbox 2046 5107 3579 5178">
     <span class='ocr_line' id='line_1_113' title="bbox 2046 5107 3579 5178; baseline -0.007 -13"><span class='ocrx_word' id='word_1_830' title='bbox 2046 5114 2168 5177; x_wconf 89' lang='lat' dir='ltr'><strong>quis</strong></span> <span class='ocrx_word' id='word_1_831' title='bbox 2196 5113 2417 5165; x_wconf 77' lang='lat' dir='ltr'><strong>omnino</strong></span> <span class='ocrx_word' id='word_1_832' title='bbox 2446 5117 2628 5162; x_wconf 87' lang='lat' dir='ltr'><strong>coacte</strong></span> <span class='ocrx_word' id='word_1_833' title='bbox 2658 5115 2713 5160; x_wconf 89' lang='lat' dir='ltr'><strong>et</strong></span> <span class='ocrx_word' id='word_1_834' title='bbox 2735 5107 3024 5178; x_wconf 86' lang='lat' dir='ltr'><strong>sophistice</strong></span> <span class='ocrx_word' id='word_1_835' title='bbox 3054 5107 3282 5174; x_wconf 90' lang='lat' dir='ltr'><strong>idipsum</strong></span> <span class='ocrx_word' id='word_1_836' title='bbox 3312 5115 3579 5169; x_wconf 79' lang='lat' dir='ltr'><strong>exponere</strong></span> 
     </span>
    </p>
   </div>
   <div class='ocr_carea' id='block_1_114' title="bbox 2048 5199 2297 5254">
    <p class='ocr_par' dir='ltr' id='par_1_114' title="bbox 2048 5199 2297 5254">
     <span class='ocr_line' id='line_1_114' title="bbox 2048 5199 2297 5254; baseline 0 -2"><span class='ocrx_word' id='word_1_837' title='bbox 2048 5199 2297 5254; x_wconf 88' lang='lat' dir='ltr'><strong>voluerit.</strong></span> 
     </span>
    </p>
   </div>
   <div class='ocr_carea' id='block_1_115' title="bbox 2116 5278 3585 5349">
    <p class='ocr_par' dir='ltr' id='par_1_115' title="bbox 2116 5278 3585 5349">
     <span class='ocr_line' id='line_1_115' title="bbox 2116 5278 3585 5349; baseline -0.003 -10"><span class='ocrx_word' id='word_1_838' title='bbox 2116 5286 2342 5340; x_wconf 79' lang='lat' dir='ltr'><strong>Attende</strong></span> <span class='ocrx_word' id='word_1_839' title='bbox 2370 5287 2511 5340; x_wconf 88' lang='lat' dir='ltr'><strong>enim</strong></span> <span class='ocrx_word' id='word_1_840' title='bbox 2532 5284 2628 5338; x_wconf 91' lang='lat' dir='ltr'><strong>ita.</strong></span> <span class='ocrx_word' id='word_1_841' title='bbox 2652 5285 2861 5349; x_wconf 83' lang='lat' dir='ltr'><strong>Dixisti,</strong></span> <span class='ocrx_word' id='word_1_842' title='bbox 2888 5285 3041 5338; x_wconf 86' lang='lat' dir='ltr'><strong>aliter</strong></span> <span class='ocrx_word' id='word_1_843' title='bbox 3060 5290 3387 5347; x_wconf 86' lang='lat' dir='ltr'><strong>exponentes</strong></span> <span class='ocrx_word' id='word_1_844' title='bbox 3403 5278 3585 5335; x_wconf 84' lang='lat' dir='ltr'><strong>dicere</strong></span> 
     </span>
    </p>
   </div>
   <div class='ocr_carea' id='block_1_116' title="bbox 2047 5366 3584 5445">
    <p class='ocr_par' dir='ltr' id='par_1_116' title="bbox 2047 5366 3584 5445">
     <span class='ocr_line' id='line_1_116' title="bbox 2047 5366 3584 5445; baseline -0.006 -14"><span class='ocrx_word' id='word_1_845' title='bbox 2047 5379 2182 5432; x_wconf 89' lang='lat' dir='ltr'><strong>velle</strong></span> <span class='ocrx_word' id='word_1_846' title='bbox 2211 5391 2276 5429; x_wconf 86' lang='lat' dir='ltr'><strong>ex</strong></span> <span class='ocrx_word' id='word_1_847' title='bbox 2298 5375 2398 5429; x_wconf 89' lang='lat' dir='ltr'><strong>hoc</strong></span> <span class='ocrx_word' id='word_1_848' title='bbox 2428 5373 2761 5445; x_wconf 82' lang='lat' dir='ltr'><strong>Scripturam</strong></span> <span class='ocrx_word' id='word_1_849' title='bbox 2794 5390 2892 5429; x_wconf 88' lang='lat' dir='ltr'><strong>nos</strong></span> <span class='ocrx_word' id='word_1_850' title='bbox 2922 5368 3237 5437; x_wconf 76' lang='lat' dir='ltr'><strong>intelligere,</strong></span> <span class='ocrx_word' id='word_1_851' title='bbox 3276 5370 3418 5436; x_wconf 84' lang='lat' dir='ltr'><strong>quod</strong></span> <span class='ocrx_word' id='word_1_852' title='bbox 3463 5366 3584 5438; x_wconf 63' lang='grc' dir='ltr'><strong>εμε-</strong></span> 
     </span>
    </p>
   </div>
   <div class='ocr_carea' id='block_1_117' title="bbox 2050 5456 3585 5531">
    <p class='ocr_par' dir='ltr' id='par_1_117' title="bbox 2050 5456 3585 5531">
     <span class='ocr_line' id='line_1_117' title="bbox 2050 5456 3585 5531; baseline -0.006 -12"><span class='ocrx_word' id='word_1_853' title='bbox 2050 5469 2186 5519; x_wconf 83' lang='lat' dir='ltr'><strong>ritus</strong></span> <span class='ocrx_word' id='word_1_854' title='bbox 2217 5478 2324 5517; x_wconf 90' lang='lat' dir='ltr'><strong>non</strong></span> <span class='ocrx_word' id='word_1_855' title='bbox 2356 5473 2439 5518; x_wconf 88' lang='lat' dir='ltr'><strong>est</strong></span> <span class='ocrx_word' id='word_1_856' title='bbox 2471 5465 2642 5531; x_wconf 83' lang='lat' dir='ltr'><strong>major</strong></span> <span class='ocrx_word' id='word_1_857' title='bbox 2672 5463 2826 5524; x_wconf 80' lang='lat' dir='ltr'><strong>Filio,</strong></span> <span class='ocrx_word' id='word_1_858' title='bbox 2859 5467 2911 5513; x_wconf 92' lang='lat' dir='ltr'><strong>et</strong></span> <span class='ocrx_word' id='word_1_859' title='bbox 2933 5456 3076 5526; x_wconf 90' lang='lat' dir='ltr'><strong>quod</strong></span> <span class='ocrx_word' id='word_1_860' title='bbox 3110 5457 3411 5511; x_wconf 83' lang='lat' dir='ltr'><strong>deilicantia</strong></span> <span class='ocrx_word' id='word_1_861' title='bbox 3454 5460 3585 5511; x_wconf 70' lang='lat' dir='ltr'><strong>cha—</strong></span> 
     </span>
    </p>
   </div>
   <div class='ocr_carea' id='block_1_118' title="bbox 2051 5545 3586 5612">
    <p class='ocr_par' dir='ltr' id='par_1_118' title="bbox 2051 5545 3586 5612">
     <span class='ocr_line' id='line_1_118' title="bbox 2051 5545 3586 5612; baseline -0.003 -8"><span class='ocrx_word' id='word_1_862' title='bbox 2051 5558 2270 5608; x_wconf 74' lang='lat' dir='ltr'><strong>risrnata</strong></span> <span class='ocrx_word' id='word_1_863' title='bbox 2325 5554 2629 5605; x_wconf 77' lang='lat' dir='ltr'><strong>communia</strong></span> <span class='ocrx_word' id='word_1_864' title='bbox 2661 5557 2784 5603; x_wconf 88' lang='lat' dir='ltr'><strong>sunt</strong></span> <span class='ocrx_word' id='word_1_865' title='bbox 2813 5561 2866 5601; x_wconf 82' lang='lat' dir='ltr'><strong>et</strong></span> <span class='ocrx_word' id='word_1_866' title='bbox 2891 5545 3008 5599; x_wconf 86' lang='lat' dir='ltr'><strong>Filii</strong></span> <span class='ocrx_word' id='word_1_867' title='bbox 3040 5556 3093 5599; x_wconf 92' lang='lat' dir='ltr'><strong>et</strong></span> <span class='ocrx_word' id='word_1_868' title='bbox 3110 5547 3364 5612; x_wconf 81' lang='lat' dir='ltr'><strong>Spiritus.</strong></span> <span class='ocrx_word' id='word_1_869' title='bbox 3403 5548 3467 5598; x_wconf 80' lang='lat' dir='ltr'><strong>At</strong></span> <span class='ocrx_word' id='word_1_870' title='bbox 3495 5561 3586 5599; x_wconf 80' lang='lat' dir='ltr'><strong>vc-</strong></span> 
     </span>
    </p>
   </div>
   <div class='ocr_carea' id='block_1_119' title="bbox 2052 5635 3590 5710">
    <p class='ocr_par' dir='ltr' id='par_1_119' title="bbox 2052 5635 3590 5710">
     <span class='ocr_line' id='line_1_119' title="bbox 2052 5635 3590 5710; baseline -0.003 -13"><span class='ocrx_word' id='word_1_871' title='bbox 2052 5658 2112 5698; x_wconf 69' lang='grc' dir='ltr'><strong>το</strong></span> <span class='ocrx_word' id='word_1_872' title='bbox 2163 5651 2227 5697; x_wconf 76' lang='lat' dir='ltr'><strong>a1</strong></span> <span class='ocrx_word' id='word_1_873' title='bbox 2285 5644 2401 5697; x_wconf 62' lang='lat' dir='ltr'><strong>hac</strong></span> <span class='ocrx_word' id='word_1_874' title='bbox 2458 5640 2798 5710; x_wconf 69' lang='lat' dir='ltr'><strong>intelligenda</strong></span> <span class='ocrx_word' id='word_1_875' title='bbox 2849 5639 2931 5694; x_wconf 79' lang='lat' dir='ltr'><strong>vel</strong></span> <span class='ocrx_word' id='word_1_876' title='bbox 2985 5637 3248 5693; x_wconf 56' lang='lat' dir='ltr'><strong>credenda</strong></span> <span class='ocrx_word' id='word_1_877' title='bbox 3295 5635 3590 5692; x_wconf 54' lang='lat' dir='ltr'><strong>adiciebat</strong></span> 
     </span>
    </p>
   </div>
  </div>
