4450 6440
932 371 1063 430 i303

2016 372 2401 429 BARLAAMI
2445 372 2539 430 DE
2574 370 2992 429 SEMINARIA

3951 372 4089 435 1304

930 486 1134 532 tantum
1163 481 1340 531 dicere
1380 498 1390 530 :
1419 481 1641 545 Arripite
1672 481 1925 545 Spiritum
1954 492 2188 532 sanctum
2212 500 2223 543 ;
2290 481 2459 534 insuf-
2484 483 2532 540 Α
2559 481 2684 542 mis,
2721 482 2799 533 eis
2823 480 3096 532 auferatur
3129 497 3141 532 :
3178 490 3230 534 et
3252 480 3332 533 his
3357 479 3446 547 qui
3502 484 3627 531 sunt
3652 478 3821 533 adhuc
3841 480 3905 534 ad
3930 479 4085 536 ﬁdem

930 569 1055 620 flare
1087 582 1208 619 vero
1240 569 1367 618 nihil
1407 569 1469 619 ad
1501 569 1801 635 liujusmodi
1832 563 2050 619 sensum
2086 567 2310 620 confert.
2359 567 2460 620 Ne-

928 672 1030 722 que
1055 657 1192 706 enim
1228 655 1337 719 ipsa
1372 654 1604 722 Spiritus
1638 656 1959 718 substantia,
1997 671 2168 723 neque
2201 655 2455 722 ejusipsa

929 743 1093 802 gratia
1123 753 1235 796 erat
1269 745 1354 795 ille
1375 745 1725 811 corporaliter
1776 745 1841 796 de
1890 754 2077 798 sancto
2139 759 2232 798 ore
2274 746 2456 798 exiens

929 835 1102 897 ﬂatus,
1142 850 1310 900 neque
1340 836 1563 901 apostoli
1618 837 1966 890 absorbentes
2009 837 2181 898 illum,
2229 836 2453 902 gratiam

928 934 1264 988 acceperunt,
1298 940 1416 974 cum
1447 925 1601 977 aliter
1657 939 1758 977 n0u
1817 935 2050 990 possent.
2113 925 2253 988 Quid
2298 926 2458 993 igitur

928 1012 1135 1063 volebat
1163 1012 1261 1065 sibi
1292 1012 1578 1066 insufﬂatio
1610 1015 1693 1066 illa
1716 1014 2018 1082 ?siquidem
2048 1022 2100 1066 ct
2119 1016 2457 1081 dicenteipso

928 1110 1129 1152 tantum
1159 1119 1172 1152 :
1201 1104 1444 1167 Accipite,
1481 1103 1580 1165 vel,
1617 1105 1680 1155 do
1711 1105 1849 1156 vobis
1903 1104 2155 1168 Spiritum
2190 1115 2451 1166 sanctum,

929 1191 1081 1242 habet
1104 1185 1243 1257 quod
1267 1191 1574 1244 Graecorum
1604 1193 1716 1245 vult
1754 1193 2050 1260 expositio?
2081 1209 2146 1244 an
2170 1201 2333 1250 certe.
2399 1202 2455 1244 ut

926 1281 1236 1334 aitsanctus
1267 1283 1620 1348 Augustinus,
1685 1283 2134 1348 quemadmodum
2163 1283 2215 1334 in
2272 1285 2454 1335 multis

927 1370 1197 1436 Scriptura
1235 1371 1300 1423 de
1344 1372 1668 1424 sensibiliter
1695 1382 1746 1424 et.
1785 1373 1836 1423 in
1867 1381 2103 1438 tempore
2165 1373 2246 1425 vel
2301 1372 2454 1426 factis

925 1459 1002 1509 vel
1035 1460 1209 1516 dictis.
1243 1460 1449 1510 reducit
1482 1475 1577 1510 nos
1613 1461 1676 1511 ad
1709 1460 2126 1526 intelligibilium
2155 1471 2206 1511 et
2255 1463 2452 1528 sempi-

925 1555 1192 1598 ternorum
1219 1547 1742 1616 contemplationem,
1797 1548 1867 1599 ita
1898 1553 1949 1598 et
1982 1547 2192 1613 signum
2213 1547 2296 1600 hic
2357 1549 2454 1600 ali-

923 1636 1063 1697 quod
1103 1635 1198 1685 hoc
1234 1634 1750 1698 prrebuitSalvator,
1782 1636 2038 1684 reducens
2100 1646 2193 1684 nos
2220 1647 2280 1684 ex
2339 1634 2452 1700 ipso

926 1721 988 1769 ad
1031 1722 1420 1786 intelligendam
1456 1721 1534 1768 vel
1565 1721 1881 1771 credendam
1917 1721 2320 1787 intelligibilem,
2343 1737 2450 1773 ma-

926 1809 1004 1870 gis
1036 1818 1211 1858 autem
1245 1822 1399 1869 super
1442 1807 1868 1872 intelligentiam,
1903 1820 1955 1860 et
1980 1825 2041 1860 ex
2066 1825 2122 1862 se
2179 1811 2259 1862 sui
2321 1825 2451 1863 con-
2485 1786 2524 1842 Β

926 1895 1294 1944 substantialis
1333 1894 1560 1960 Spiritus
1614 1897 2055 1957 processionem?
2086 1897 2221 1965 Ergo
2251 1899 2294 1950 si
2353 1900 2455 1951 hoc

928 1980 1262 2030 solummodo
1320 1981 1640 2031 rationabile
1706 1991 1786 2032 est
1839 1981 2084 2047 intelligi,
2139 1983 2454 2034 rationabile

925 2078 1070 2118 certe
1110 2082 1320 2132 quoque
1355 2069 1572 2118 credere
1611 2078 1708 2118 est.

998 2156 1068 2206 De
1095 2156 1410 2221 syllogismis
1441 2170 1564 2205 vero
1587 2156 1821 2217 ipsorum
1872 2166 1924 2206 et
1949 2157 2297 2223 argumentis,
2338 2174 2455 2224 qua:

925 2246 1025 2299 ais,
1057 2260 1161 2293 non
1199 2245 1261 2293 de
1287 2245 1606 2294 necessitate
1638 2243 1954 2294 concludere
1982 2245 2332 2310 propositum,
2365 2263 2455 2300 ne-

924 2342 1027 2392 que
1051 2343 1202 2394 posse
1228 2332 1417 2381 anima:
1439 2331 1761 2395 inquisitive
1791 2331 1854 2381 ad
1882 2331 2091 2387 plenum
2113 2333 2450 2396 satisfacere;

926 2427 1031 2461 non
1063 2414 1202 2462 enim
1255 2415 1352 2464 hoc
1414 2415 1737 2466 mirandum.
1771 2414 1886 2468 Scis
1940 2417 2154 2484 quippe.
2214 2421 2355 2486 quod
2400 2422 2451 2473 in

927 2499 1128 2560 multis,
1163 2513 1282 2551 vera
1317 2501 1659 2553 conclusione
1718 2503 2026 2562 exsistente,
2081 2505 2238 2558 nimis
2293 2523 2452 2573 prave

928 2585 990 2635 τιεί
1023 2600 1134 2634 eam
1169 2600 1443 2637 sermones
1499 2588 1644 2647 tiant,
1668 2602 1773 2639 non
1827 2604 2039 2656 semper
2077 2606 2140 2643 ex
2189 2594 2451 2660 imperitia

926 2672 1213 2722 dicentiqu
1252 2673 1349 2723 hoc
1368 2674 1707 2740 contingente
1729 2717 1740 2736 ,
1773 2676 1864 2727 sed
1885 2678 2170 2744 aliquando
2206 2695 2270 2733 ex
2330 2684 2447 2750 ipsa

928 2759 1202 2823 propositae
1235 2759 1302 2810 rei
1341 2769 1549 2821 natura,
1579 2775 1681 2813 non
1701 2761 2004 2816 abundante
2027 2767 2335 2822 melioribus
2362 2779 2447 2822 at-

925 2864 1027 2910 que
1061 2847 1375 2900 fortioribus
1409 2852 1766 2904 sermonibus.
1804 2854 2102 2920 Aliquando
2133 2872 2260 2911 vero
2309 2861 2451 2912 arbi-

926 2948 1097 2990 trantc
1128 2940 1243 3006 ipso
1268 2943 1492 3004 dicente,
1527 2956 1620 3006 per
1677 2942 1980 3009 bnjusmodi
2029 2960 2306 3000 sermones
2356 2962 2450 3000 au-

923 3029 1189 3079 dientibus
1228 3030 1456 3080 maxime
1519 3032 1826 3095 persuaderi
1894 3047 2066 3098 posse.
2111 3036 2258 3101 Saepe
2311 3038 2449 3087 enim

923 3119 1182 3181 contingit
1209 3133 1266 3167 ca
1300 3135 1391 3183 per
1421 3134 1538 3183 qua:
1559 3120 1678 3170 aliis
1707 3123 2076 3185 persuadetur,
2134 3125 2270 3188 apud
2315 3124 2451 3177 alios

924 3207 1144 3257 ridicitla
1181 3209 1372 3271 putari.
1411 3207 1538 3257 Item
1575 3222 1744 3274 neque
1781 3222 1876 3274 per
1899 3224 2014 3275 qua:
2074 3212 2322 3278 cuiquam
2374 3221 2456 3266 est

924 3311 1236 3362 pr'tsuasum
1275 3296 1492 3362 aliquid,
1521 3311 1615 3362 per
1641 3298 1821 3350 eadem
1847 3313 2056 3364 semper
2089 3301 2214 3355 aliis
2229 3317 2451 3367 persua-

923 3386 1033 3436 deri
1066 3387 1251 3436 nititur
1282 3402 1294 3446 ;
1324 3387 1413 3436 sed
1440 3401 1542 3452 qua
1575 3387 1723 3453 sequi
1753 3401 1847 3439 eos
1873 3390 2120 3451 aestimat,
2167 3390 2266 3443 hac
2290 3393 2451 3444 etdu-

922 3485 1243 3528 e-retentat.
1279 3476 1350 3527 lta
1380 3475 1539 3541 igitur
1563 3486 1614 3529 et
1668 3475 1884 3529 Latinos
1955 3480 2061 3531 noli
2124 3490 2313 3546 putare
2365 3482 2449 3536 bis

927 3566 1242 3634 syllogismis
1270 3575 1318 3618 et
1346 3567 1675 3632 argumentis
1728 3568 2005 3628 credentes
2061 3579 2262 3634 tenere,
2305 3571 2445 3638 quod

926 3657 1138 3719 dicunt;
1163 3657 1258 3724 ipsi
1288 3655 1426 3709 enim
1464 3657 1564 3708 hoc
1594 3657 1817 3709 credunt
1846 3673 1908 3709 ex
1944 3659 2114 3712 tribus
2141 3660 2266 3720 illis,
2327 3661 2448 3727 qui-

926 3749 1021 3798 bus
1052 3746 1158 3797 dixi
1213 3756 1263 3798 et
1308 3760 1391 3798 me
1423 3746 1476 3798 id
1525 3746 1698 3812 ipsum
1752 3747 1969 3800 credere
2002 3762 2097 3799 :re
2128 3763 2253 3800 vero
2305 3750 2451 3803 exsi-

921 3846 1093 3889 stente
1122 3850 1283 3902 super
1310 3836 1591 3897 rationem,
1619 3845 1670 3889 et
1703 3836 1885 3889 multis
1916 3837 2220 3890 nolentibus
2248 3852 2310 3891 os
2367 3840 2447 3892 di-

922 3928 1024 3980 rtis
1059 3927 1228 3979 tribus
1258 3927 1504 3979 similiter
1541 3927 1638 3979 hoc
1666 3929 1904 3988 credere,
1943 3928 2034 3979 sed
2065 3927 2238 3993 potius
2285 3943 2446 3994 argu-

923 4020 1116 4070 mentis
1154 4027 1208 4070 et
1238 4017 1576 4084 syllogismis
1637 4016 1884 4068 humanis
1919 4028 1970 4069 et
2003 4017 2107 4068 Deo
2169 4019 2448 4085 condignis

922 4108 1223 4175 oppositum
1243 4107 1522 4159 ostendere
1547 4105 1867 4158 conantibus
1901 4124 1914 4157 :
1944 4107 2042 4171 ipsi
2078 4109 2351 4174 cupientes
2379 4107 2444 4160 ad

923 4198 1100 4248 sehos
1124 4203 1456 4254 convertere,
1495 4206 1612 4258 quae
1662 4192 1843 4259 utique
1861 4194 2096 4258 cogitant
2128 4209 2336 4261 semper
2382 4195 2446 4248 de

922 4285 1191 4351 proposito
1222 4281 1620 4335 accommodata
1653 4296 1790 4341 esse,
1825 4283 1887 4333 ad
1919 4282 2234 4337 refellendos
2262 4298 2442 4337 eorum

2562 570 2905 633 inﬁrmiores,
2937 570 3192 622 auxilium
3216 569 3478 636 quoddam
3508 577 3808 635 prtestetur,
3857 584 3923 623 ne
3973 584 4089 625 mo-

2559 670 2780 712 veantur
2804 675 2894 726 per
2924 659 3126 712 similes
3154 659 3510 726 syllogismos.
3533 656 3797 711 Caeterum
3830 658 3875 712 si
3899 674 4085 713 omnes

2557 751 2819 801 sentirent
2862 749 2934 800 ita
2990 748 3299 815 dispositos,
3330 753 3387 799 ut
3417 761 3514 814 ego
3542 753 3592 798 te
3623 762 3685 798 ex
3716 756 3803 799 tua
3858 747 4083 814 epistola

2559 837 2730 901 video,
2768 852 2873 890 non
2901 838 3080 905 utique
3137 837 3335 894 talibus
3394 846 3670 889 uterentur
3720 837 4082 891 sermonibus.

2557 928 2783 980 Attende
2809 937 2982 980 autem
3011 936 3063 979 et
3091 928 3189 980 sic.

2625 1017 2763 1069 Ecce
2788 1018 3018 1069 humana
3043 1025 3220 1069 mente
3271 1015 3580 1069 ratiocinari
3625 1016 3689 1068 de
3746 1015 3833 1068 illa
3886 1031 3962 1077 re,
4018 1018 4085 1069 de

2554 1119 2656 1171 qua
2685 1105 2760 1157 ait
2788 1115 3004 1158 sanctus
3028 1104 3331 1173 Dionysius,
3365 1104 3532 1171 magis
3553 1103 3810 1156 veriﬁcari
3841 1106 4081 1156 omnium

2553 1208 2670 1259 quae
2689 1193 2939 1254 dicimus,
2971 1206 3196 1258 quaeque
3214 1189 3578 1257 intelligimus,
3597 1188 3907 1253 negationes
3921 1202 4080 1253 quam

2553 1280 2925 1332 afﬁrmationes
2955 1319 2970 1342 ,
3013 1293 3293 1332 commune
3315 1279 3424 1346 jam
3461 1287 3614 1331 estet
3662 1275 3976 1330 Latinorum
4031 1285 4084 1330 et

2553 1367 2851 1433 oppositum
2877 1365 3273 1419 defendentium
3337 1363 3678 1417 Graecorum.
3734 1363 3891 1416 Fides
3957 1379 4083 1416 vero

2554 1471 2885 1523 nequaquam
2917 1457 3218 1508 communis
3240 1462 3360 1516 est;
3394 1453 3488 1506 sed
3537 1452 3710 1506 Latini
3740 1453 3954 1520 quidem
3987 1452 4083 1504 ha-

2555 1546 2679 1596 bent
2711 1545 2986 1610 assignare
3035 1558 3152 1611 qua:
3184 1543 3290 1596 dixi
3326 1543 3448 1605 tria,
3513 1542 3793 1594 maximam
3838 1541 4082 1594 habentia

2553 1634 2919 1685 auctoritatem
2947 1642 2999 1685 et
3030 1633 3336 1700 dignitatem
3372 1640 3426 1684 ct
3479 1631 3892 1697 magnitudinem
3917 1635 3981 1681 ad
4018 1629 4082 1682 ﬁ-

2551 1723 2666 1774 dem
2701 1723 2929 1789 :quihus
2961 1723 3140 1789 utique
3164 1722 3407 1789 religiose
3433 1721 3710 1774 credentes
3741 1721 3892 1772 aiunt
3916 1718 4087 1786 Spiri-

2555 1820 2661 1861 tum
2695 1819 2937 1863 sanctum
2958 1819 3009 1863 et
3027 1825 3088 1863 ex
3115 1810 3251 1862 Filio
3281 1810 3536 1877 proceder
3613 1809 3685 1861 llli
3710 1822 3836 1861 vero
3859 1809 3950 1875 qui
4005 1807 4084 1860 di—

2557 1909 2685 1951 cunt
2712 1913 2774 1952 ex
2807 1898 2962 1952 Patre
2990 1909 3195 1951 tantum
3227 1899 3513 1964 procedere
3540 1897 3798 1965 Spiritum
3830 1903 4082 1949 sanctum

2559 1991 2620 2041 ad
2653 1991 2786 2041 nihil
2825 1990 2924 2042 tale
2959 2005 3016 2044 se
3040 1988 3291 2042 reducere
3322 1991 3515 2042 valent.
3542 1989 3717 2052 Quare
3749 1988 4082 2056 syllogismis

2557 2063 2808 2129 omnibus
2830 2078 3267 2143 circumscriptis,
3303 2076 3508 2130 Latinis
3562 2077 3778 2144 quidem
3839 2084 4083 2129 remanet

2557 2165 2687 2218 ﬁdes
2719 2182 2732 2216 :
2760 2166 2842 2218 his
2877 2179 3001 2217 vero
3025 2174 3077 2217 et
3101 2166 3226 2217 ﬁdes
3254 2175 3305 2217 et
3328 2164 3583 2232 obligatio
3630 2166 3804 2217 ablata
3833 2174 3936 2218 est.
3981 2164 4083 2216 Ne-

2558 2268 2660 2320 que
2694 2263 2846 2320 putes
2873 2252 3090 2306 Latinos
3126 2256 3400 2308 credentes
3425 2254 3677 2320 Spiritum
3708 2269 3768 2304 ex
3809 2252 3944 2304 Filio
3962 2267 4086 2318 pro-

2558 2342 2765 2402 cedere,
2799 2342 3035 2407 ejusdem
3065 2340 3292 2408 Spiritus
3317 2342 3712 2407 processionem
3736 2341 3817 2392 vel
3852 2341 4081 2394 similem

2557 2438 2744 2493 putare
2767 2429 2881 2480 Filii
2924 2430 3285 2494 generationi,
3339 2429 3420 2480 vel
3472 2427 3801 2480 differentem
3838 2427 4081 2494 quidem,

2556 2515 2730 2581 aliqua
2757 2529 2882 2567 vero
2910 2515 3118 2581 penitus
3151 2523 3272 2566 nota
3305 2513 3632 2574 differentia,
3672 2512 3886 2566 diﬂ'erre
3915 2528 3943 2566 a
3993 2528 4084 2579 ge-

2554 2603 2831 2656 neratione
2870 2603 3009 2656 Filii.
3041 2602 3105 2654 Et
3139 2603 3190 2655 in
3225 2605 3327 2655 hoc
3349 2602 3490 2654 enim
3533 2602 3761 2670 idipsum
3795 2616 3916 2654 cum
3956 2616 4084 2654 san-

2554 2693 2654 2745 ctis
2688 2693 2884 2745 nostris
2925 2693 3176 2745 Patribus
3208 2701 3261 2744 et
3291 2691 3390 2758 ipsi
3415 2690 3638 2742 credunt
3666 2705 3681 2742 :
3729 2698 3784 2741 ttt
3811 2703 3919 2756 quo
3975 2688 4085 2742 dif-

2553 2780 2730 2833 ferant
2759 2780 2828 2832 ibi
2862 2780 3132 2848 generatio
3171 2789 3220 2832 et
3249 2777 3548 2844 processio,
3615 2791 3720 2829 non
3771 2776 4083 2830 omnimodo

2552 2879 2732 2922 notum
2771 2882 2890 2922 esse
2923 2868 3247 2920 hominibus.
3281 2866 3336 2919 Si
3369 2881 3497 2919 vero
3537 2866 3588 2917 in
3622 2865 4082 2931 disputationibus

2553 2957 2618 3009 ad
2645 2958 2878 3018 Graecos,
2912 2967 2970 3008 ut
3007 2965 3063 3009 tu
3089 2957 3166 3009 ais
3198 2959 3249 3008 in
3276 2958 3516 3023 epistola,
3547 2971 3652 3009 non
3702 2955 3955 3007 videntur
3977 2955 4082 3008 hoc

2479 3068 2522 3123 ο
2554 3058 2786 3104 servare,
2823 3044 2957 3095 scito
2980 3045 3082 3096 hoc
3104 3058 3198 3096 eos
3230 3044 3426 3105 facere,
3488 3046 3628 3098 sicut
3654 3053 3704 3097 et
3736 3045 3836 3111 ipsi
3891 3041 4082 3096 Patres

2554 3131 2711 3182 vestri
2743 3129 2982 3182 faciunt:
3009 3131 3101 3197 qui
3139 3129 3378 3185 dicentes
3436 3131 3617 3182 multis
3657 3131 3810 3190 locis,
3871 3129 4079 3181 nullum

2553 3232 2672 3271 esse
2693 3215 3015 3286 exemplum,
3052 3219 3132 3271 vel
3171 3219 3223 3270 in
3264 3218 3623 3280 sensibilibus,
3659 3218 3738 3271 vel
3764 3218 3819 3270 in
3878 3218 4080 3270 intelli-

2551 3308 2799 3375 gibilihus
2840 3322 3058 3360 summae
3091 3304 3368 3362 Trinitatis
3385 3317 3801 3367 sacramentum,
3835 3306 3902 3359 ad
3934 3306 4079 3357 mul-

2549 3408 2599 3449 ta
2632 3398 3068 3450 condescendunt
3095 3399 3358 3464 exempla.
3389 3397 3461 3450 Ita
3493 3408 3545 3451 et
3575 3399 3672 3450 hos
3728 3397 3958 3449 aliorum
3991 3395 4077 3447 in-

2548 3484 2832 3538 credulitas
2864 3493 2916 3538 et
2949 3485 3231 3538 inﬁrmitas
3256 3495 3464 3547 evocat,
3517 3487 3580 3538 ad
3634 3484 4074 3538 condescenden-

2547 3574 2670 3626 dum
2704 3574 2766 3626 ad
2799 3573 3002 3641 aliquas
3033 3583 3186 3634 notas
3225 3572 3626 3636 similitudines,
3667 3580 3886 3640 propter
3934 3586 4074 3638 quas

2546 3662 2792 3714 videntur
2815 3661 3120 3714 discernere
3143 3661 3536 3728 processionem
3595 3675 3625 3712 a
3682 3662 4025 3727 generatione
4055 3676 4071 3713 :

2549 3758 2602 3802 ut
2638 3765 2700 3802 ex
2722 3750 2803 3802 his
2825 3750 2890 3803 ad
2925 3751 3344 3811 conclusionem,
3377 3763 3536 3816 quam
3567 3748 3667 3801 ﬁde
3697 3757 3966 3816 oporteret
3999 3757 4077 3802 te-

2547 3839 2682 3900 neri,
2721 3839 3061 3904 perveniatnr
3097 3856 3109 3890 :
3149 3851 3254 3890 non
3285 3846 3538 3906 putantes
3562 3836 3874 3901 absurdum,
3903 3837 3948 3889 si
3977 3851 4074 3891 eos

2545 3928 2635 3992 qui
2668 3942 2758 3991 per
2797 3927 3110 3993 simpliciter
3137 3929 3378 3979 sanativa
3415 3926 3595 3978 curari
3616 3939 3721 3977 non
3757 3926 4072 3994 valent.per

2544 4015 2665 4067 aliis
2687 4015 2873 4068 nociva
2900 4017 3044 4083 ipsos
3096 4014 3163 4067 ad
3213 4014 3493 4068 sanitatem
3547 4014 3750 4081 possint
3791 4027 4068 4069 revocare.

2547 4104 2649 4156 Sed
2673 4105 2739 4157 de
2762 4106 2844 4157 his
2874 4106 3087 4172 quidem
3119 4105 3268 4157 satis.

2614 4195 2982 4248 Necessarium
3009 4205 3184 4248 autem
3245 4193 3478 4246 arbitror
3499 4193 3672 4244 adhuc
3731 4200 3782 4243 et
3812 4190 3938 4244 illud
3978 4190 4072 4243 tibi

2545 4285 2840 4343 ostendere,
2872 4286 3012 4350 quod
3043 4284 3167 4336 licet
3200 4284 3297 4334 tria
3331 4283 3436 4334 dixi
3457 4282 3705 4345 superius
3756 4295 3898 4342 esse,
3950 4295 4071 4347 quas

921 4378 1275 4444 syllogismos,
1307 4383 1358 4426 et
1386 4373 1512 4438 ipsis
1540 4371 1769 4424 fortasse
1827 4373 2256 4437 persuadendum
2312 4374 2447 4426 reci—
2479 4363 2519 4416 ί)
2548 4383 2833 4441 coegerunt
2865 4387 2948 4424 me
2964 4373 3182 4424 credere
3211 4379 3263 4424 et
3291 4385 3357 4424 ex
3389 4369 3522 4421 Filio
3545 4369 3801 4434 Spiritum
3827 4379 4074 4422 sanctum

923 4479 1066 4528 pere,
1086 4461 1224 4527 quod
1248 4461 1522 4527 quarritttr,
1551 4459 1660 4510 haec
1685 4468 1735 4510 et
1754 4460 1939 4510 dicunt
1972 4476 1984 4510 :
2021 4460 2260 4522 minime,
2282 4469 2338 4512 ut
2367 4461 2447 4510 di-

924 4552 993 4608 xi,
1025 4565 1115 4616 per
1147 4548 1326 4600 eadem
1374 4547 1470 4613 ipsi
1528 4547 1665 4599 idem
1726 4547 2044 4610 credentes,
2091 4549 2182 4599 sed
2226 4555 2445 4614 prepter

921 4640 1144 4690 aliorum
1179 4637 1616 4695 incredulitatem,
1649 4651 1711 4689 ac
1744 4649 1836 4702 per
1854 4636 2056 4689 similes
2106 4637 2445 4705 syllogismos

923 4728 1413 4787 contradictionem,
1449 4725 1748 4784 huiusmodi
1803 4733 2067 4792 coguntur
2117 4725 2191 4775 uti
2239 4737 2444 4775 sermo-

924 4814 1101 4874 nibus,
1129 4829 1221 4879 per
1257 4829 1391 4881 quos
1416 4822 1620 4864 nonest
1652 4812 1965 4866 incredibile
1988 4821 2042 4864 et
2087 4810 2270 4862 multis
2323 4825 2444 4878 per-

921 4903 1154 4955 suaderL

989 4992 1164 5045 Causa
1196 4997 1276 5042 est
1305 4989 1462 5053 igitur
1495 4989 1629 5052 ejus,
1683 4988 1820 5055 quod
1847 4991 1912 5040 ad
1947 4994 2160 5038 acutum
2184 4992 2235 5036 et
2300 4986 2445 5039 inve-

923 5084 1228 5152 stigativum
1262 5089 1361 5131 ture
1394 5077 1677 5129 Deiformis
1710 5079 1897 5129 animae
1941 5075 2233 5128 defectuosi
2266 5075 2450 5128 viden-

923 5189 1008 5229 tur
1031 5189 1215 5227 eorum
1273 5168 1586 5236 syllogismi,
1643 5166 1939 5218 sublimitas
1981 5164 2260 5231 propositae
2302 5179 2446 5230 quae-

921 5259 1483 5325 stionis,efliraciores
1503 5269 1607 5307 non
1653 5255 1953 5322 suscipiens
1993 5253 2352 5320 syllogismos:
2397 5267 2448 5306 et

922 5356 1059 5421 quod
1097 5368 1187 5405 eos
1216 5351 1422 5403 faciunt
1448 5346 1510 5398 ad
1547 5344 1818 5400 habitum.
1853 5345 1926 5394 uti
1964 5343 2288 5410 conjectant,
2340 5358 2445 5395 non

925 5444 1274 5500 credentium,
1312 5448 1363 5491 et
1388 5453 1478 5505 per
1505 5434 1708 5488 similes
1741 5431 2073 5501 syllogismos
2141 5434 2442 5500 oppositum

921 5533 1329 5589 defendentium
1363 5547 1377 5582 :
1404 5525 1693 5580 utetiamsi
1720 5537 1824 5575 non
1861 5522 1924 5593 ad
1955 5521 2167 5588 plenum
2199 5524 2276 5574 eis
2331 5537 2448 5589 per-

922 5624 1199 5680 siadetux
1225 5630 1453 5670 attamen
1489 5616 1716 5668 multum
1747 5596 2010 5665 conﬁdere
2045 5610 2157 5663 suis
2198 5610 2442 5677 syllogis-

2552 4463 2862 4531 procedere,
2894 4462 2994 4513 boc
3018 4469 3121 4523 est,
3155 4459 3351 4511 multos
3396 4470 3709 4524 magnorum
3762 4468 4074 4510 sanctorum

2554 4553 2656 4605 hoc
2678 4550 3008 4618 apertissime
3053 4549 3279 4606 tradere,
3307 4555 3531 4600 matrem
3569 4544 3924 4597 Ecclesiarum
3973 4545 4078 4599 hoc

2552 4653 2761 4706 semper
2788 4639 2986 4699 dicere,
3009 4651 3101 4704 per
3145 4635 3392 4702 generale
3419 4635 3579 4688 etiam
3632 4634 3917 4686 concilium
3974 4634 4077 4686 hoc

2552 4727 3068 4786 fuisseafﬁrmatum,
3118 4734 3296 4777 tamen
3358 4723 3629 4792 quodlibet
3675 4721 3889 4785 borum,
3961 4721 4078 4776 sine

2550 4819 2667 4871 aliis
2701 4832 2791 4885 per
2818 4832 2875 4870 se
2905 4816 3007 4868 vim
3040 4831 3144 4868 non
3188 4815 3408 4878 habens,
3442 4813 3641 4880 reliqua
3675 4813 3781 4864 duo
3832 4811 4076 4878 opposita

2554 4907 2685 4959 satis
2711 4921 2767 4959 se
2795 4907 2986 4958 habere
3050 4904 3352 4966 considero,
3407 4912 3464 4954 ut
3516 4902 3748 4967 idipsum
3802 4902 4075 4954 credatur.

2551 4993 2613 5045 Et
2638 5003 2689 5046 tu
2712 4993 2799 5059 qui
2823 4993 2996 5045 adhuc
3025 4991 3218 5044 videris
3245 4992 3508 5056 ignorare,
3546 5000 3725 5040 utrum
3764 4987 3830 5041 de
3856 4989 3954 5042 hoc
3999 4988 4080 5042 fa-

2553 5095 2695 5136 ctum
2721 5083 2910 5135 fuisset
2933 5081 3177 5148 generale
3207 5079 3511 5136 concilium,
3570 5078 3612 5129 si
3667 5077 3899 5130 volueris
3956 5087 4078 5130 tuas

2555 5177 2605 5224 in
2635 5171 2852 5240 epistola
2904 5171 3247 5238 cogitationes
3281 5169 3418 5219 inter
3439 5181 3494 5218 se
3536 5166 3866 5232 conjungens
3895 5167 4082 5218 adver-

2558 5267 2689 5316 tere.
2714 5257 2837 5324 quid
2871 5271 2931 5308 ex
2957 5255 3085 5321 ipsis
3151 5253 3457 5306 necessario
3508 5252 3785 5317 contingit,
3842 5253 4083 5305 invenies

2559 5347 2708 5398 valde
2733 5344 3115 5406 necessarium,
3146 5352 3199 5394 et
3234 5357 3297 5393 ex
3322 5341 3432 5393 sola
3484 5344 3801 5393 auctoritate
3864 5350 4082 5391 sancto-

2559 5449 2853 5501 rum,quos
2911 5433 3113 5496 dixisti,
3151 5431 3228 5483 vel
3258 5446 3319 5481 ex
3353 5428 3461 5483 sala
3525 5428 3773 5481 Ecclesia)
3828 5426 4081 5479 Romamn

2559 5531 2608 5573 te
2640 5522 2872 5585 credere,
2903 5521 3044 5588 quod
3081 5520 3244 5572 etiam
3287 5532 3347 5568 ex
3375 5513 3509 5568 Filio
3574 5515 3810 5583 Spiritus
3854 5523 4078 5570 sanctus

2555 5611 2812 5677 procedit.
2843 5610 3069 5664 Adverte
3100 5618 3271 5660 autem
3299 5605 3395 5659 sic.
