  <div class='ocr_page' id='page_1' title='image "/cluster/home/n/w/nwhite01/storage/ocr_20150623/151/nnc1.0022106707/662.png"; bbox 0 0 4450 6440; ppageno 0'>
   <div class='ocr_carea' id='block_1_1' title="bbox 432 384 570 448">
    <p class='ocr_par' dir='ltr' id='par_1_1' title="bbox 432 384 570 448">
     <span class='ocr_line' id='line_1_1' title="bbox 432 384 570 448; baseline -0.029 0"><span class='ocrx_word' id='word_1_1' title='bbox 432 384 570 448; x_wconf 84' lang='lat'><strong>1305</strong></span> 
     </span>
    </p>
   </div>
   <div class='ocr_carea' id='block_1_2' title="bbox 1753 391 2259 454">
    <p class='ocr_par' dir='ltr' id='par_1_2' title="bbox 1753 391 2259 454">
     <span class='ocr_line' id='line_1_2' title="bbox 1753 391 2259 454; baseline 0.004 -2"><span class='ocrx_word' id='word_1_2' title='bbox 1753 391 1907 452; x_wconf 82' lang='lat' dir='ltr'><strong>PRO</strong></span> <span class='ocrx_word' id='word_1_3' title='bbox 1936 392 2259 454; x_wconf 78' lang='lat' dir='ltr'><strong>LATINIS.</strong></span> 
     </span>
    </p>
   </div>
   <div class='ocr_carea' id='block_1_3' title="bbox 3479 393 3612 456">
    <p class='ocr_par' dir='ltr' id='par_1_3' title="bbox 3479 393 3612 456">
     <span class='ocr_line' id='line_1_3' title="bbox 3479 393 3612 456; baseline -0.008 0"><span class='ocrx_word' id='word_1_4' title='bbox 3479 393 3612 456; x_wconf 83' lang='lat'><strong>1306</strong></span> 
     </span>
    </p>
   </div>
   <div class='ocr_carea' id='block_1_4' title="bbox 491 495 3608 576">
    <p class='ocr_par' dir='ltr' id='par_1_4' title="bbox 491 495 3608 576">
     <span class='ocr_line' id='line_1_4' title="bbox 491 495 3608 576; baseline 0.001 -24"><span class='ocrx_word' id='word_1_5' title='bbox 491 495 676 548; x_wconf 77' lang='lat' dir='ltr'><strong>Dixisti</strong></span> <span class='ocrx_word' id='word_1_6' title='bbox 708 503 757 548; x_wconf 77' lang='lat' dir='ltr'><strong>te</strong></span> <span class='ocrx_word' id='word_1_7' title='bbox 783 509 920 550; x_wconf 74' lang='lat' dir='ltr'><strong>seire</strong></span> <span class='ocrx_word' id='word_1_8' title='bbox 951 495 1148 550; x_wconf 88' lang='lat' dir='ltr'><strong>multos</strong></span> <span class='ocrx_word' id='word_1_9' title='bbox 1183 512 1502 567; x_wconf 85' lang='lat' dir='ltr'><strong>magnorum</strong></span> <span class='ocrx_word' id='word_1_10' title='bbox 1522 510 1832 555; x_wconf 89' lang='lat' dir='ltr'><strong>sanctorum</strong></span> <span class='ocrx_word' id='word_1_11' title='bbox 1864 518 1962 556; x_wconf 74' lang='grc' dir='ltr'><strong>ει·</strong></span> <span class='ocrx_word' id='word_1_12' title='bbox 1993 510 2037 560; x_wconf 78' lang='grc' dir='ltr'><strong>Α</strong></span> <span class='ocrx_word' id='word_1_13' title='bbox 2069 507 2344 576; x_wconf 70' lang='lat' dir='ltr'><strong>Scriptura</strong></span> <span class='ocrx_word' id='word_1_14' title='bbox 2373 517 2554 576; x_wconf 89' lang='lat' dir='ltr'><strong>aperte</strong></span> <span class='ocrx_word' id='word_1_15' title='bbox 2586 507 2865 570; x_wconf 76' lang='lat' dir='ltr'><strong>dicuntur,</strong></span> <span class='ocrx_word' id='word_1_16' title='bbox 2898 506 2978 559; x_wconf 88' lang='lat' dir='ltr'><strong>vel</strong></span> <span class='ocrx_word' id='word_1_17' title='bbox 3013 506 3068 560; x_wconf 92' lang='lat' dir='ltr'><strong>in</strong></span> <span class='ocrx_word' id='word_1_18' title='bbox 3105 505 3452 575; x_wconf 86' lang='lat' dir='ltr'><strong>generalibus</strong></span> <span class='ocrx_word' id='word_1_19' title='bbox 3475 520 3608 558; x_wconf 88' lang='lat' dir='ltr'><strong>con-</strong></span> 
     </span>
    </p>
   </div>
   <div class='ocr_carea' id='block_1_5' title="bbox 419 583 1962 657">
    <p class='ocr_par' dir='ltr' id='par_1_5' title="bbox 419 583 1962 657">
     <span class='ocr_line' id='line_1_5' title="bbox 419 583 1962 657; baseline 0.005 -21"><span class='ocrx_word' id='word_1_20' title='bbox 419 586 666 651; x_wconf 84' lang='lat' dir='ltr'><strong>ponendo</strong></span> <span class='ocrx_word' id='word_1_21' title='bbox 686 583 917 636; x_wconf 78' lang='lat' dir='ltr'><strong>divinam</strong></span> <span class='ocrx_word' id='word_1_22' title='bbox 941 583 1269 652; x_wconf 82' lang='lat' dir='ltr'><strong>Scripturam</strong></span> <span class='ocrx_word' id='word_1_23' title='bbox 1329 589 1613 644; x_wconf 73' lang='lat' dir='ltr'><strong>tradidisse</strong></span> <span class='ocrx_word' id='word_1_24' title='bbox 1642 606 1735 657; x_wconf 88' lang='lat' dir='ltr'><strong>per</strong></span> <span class='ocrx_word' id='word_1_25' title='bbox 1771 593 1962 655; x_wconf 88' lang='lat' dir='ltr'><strong>multa,</strong></span> 
     </span>
    </p>
   </div>
   <div class='ocr_carea' id='block_1_6' title="bbox 421 673 1964 753">
    <p class='ocr_par' dir='ltr' id='par_1_6' title="bbox 421 673 1964 753">
     <span class='ocr_line' id='line_1_6' title="bbox 421 673 1964 753; baseline 0.006 -28"><span class='ocrx_word' id='word_1_26' title='bbox 421 673 737 739; x_wconf 74' lang='lat' dir='ltr'><strong>quodetiam</strong></span> <span class='ocrx_word' id='word_1_27' title='bbox 774 686 837 725; x_wconf 77' lang='lat' dir='ltr'><strong>ex</strong></span> <span class='ocrx_word' id='word_1_28' title='bbox 866 673 1019 753; x_wconf 78' lang='lat' dir='ltr'><strong>Filio.</strong></span> <span class='ocrx_word' id='word_1_29' title='bbox 1044 674 1174 726; x_wconf 86' lang='lat' dir='ltr'><strong>Item</strong></span> <span class='ocrx_word' id='word_1_30' title='bbox 1224 677 1429 739; x_wconf 77' lang='lat' dir='ltr'><strong>dixisti,</strong></span> <span class='ocrx_word' id='word_1_31' title='bbox 1462 679 1605 746; x_wconf 91' lang='lat' dir='ltr'><strong>quod</strong></span> <span class='ocrx_word' id='word_1_32' title='bbox 1663 680 1824 747; x_wconf 88' lang='lat' dir='ltr'><strong>hujus</strong></span> <span class='ocrx_word' id='word_1_33' title='bbox 1866 695 1964 748; x_wconf 89' lang='lat' dir='ltr'><strong>op-</strong></span> 
     </span>
    </p>
   </div>
   <div class='ocr_carea' id='block_1_7' title="bbox 423 761 1964 835">
    <p class='ocr_par' dir='ltr' id='par_1_7' title="bbox 423 761 1964 835">
     <span class='ocr_line' id='line_1_7' title="bbox 423 761 1964 835; baseline 0.006 -21"><span class='ocrx_word' id='word_1_34' title='bbox 423 761 678 829; x_wconf 88' lang='lat' dir='ltr'><strong>positum,</strong></span> <span class='ocrx_word' id='word_1_35' title='bbox 719 761 921 815; x_wconf 84' lang='lat' dir='ltr'><strong>scilicet</strong></span> <span class='ocrx_word' id='word_1_36' title='bbox 959 778 1022 816; x_wconf 80' lang='lat' dir='ltr'><strong>ex</strong></span> <span class='ocrx_word' id='word_1_37' title='bbox 1047 763 1162 817; x_wconf 89' lang='lat' dir='ltr'><strong>solo</strong></span> <span class='ocrx_word' id='word_1_38' title='bbox 1199 763 1375 829; x_wconf 87' lang='lat' dir='ltr'><strong>Patre,</strong></span> <span class='ocrx_word' id='word_1_39' title='bbox 1406 782 1579 834; x_wconf 86' lang='lat' dir='ltr'><strong>neque</strong></span> <span class='ocrx_word' id='word_1_40' title='bbox 1606 769 1816 822; x_wconf 88' lang='lat' dir='ltr'><strong>ratione</strong></span> <span class='ocrx_word' id='word_1_41' title='bbox 1866 783 1964 835; x_wconf 81' lang='lat' dir='ltr'><strong>po-</strong></span> 
     </span>
    </p>
   </div>
   <div class='ocr_carea' id='block_1_8' title="bbox 424 850 1966 924">
    <p class='ocr_par' dir='ltr' id='par_1_8' title="bbox 424 850 1966 924">
     <span class='ocr_line' id='line_1_8' title="bbox 424 850 1966 924; baseline 0.005 -21"><span class='ocrx_word' id='word_1_42' title='bbox 424 850 844 917; x_wconf 85' lang='lat' dir='ltr'><strong>tesiutelligere,</strong></span> <span class='ocrx_word' id='word_1_43' title='bbox 872 866 1046 918; x_wconf 88' lang='lat' dir='ltr'><strong>neque</strong></span> <span class='ocrx_word' id='word_1_44' title='bbox 1105 853 1170 905; x_wconf 94' lang='lat' dir='ltr'><strong>de</strong></span> <span class='ocrx_word' id='word_1_45' title='bbox 1195 869 1349 908; x_wconf 88' lang='lat' dir='ltr'><strong>sacra</strong></span> <span class='ocrx_word' id='word_1_46' title='bbox 1407 855 1687 924; x_wconf 85' lang='lat' dir='ltr'><strong>Scriptura</strong></span> <span class='ocrx_word' id='word_1_47' title='bbox 1740 859 1966 911; x_wconf 83' lang='lat' dir='ltr'><strong>conclu-</strong></span> 
     </span>
    </p>
   </div>
   <div class='ocr_carea' id='block_1_9' title="bbox 425 938 1966 1015">
    <p class='ocr_par' dir='ltr' id='par_1_9' title="bbox 425 938 1966 1015">
     <span class='ocr_line' id='line_1_9' title="bbox 425 938 1966 1015; baseline 0.007 -25"><span class='ocrx_word' id='word_1_48' title='bbox 425 938 549 992; x_wconf 89' lang='lat' dir='ltr'><strong>dere</strong></span> <span class='ocrx_word' id='word_1_49' title='bbox 582 949 671 992; x_wconf 89' lang='lat' dir='ltr'><strong>:et</strong></span> <span class='ocrx_word' id='word_1_50' title='bbox 697 940 839 1006; x_wconf 87' lang='lat' dir='ltr'><strong>quod</strong></span> <span class='ocrx_word' id='word_1_51' title='bbox 865 942 1042 995; x_wconf 87' lang='lat' dir='ltr'><strong>nescis</strong></span> <span class='ocrx_word' id='word_1_52' title='bbox 1073 943 1209 996; x_wconf 92' lang='lat' dir='ltr'><strong>ullos</strong></span> <span class='ocrx_word' id='word_1_53' title='bbox 1253 953 1475 1000; x_wconf 88' lang='lat' dir='ltr'><strong>sanctos</strong></span> <span class='ocrx_word' id='word_1_54' title='bbox 1507 948 1611 1000; x_wconf 87' lang='lat' dir='ltr'><strong>hoc</strong></span> <span class='ocrx_word' id='word_1_55' title='bbox 1630 957 1812 1015; x_wconf 88' lang='lat' dir='ltr'><strong>aperte</strong></span> <span class='ocrx_word' id='word_1_56' title='bbox 1856 955 1966 1001; x_wconf 89' lang='lat' dir='ltr'><strong>tra-</strong></span> 
     </span>
    </p>
   </div>
   <div class='ocr_carea' id='block_1_10' title="bbox 422 1028 1967 1101">
    <p class='ocr_par' dir='ltr' id='par_1_10' title="bbox 422 1028 1967 1101">
     <span class='ocr_line' id='line_1_10' title="bbox 422 1028 1967 1101; baseline 0.007 -21"><span class='ocrx_word' id='word_1_57' title='bbox 422 1029 640 1090; x_wconf 87' lang='lat' dir='ltr'><strong>didisse,</strong></span> <span class='ocrx_word' id='word_1_58' title='bbox 673 1030 752 1081; x_wconf 87' lang='lat' dir='ltr'><strong>vel</strong></span> <span class='ocrx_word' id='word_1_59' title='bbox 783 1032 1026 1096; x_wconf 74' lang='lat' dir='ltr'><strong>generale</strong></span> <span class='ocrx_word' id='word_1_60' title='bbox 1053 1034 1336 1087; x_wconf 86' lang='lat' dir='ltr'><strong>concilium</strong></span> <span class='ocrx_word' id='word_1_61' title='bbox 1366 1035 1467 1087; x_wconf 91' lang='lat' dir='ltr'><strong>hoc</strong></span> <span class='ocrx_word' id='word_1_62' title='bbox 1487 1028 1967 1101; x_wconf 82' lang='lat' dir='ltr'><strong>determinasse,ét</strong></span> 
     </span>
    </p>
   </div>
   <div class='ocr_carea' id='block_1_11' title="bbox 422 1119 1964 1190">
    <p class='ocr_par' dir='ltr' id='par_1_11' title="bbox 422 1119 1964 1190">
     <span class='ocr_line' id='line_1_11' title="bbox 422 1119 1964 1190; baseline 0.006 -18"><span class='ocrx_word' id='word_1_63' title='bbox 422 1119 564 1190; x_wconf 89' lang='lat' dir='ltr'><strong>quod</strong></span> <span class='ocrx_word' id='word_1_64' title='bbox 596 1119 702 1172; x_wconf 89' lang='lat' dir='ltr'><strong>scis</strong></span> <span class='ocrx_word' id='word_1_65' title='bbox 737 1128 960 1173; x_wconf 88' lang='lat' dir='ltr'><strong>matrem</strong></span> <span class='ocrx_word' id='word_1_66' title='bbox 988 1121 1351 1176; x_wconf 88' lang='lat' dir='ltr'><strong>Ecclesiarum</strong></span> <span class='ocrx_word' id='word_1_67' title='bbox 1384 1126 1602 1178; x_wconf 90' lang='lat' dir='ltr'><strong>minime</strong></span> <span class='ocrx_word' id='word_1_68' title='bbox 1634 1127 1737 1180; x_wconf 89' lang='lat' dir='ltr'><strong>hoc</strong></span> <span class='ocrx_word' id='word_1_69' title='bbox 1760 1126 1964 1181; x_wconf 83' lang='lat' dir='ltr'><strong>dicere.</strong></span> 
     </span>
    </p>
   </div>
   <div class='ocr_carea' id='block_1_12' title="bbox 492 1213 1965 1286">
    <p class='ocr_par' dir='ltr' id='par_1_12' title="bbox 492 1213 1965 1286">
     <span class='ocr_line' id='line_1_12' title="bbox 492 1213 1965 1286; baseline 0.005 -23"><span class='ocrx_word' id='word_1_70' title='bbox 492 1215 556 1263; x_wconf 81' lang='lat' dir='ltr'><strong>At</strong></span> <span class='ocrx_word' id='word_1_71' title='bbox 585 1226 712 1265; x_wconf 90' lang='lat' dir='ltr'><strong>vero</strong></span> <span class='ocrx_word' id='word_1_72' title='bbox 747 1213 790 1265; x_wconf 91' lang='lat' dir='ltr'><strong>si</strong></span> <span class='ocrx_word' id='word_1_73' title='bbox 826 1213 954 1280; x_wconf 87' lang='lat' dir='ltr'><strong>quid</strong></span> <span class='ocrx_word' id='word_1_74' title='bbox 989 1214 1053 1267; x_wconf 91' lang='lat' dir='ltr'><strong>de</strong></span> <span class='ocrx_word' id='word_1_75' title='bbox 1081 1214 1187 1267; x_wconf 92' lang='lat' dir='ltr'><strong>Deo</strong></span> <span class='ocrx_word' id='word_1_76' title='bbox 1245 1217 1397 1268; x_wconf 90' lang='lat' dir='ltr'><strong>multi</strong></span> <span class='ocrx_word' id='word_1_77' title='bbox 1433 1225 1485 1269; x_wconf 87' lang='lat' dir='ltr'><strong>et</strong></span> <span class='ocrx_word' id='word_1_78' title='bbox 1528 1219 1704 1286; x_wconf 91' lang='lat' dir='ltr'><strong>magni</strong></span> <span class='ocrx_word' id='word_1_79' title='bbox 1769 1219 1965 1285; x_wconf 87' lang='lat' dir='ltr'><strong>sancti,</strong></span> 
     </span>
    </p>
   </div>
   <div class='ocr_carea' id='block_1_13' title="bbox 421 1302 1967 1376">
    <p class='ocr_par' dir='ltr' id='par_1_13' title="bbox 421 1302 1967 1376">
     <span class='ocr_line' id='line_1_13' title="bbox 421 1302 1967 1376; baseline 0.005 -20"><span class='ocrx_word' id='word_1_80' title='bbox 421 1302 736 1369; x_wconf 81' lang='lat' dir='ltr'><strong>exponendo</strong></span> <span class='ocrx_word' id='word_1_81' title='bbox 771 1302 1002 1355; x_wconf 78' lang='lat' dir='ltr'><strong>divinam</strong></span> <span class='ocrx_word' id='word_1_82' title='bbox 1029 1303 1360 1371; x_wconf 87' lang='lat' dir='ltr'><strong>Scripturam</strong></span> <span class='ocrx_word' id='word_1_83' title='bbox 1390 1306 1602 1369; x_wconf 89' lang='lat' dir='ltr'><strong>dicunt,</strong></span> <span class='ocrx_word' id='word_1_84' title='bbox 1664 1309 1821 1376; x_wconf 86' lang='lat' dir='ltr'><strong>cujus</strong></span> <span class='ocrx_word' id='word_1_85' title='bbox 1867 1325 1967 1376; x_wconf 85' lang='lat' dir='ltr'><strong>op-</strong></span> 
     </span>
    </p>
   </div>
   <div class='ocr_carea' id='block_1_14' title="bbox 425 1393 1971 1467">
    <p class='ocr_par' dir='ltr' id='par_1_14' title="bbox 425 1393 1971 1467">
     <span class='ocr_line' id='line_1_14' title="bbox 425 1393 1971 1467; baseline 0.004 -21"><span class='ocrx_word' id='word_1_86' title='bbox 425 1396 654 1462; x_wconf 88' lang='lat' dir='ltr'><strong>positum</strong></span> <span class='ocrx_word' id='word_1_87' title='bbox 712 1409 779 1447; x_wconf 78' lang='lat' dir='ltr'><strong>ex</strong></span> <span class='ocrx_word' id='word_1_88' title='bbox 830 1394 944 1461; x_wconf 89' lang='lat' dir='ltr'><strong>ipsa</strong></span> <span class='ocrx_word' id='word_1_89' title='bbox 994 1393 1271 1464; x_wconf 88' lang='lat' dir='ltr'><strong>Scriptura</strong></span> <span class='ocrx_word' id='word_1_90' title='bbox 1317 1396 1640 1459; x_wconf 86' lang='lat' dir='ltr'><strong>ostenditur,</strong></span> <span class='ocrx_word' id='word_1_91' title='bbox 1669 1413 1844 1467; x_wconf 89' lang='lat' dir='ltr'><strong>neque</strong></span> <span class='ocrx_word' id='word_1_92' title='bbox 1877 1415 1971 1467; x_wconf 91' lang='lat' dir='ltr'><strong>per</strong></span> 
     </span>
    </p>
   </div>
   <div class='ocr_carea' id='block_1_15' title="bbox 425 1485 1972 1558">
    <p class='ocr_par' dir='ltr' id='par_1_15' title="bbox 425 1485 1972 1558">
     <span class='ocr_line' id='line_1_15' title="bbox 425 1485 1972 1558; baseline 0.005 -21"><span class='ocrx_word' id='word_1_93' title='bbox 425 1485 686 1537; x_wconf 87' lang='lat' dir='ltr'><strong>rationem</strong></span> <span class='ocrx_word' id='word_1_94' title='bbox 749 1485 1170 1546; x_wconf 85' lang='lat' dir='ltr'><strong>demonstratur,</strong></span> <span class='ocrx_word' id='word_1_95' title='bbox 1199 1502 1368 1554; x_wconf 88' lang='lat' dir='ltr'><strong>neque</strong></span> <span class='ocrx_word' id='word_1_96' title='bbox 1428 1502 1521 1554; x_wconf 83' lang='lat' dir='ltr'><strong>per</strong></span> <span class='ocrx_word' id='word_1_97' title='bbox 1553 1498 1770 1542; x_wconf 86' lang='lat' dir='ltr'><strong>sanctos</strong></span> <span class='ocrx_word' id='word_1_98' title='bbox 1790 1500 1972 1558; x_wconf 88' lang='lat' dir='ltr'><strong>aperte</strong></span> 
     </span>
    </p>
   </div>
   <div class='ocr_carea' id='block_1_16' title="bbox 429 1573 1973 1642">
    <p class='ocr_par' dir='ltr' id='par_1_16' title="bbox 429 1573 1973 1642">
     <span class='ocr_line' id='line_1_16' title="bbox 429 1573 1973 1642; baseline 0.004 -16"><span class='ocrx_word' id='word_1_99' title='bbox 429 1573 690 1636; x_wconf 79' lang='lat' dir='ltr'><strong>truditur,</strong></span> <span class='ocrx_word' id='word_1_100' title='bbox 737 1586 911 1642; x_wconf 89' lang='lat' dir='ltr'><strong>neque</strong></span> <span class='ocrx_word' id='word_1_101' title='bbox 961 1587 1054 1640; x_wconf 87' lang='lat' dir='ltr'><strong>per</strong></span> <span class='ocrx_word' id='word_1_102' title='bbox 1105 1575 1352 1642; x_wconf 79' lang='lat' dir='ltr'><strong>generale</strong></span> <span class='ocrx_word' id='word_1_103' title='bbox 1420 1577 1707 1629; x_wconf 86' lang='lat' dir='ltr'><strong>concilium</strong></span> <span class='ocrx_word' id='word_1_104' title='bbox 1793 1579 1973 1632; x_wconf 83' lang='lat' dir='ltr'><strong>deter-</strong></span> 
     </span>
    </p>
   </div>
   <div class='ocr_carea' id='block_1_17' title="bbox 424 1663 1971 1732">
    <p class='ocr_par' dir='ltr' id='par_1_17' title="bbox 424 1663 1971 1732">
     <span class='ocr_line' id='line_1_17' title="bbox 424 1663 1971 1732; baseline 0.004 -16"><span class='ocrx_word' id='word_1_105' title='bbox 424 1664 698 1727; x_wconf 88' lang='lat' dir='ltr'><strong>minatur,</strong></span> <span class='ocrx_word' id='word_1_106' title='bbox 733 1678 906 1732; x_wconf 87' lang='lat' dir='ltr'><strong>neque</strong></span> <span class='ocrx_word' id='word_1_107' title='bbox 977 1678 1070 1732; x_wconf 87' lang='lat' dir='ltr'><strong>per</strong></span> <span class='ocrx_word' id='word_1_108' title='bbox 1141 1673 1367 1718; x_wconf 87' lang='lat' dir='ltr'><strong>matrem</strong></span> <span class='ocrx_word' id='word_1_109' title='bbox 1440 1663 1804 1720; x_wconf 88' lang='lat' dir='ltr'><strong>Ecclesiarum</strong></span> <span class='ocrx_word' id='word_1_110' title='bbox 1873 1668 1971 1722; x_wconf 86' lang='lat' dir='ltr'><strong>do-</strong></span> 
     </span>
    </p>
   </div>
   <div class='ocr_carea' id='block_1_18' title="bbox 424 1751 1973 1812">
    <p class='ocr_par' dir='ltr' id='par_1_18' title="bbox 424 1751 1973 1812">
     <span class='ocr_line' id='line_1_18' title="bbox 424 1751 1973 1812; baseline 0.005 -8"><span class='ocrx_word' id='word_1_111' title='bbox 424 1761 574 1805; x_wconf 77' lang='lat' dir='ltr'><strong>retur</strong></span> <span class='ocrx_word' id='word_1_112' title='bbox 608 1769 620 1804; x_wconf 94' lang='lat'><strong>:</strong></span> <span class='ocrx_word' id='word_1_113' title='bbox 659 1752 759 1804; x_wconf 86' lang='lat' dir='ltr'><strong>hoc</strong></span> <span class='ocrx_word' id='word_1_114' title='bbox 816 1751 960 1804; x_wconf 82' lang='lat' dir='ltr'><strong>credi</strong></span> <span class='ocrx_word' id='word_1_115' title='bbox 1011 1752 1173 1807; x_wconf 89' lang='lat' dir='ltr'><strong>nimis</strong></span> <span class='ocrx_word' id='word_1_116' title='bbox 1208 1755 1574 1808; x_wconf 85' lang='lat' dir='ltr'><strong>necessarium</strong></span> <span class='ocrx_word' id='word_1_117' title='bbox 1627 1766 1730 1810; x_wconf 91' lang='lat' dir='ltr'><strong>est.</strong></span> <span class='ocrx_word' id='word_1_118' title='bbox 1755 1757 1811 1810; x_wconf 90' lang='lat' dir='ltr'><strong>Si</strong></span> <span class='ocrx_word' id='word_1_119' title='bbox 1846 1774 1973 1812; x_wconf 88' lang='lat' dir='ltr'><strong>vero</strong></span> 
     </span>
    </p>
   </div>
   <div class='ocr_carea' id='block_1_19' title="bbox 427 1842 1961 1911">
    <p class='ocr_par' dir='ltr' id='par_1_19' title="bbox 427 1842 1961 1911">
     <span class='ocr_line' id='line_1_19' title="bbox 427 1842 1961 1911; baseline 0.006 -17"><span class='ocrx_word' id='word_1_120' title='bbox 427 1842 524 1895; x_wconf 83' lang='lat' dir='ltr'><strong>hoc</strong></span> <span class='ocrx_word' id='word_1_121' title='bbox 583 1842 811 1911; x_wconf 82' lang='lat' dir='ltr'><strong>ambigis</strong></span> <span class='ocrx_word' id='word_1_122' title='bbox 842 1852 894 1895; x_wconf 92' lang='lat' dir='ltr'><strong>et</strong></span> <span class='ocrx_word' id='word_1_123' title='bbox 933 1842 1169 1905; x_wconf 84' lang='lat' dir='ltr'><strong>dubitas,</strong></span> <span class='ocrx_word' id='word_1_124' title='bbox 1201 1852 1378 1896; x_wconf 92' lang='lat' dir='ltr'><strong>utrum</strong></span> <span class='ocrx_word' id='word_1_125' title='bbox 1425 1844 1496 1898; x_wconf 89' lang='lat' dir='ltr'><strong>sit</strong></span> <span class='ocrx_word' id='word_1_126' title='bbox 1545 1847 1913 1901; x_wconf 87' lang='lat' dir='ltr'><strong>necessarium</strong></span> <span class='ocrx_word' id='word_1_127' title='bbox 1946 1864 1961 1904; x_wconf 87' lang='lat'><strong>:</strong></span> 
     </span>
    </p>
   </div>
   <div class='ocr_carea' id='block_1_20' title="bbox 425 1930 1966 2004">
    <p class='ocr_par' dir='ltr' id='par_1_20' title="bbox 425 1930 1966 2004">
     <span class='ocr_line' id='line_1_20' title="bbox 425 1930 1966 2004; baseline 0.004 -20"><span class='ocrx_word' id='word_1_128' title='bbox 425 1931 514 1984; x_wconf 81' lang='lat' dir='ltr'><strong>sed</strong></span> <span class='ocrx_word' id='word_1_129' title='bbox 567 1931 694 1984; x_wconf 92' lang='lat' dir='ltr'><strong>illud</strong></span> <span class='ocrx_word' id='word_1_130' title='bbox 742 1930 964 1984; x_wconf 90' lang='lat' dir='ltr'><strong>minime</strong></span> <span class='ocrx_word' id='word_1_131' title='bbox 1014 1930 1310 1994; x_wconf 87' lang='lat' dir='ltr'><strong>dubitabis,</strong></span> <span class='ocrx_word' id='word_1_132' title='bbox 1348 1933 1465 1986; x_wconf 88' lang='lat' dir='ltr'><strong>sine</strong></span> <span class='ocrx_word' id='word_1_133' title='bbox 1519 1935 1760 2001; x_wconf 91' lang='lat' dir='ltr'><strong>periculo</strong></span> <span class='ocrx_word' id='word_1_134' title='bbox 1814 1937 1966 2004; x_wconf 84' lang='lat' dir='ltr'><strong>peni-</strong></span> 
     </span>
    </p>
   </div>
   <div class='ocr_carea' id='block_1_21' title="bbox 427 2019 1966 2091">
    <p class='ocr_par' dir='ltr' id='par_1_21' title="bbox 427 2019 1966 2091">
     <span class='ocr_line' id='line_1_21' title="bbox 427 2019 1966 2091; baseline 0.006 -21"><span class='ocrx_word' id='word_1_135' title='bbox 427 2026 511 2071; x_wconf 87' lang='lat' dir='ltr'><strong>tus</strong></span> <span class='ocrx_word' id='word_1_136' title='bbox 559 2020 700 2086; x_wconf 88' lang='lat' dir='ltr'><strong>quod</strong></span> <span class='ocrx_word' id='word_1_137' title='bbox 749 2019 855 2072; x_wconf 89' lang='lat' dir='ltr'><strong>tale</strong></span> <span class='ocrx_word' id='word_1_138' title='bbox 894 2028 1007 2084; x_wconf 83' lang='lat' dir='ltr'><strong>est,</strong></span> <span class='ocrx_word' id='word_1_139' title='bbox 1037 2033 1196 2086; x_wconf 85' lang='lat' dir='ltr'><strong>posse</strong></span> <span class='ocrx_word' id='word_1_140' title='bbox 1251 2021 1415 2082; x_wconf 91' lang='lat' dir='ltr'><strong>credi,</strong></span> <span class='ocrx_word' id='word_1_141' title='bbox 1473 2023 1520 2076; x_wconf 88' lang='lat' dir='ltr'><strong>si</strong></span> <span class='ocrx_word' id='word_1_142' title='bbox 1584 2024 1800 2091; x_wconf 88' lang='lat' dir='ltr'><strong>quidem</strong></span> <span class='ocrx_word' id='word_1_143' title='bbox 1857 2041 1966 2080; x_wconf 88' lang='lat' dir='ltr'><strong>non</strong></span> 
     </span>
    </p>
   </div>
   <div class='ocr_carea' id='block_1_22' title="bbox 425 2108 1969 2179">
    <p class='ocr_par' dir='ltr' id='par_1_22' title="bbox 425 2108 1969 2179">
     <span class='ocr_line' id='line_1_22' title="bbox 425 2108 1969 2179; baseline 0.007 -19"><span class='ocrx_word' id='word_1_144' title='bbox 425 2108 640 2161; x_wconf 79' lang='lat' dir='ltr'><strong>dubitas</strong></span> <span class='ocrx_word' id='word_1_145' title='bbox 667 2108 720 2161; x_wconf 88' lang='lat' dir='ltr'><strong>in</strong></span> <span class='ocrx_word' id='word_1_146' title='bbox 751 2109 954 2163; x_wconf 77' lang='lat' dir='ltr'><strong>sanctis</strong></span> <span class='ocrx_word' id='word_1_147' title='bbox 983 2123 1103 2163; x_wconf 87' lang='lat' dir='ltr'><strong>esse</strong></span> <span class='ocrx_word' id='word_1_148' title='bbox 1130 2124 1223 2164; x_wconf 90' lang='lat' dir='ltr'><strong>eos</strong></span> <span class='ocrx_word' id='word_1_149' title='bbox 1251 2111 1342 2178; x_wconf 90' lang='lat' dir='ltr'><strong>qui</strong></span> <span class='ocrx_word' id='word_1_150' title='bbox 1364 2112 1464 2165; x_wconf 91' lang='lat' dir='ltr'><strong>hoc</strong></span> <span class='ocrx_word' id='word_1_151' title='bbox 1487 2114 1854 2179; x_wconf 86' lang='lat' dir='ltr'><strong>crediderunt,</strong></span> <span class='ocrx_word' id='word_1_152' title='bbox 1872 2117 1969 2170; x_wconf 86' lang='lat' dir='ltr'><strong>do-</strong></span> 
     </span>
    </p>
   </div>
   <div class='ocr_carea' id='block_1_23' title="bbox 426 2200 1968 2271">
    <p class='ocr_par' dir='ltr' id='par_1_23' title="bbox 426 2200 1968 2271">
     <span class='ocr_line' id='line_1_23' title="bbox 426 2200 1968 2271; baseline 0.006 -20"><span class='ocrx_word' id='word_1_153' title='bbox 426 2208 669 2263; x_wconf 86' lang='lat' dir='ltr'><strong>cuerunt,</strong></span> <span class='ocrx_word' id='word_1_154' title='bbox 698 2209 748 2252; x_wconf 88' lang='lat' dir='ltr'><strong>et</strong></span> <span class='ocrx_word' id='word_1_155' title='bbox 783 2200 1045 2268; x_wconf 87' lang='lat' dir='ltr'><strong>scriptura</strong></span> <span class='ocrx_word' id='word_1_156' title='bbox 1084 2202 1435 2254; x_wconf 89' lang='lat' dir='ltr'><strong>tradiderunt.</strong></span> <span class='ocrx_word' id='word_1_157' title='bbox 1494 2203 1632 2271; x_wconf 85' lang='lat' dir='ltr'><strong>Ergo</strong></span> <span class='ocrx_word' id='word_1_158' title='bbox 1689 2221 1810 2259; x_wconf 86' lang='lat' dir='ltr'><strong>cum</strong></span> <span class='ocrx_word' id='word_1_159' title='bbox 1865 2207 1968 2260; x_wconf 92' lang='lat' dir='ltr'><strong>boc</strong></span> 
     </span>
    </p>
   </div>
   <div class='ocr_carea' id='block_1_24' title="bbox 428 2289 1964 2361">
    <p class='ocr_par' dir='ltr' id='par_1_24' title="bbox 428 2289 1964 2361">
     <span class='ocr_line' id='line_1_24' title="bbox 428 2289 1964 2361; baseline 0.003 -19"><span class='ocrx_word' id='word_1_160' title='bbox 428 2289 497 2342; x_wconf 86' lang='lat' dir='ltr'><strong>sit</strong></span> <span class='ocrx_word' id='word_1_161' title='bbox 520 2291 635 2342; x_wconf 90' lang='lat' dir='ltr'><strong>sine</strong></span> <span class='ocrx_word' id='word_1_162' title='bbox 665 2291 928 2358; x_wconf 86' lang='lat' dir='ltr'><strong>periculo,</strong></span> <span class='ocrx_word' id='word_1_163' title='bbox 960 2291 1082 2344; x_wconf 83' lang='lat' dir='ltr'><strong>vide</strong></span> <span class='ocrx_word' id='word_1_164' title='bbox 1107 2292 1264 2357; x_wconf 83' lang='lat' dir='ltr'><strong>quale</strong></span> <span class='ocrx_word' id='word_1_165' title='bbox 1298 2292 1369 2344; x_wconf 86' lang='lat' dir='ltr'><strong>sit</strong></span> <span class='ocrx_word' id='word_1_166' title='bbox 1425 2293 1628 2356; x_wconf 87' lang='lat' dir='ltr'><strong>dicere,</strong></span> <span class='ocrx_word' id='word_1_167' title='bbox 1695 2296 1840 2361; x_wconf 87' lang='lat' dir='ltr'><strong>quod</strong></span> <span class='ocrx_word' id='word_1_168' title='bbox 1901 2306 1964 2348; x_wconf 76' lang='lat' dir='ltr'><strong>ex</strong></span> 
     </span>
    </p>
   </div>
   <div class='ocr_carea' id='block_1_25' title="bbox 428 2379 1967 2449">
    <p class='ocr_par' dir='ltr' id='par_1_25' title="bbox 428 2379 1967 2449">
     <span class='ocr_line' id='line_1_25' title="bbox 428 2379 1967 2449; baseline 0.005 -19"><span class='ocrx_word' id='word_1_169' title='bbox 428 2379 543 2431; x_wconf 90' lang='lat' dir='ltr'><strong>solo</strong></span> <span class='ocrx_word' id='word_1_170' title='bbox 573 2379 728 2431; x_wconf 92' lang='lat' dir='ltr'><strong>Patre</strong></span> <span class='ocrx_word' id='word_1_171' title='bbox 775 2380 1033 2446; x_wconf 89' lang='lat' dir='ltr'><strong>procedit.</strong></span> <span class='ocrx_word' id='word_1_172' title='bbox 1065 2379 1155 2432; x_wconf 82' lang='lat' dir='ltr'><strong>Ais</strong></span> <span class='ocrx_word' id='word_1_173' title='bbox 1214 2381 1381 2444; x_wconf 89' lang='lat' dir='ltr'><strong>enim,</strong></span> <span class='ocrx_word' id='word_1_174' title='bbox 1441 2382 1580 2448; x_wconf 92' lang='lat' dir='ltr'><strong>quod</strong></span> <span class='ocrx_word' id='word_1_175' title='bbox 1645 2383 1746 2436; x_wconf 90' lang='lat' dir='ltr'><strong>hoc</strong></span> <span class='ocrx_word' id='word_1_176' title='bbox 1796 2397 1967 2449; x_wconf 87' lang='lat' dir='ltr'><strong>neque</strong></span> 
     </span>
    </p>
   </div>
   <div class='ocr_carea' id='block_1_26' title="bbox 429 2470 1966 2540">
    <p class='ocr_par' dir='ltr' id='par_1_26' title="bbox 429 2470 1966 2540">
     <span class='ocr_line' id='line_1_26' title="bbox 429 2470 1966 2540; baseline 0.005 -18"><span class='ocrx_word' id='word_1_177' title='bbox 429 2470 743 2530; x_wconf 87' lang='lat' dir='ltr'><strong>auctoritas,</strong></span> <span class='ocrx_word' id='word_1_178' title='bbox 771 2485 944 2537; x_wconf 87' lang='lat' dir='ltr'><strong>neque</strong></span> <span class='ocrx_word' id='word_1_179' title='bbox 972 2470 1356 2524; x_wconf 90' lang='lat' dir='ltr'><strong>demonstratio</strong></span> <span class='ocrx_word' id='word_1_180' title='bbox 1409 2473 1681 2540; x_wconf 85' lang='lat' dir='ltr'><strong>compellit</strong></span> <span class='ocrx_word' id='word_1_181' title='bbox 1712 2484 1762 2527; x_wconf 89' lang='lat' dir='ltr'><strong>te</strong></span> <span class='ocrx_word' id='word_1_182' title='bbox 1831 2476 1966 2528; x_wconf 87' lang='lat' dir='ltr'><strong>reci-</strong></span> 
     </span>
    </p>
   </div>
   <div class='ocr_carea' id='block_1_27' title="bbox 429 2558 1967 2624">
    <p class='ocr_par' dir='ltr' id='par_1_27' title="bbox 429 2558 1967 2624">
     <span class='ocr_line' id='line_1_27' title="bbox 429 2558 1967 2624; baseline 0.005 -16"><span class='ocrx_word' id='word_1_183' title='bbox 429 2572 582 2624; x_wconf 87' lang='lat' dir='ltr'><strong>pere,</strong></span> <span class='ocrx_word' id='word_1_184' title='bbox 609 2567 662 2609; x_wconf 91' lang='lat' dir='ltr'><strong>et</strong></span> <span class='ocrx_word' id='word_1_185' title='bbox 690 2558 840 2610; x_wconf 89' lang='lat' dir='ltr'><strong>multi</strong></span> <span class='ocrx_word' id='word_1_186' title='bbox 879 2572 1194 2622; x_wconf 86' lang='lat' dir='ltr'><strong>magnorum</strong></span> <span class='ocrx_word' id='word_1_187' title='bbox 1239 2569 1554 2621; x_wconf 78' lang='lat' dir='ltr'><strong>sanctorum</strong></span> <span class='ocrx_word' id='word_1_188' title='bbox 1611 2575 1734 2613; x_wconf 92' lang='lat' dir='ltr'><strong>cum</strong></span> <span class='ocrx_word' id='word_1_189' title='bbox 1793 2570 1967 2616; x_wconf 81' lang='lat' dir='ltr'><strong>matre</strong></span> 
     </span>
    </p>
   </div>
   <div class='ocr_carea' id='block_1_28' title="bbox 428 2646 1967 2720">
    <p class='ocr_par' dir='ltr' id='par_1_28' title="bbox 428 2646 1967 2720">
     <span class='ocr_line' id='line_1_28' title="bbox 428 2646 1967 2720; baseline 0.005 -22"><span class='ocrx_word' id='word_1_190' title='bbox 428 2646 786 2699; x_wconf 75' lang='lat' dir='ltr'><strong>Ecclesiarum</strong></span> <span class='ocrx_word' id='word_1_191' title='bbox 830 2655 1014 2712; x_wconf 89' lang='lat' dir='ltr'><strong>aperte</strong></span> <span class='ocrx_word' id='word_1_192' title='bbox 1072 2648 1377 2714; x_wconf 82' lang='lat' dir='ltr'><strong>Oppositum</strong></span> <span class='ocrx_word' id='word_1_193' title='bbox 1439 2650 1652 2704; x_wconf 88' lang='lat' dir='ltr'><strong>docent.</strong></span> <span class='ocrx_word' id='word_1_194' title='bbox 1712 2650 1850 2720; x_wconf 88' lang='lat' dir='ltr'><strong>Ergo</strong></span> <span class='ocrx_word' id='word_1_195' title='bbox 1903 2667 1967 2705; x_wconf 81' lang='lat' dir='ltr'><strong>ex</strong></span> 
     </span>
    </p>
   </div>
   <div class='ocr_carea' id='block_1_29' title="bbox 429 2734 1964 2808">
    <p class='ocr_par' dir='ltr' id='par_1_29' title="bbox 429 2734 1964 2808">
     <span class='ocr_line' id='line_1_29' title="bbox 429 2734 1964 2808; baseline 0.008 -24"><span class='ocrx_word' id='word_1_196' title='bbox 429 2734 656 2787; x_wconf 88' lang='lat' dir='ltr'><strong>volendo</strong></span> <span class='ocrx_word' id='word_1_197' title='bbox 688 2737 784 2787; x_wconf 91' lang='lat' dir='ltr'><strong>hoc</strong></span> <span class='ocrx_word' id='word_1_198' title='bbox 815 2744 1017 2798; x_wconf 90' lang='lat' dir='ltr'><strong>tenere,</strong></span> <span class='ocrx_word' id='word_1_199' title='bbox 1051 2739 1289 2804; x_wconf 87' lang='lat' dir='ltr'><strong>suspicio</strong></span> <span class='ocrx_word' id='word_1_200' title='bbox 1328 2753 1450 2791; x_wconf 80' lang='lat' dir='ltr'><strong>mox</strong></span> <span class='ocrx_word' id='word_1_201' title='bbox 1482 2739 1661 2807; x_wconf 82' lang='lat' dir='ltr'><strong>aliqua</strong></span> <span class='ocrx_word' id='word_1_202' title='bbox 1739 2743 1964 2808; x_wconf 91' lang='lat' dir='ltr'><strong>periculi</strong></span> 
     </span>
    </p>
   </div>
   <div class='ocr_carea' id='block_1_30' title="bbox 430 2824 1964 2898">
    <p class='ocr_par' dir='ltr' id='par_1_30' title="bbox 430 2824 1964 2898">
     <span class='ocr_line' id='line_1_30' title="bbox 430 2824 1964 2898; baseline 0.004 -20"><span class='ocrx_word' id='word_1_203' title='bbox 430 2826 709 2878; x_wconf 82' lang='lat' dir='ltr'><strong>conﬂatur.</strong></span> <span class='ocrx_word' id='word_1_204' title='bbox 735 2824 873 2892; x_wconf 87' lang='lat' dir='ltr'><strong>Ergo</strong></span> <span class='ocrx_word' id='word_1_205' title='bbox 892 2841 1013 2879; x_wconf 91' lang='lat' dir='ltr'><strong>cum</strong></span> <span class='ocrx_word' id='word_1_206' title='bbox 1050 2827 1150 2880; x_wconf 88' lang='lat' dir='ltr'><strong>hoc</strong></span> <span class='ocrx_word' id='word_1_207' title='bbox 1180 2829 1247 2880; x_wconf 90' lang='lat' dir='ltr'><strong>sit</strong></span> <span class='ocrx_word' id='word_1_208' title='bbox 1270 2842 1367 2894; x_wconf 92' lang='lat' dir='ltr'><strong>pro</strong></span> <span class='ocrx_word' id='word_1_209' title='bbox 1397 2839 1545 2882; x_wconf 91' lang='lat' dir='ltr'><strong>certo</strong></span> <span class='ocrx_word' id='word_1_210' title='bbox 1576 2832 1964 2898; x_wconf 88' lang='lat' dir='ltr'><strong>periculosum,</strong></span> 
     </span>
    </p>
   </div>
   <div class='ocr_carea' id='block_1_31' title="bbox 429 2912 1968 2986">
    <p class='ocr_par' dir='ltr' id='par_1_31' title="bbox 429 2912 1968 2986">
     <span class='ocr_line' id='line_1_31' title="bbox 429 2912 1968 2986; baseline 0.003 -18"><span class='ocrx_word' id='word_1_211' title='bbox 429 2916 559 2969; x_wconf 89' lang='lat' dir='ltr'><strong>illud</strong></span> <span class='ocrx_word' id='word_1_212' title='bbox 596 2932 724 2970; x_wconf 89' lang='lat' dir='ltr'><strong>vero</strong></span> <span class='ocrx_word' id='word_1_213' title='bbox 754 2912 972 2970; x_wconf 88' lang='lat' dir='ltr'><strong>omnino</strong></span> <span class='ocrx_word' id='word_1_214' title='bbox 993 2916 1112 2971; x_wconf 88' lang='lat' dir='ltr'><strong>sine</strong></span> <span class='ocrx_word' id='word_1_215' title='bbox 1145 2918 1421 2984; x_wconf 89' lang='lat' dir='ltr'><strong>periculo,</strong></span> <span class='ocrx_word' id='word_1_216' title='bbox 1463 2918 1688 2986; x_wconf 66' lang='lat' dir='ltr'><strong>dumque</strong></span> <span class='ocrx_word' id='word_1_217' title='bbox 1735 2921 1847 2974; x_wconf 87' lang='lat' dir='ltr'><strong>sint</strong></span> <span class='ocrx_word' id='word_1_218' title='bbox 1875 2935 1968 2973; x_wconf 87' lang='lat' dir='ltr'><strong>so—</strong></span> 
     </span>
    </p>
   </div>
   <div class='ocr_carea' id='block_1_32' title="bbox 429 3004 1964 3076">
    <p class='ocr_par' dir='ltr' id='par_1_32' title="bbox 429 3004 1964 3076">
     <span class='ocr_line' id='line_1_32' title="bbox 429 3004 1964 3076; baseline 0.004 -18"><span class='ocrx_word' id='word_1_219' title='bbox 429 3004 491 3058; x_wconf 72' lang='lat' dir='ltr'><strong>la!</strong></span> <span class='ocrx_word' id='word_1_220' title='bbox 521 3016 698 3073; x_wconf 89' lang='lat' dir='ltr'><strong>partes</strong></span> <span class='ocrx_word' id='word_1_221' title='bbox 721 3007 974 3060; x_wconf 75' lang='lat' dir='ltr'><strong>Ecclesiae</strong></span> <span class='ocrx_word' id='word_1_222' title='bbox 1014 3025 1026 3058; x_wconf 88' lang='lat'><strong>:</strong></span> <span class='ocrx_word' id='word_1_223' title='bbox 1058 3021 1161 3058; x_wconf 92' lang='lat' dir='ltr'><strong>una</strong></span> <span class='ocrx_word' id='word_1_224' title='bbox 1195 3023 1313 3075; x_wconf 76' lang='lat' dir='ltr'><strong>quae</strong></span> <span class='ocrx_word' id='word_1_225' title='bbox 1350 3015 1521 3070; x_wconf 91' lang='lat' dir='ltr'><strong>tenet,</strong></span> <span class='ocrx_word' id='word_1_226' title='bbox 1548 3009 1692 3075; x_wconf 90' lang='lat' dir='ltr'><strong>quod</strong></span> <span class='ocrx_word' id='word_1_227' title='bbox 1747 3011 1964 3076; x_wconf 88' lang='lat' dir='ltr'><strong>penitus</strong></span> 
     </span>
    </p>
   </div>
   <div class='ocr_carea' id='block_1_33' title="bbox 2065 595 3608 665">
    <p class='ocr_par' dir='ltr' id='par_1_33' title="bbox 2065 595 3608 665">
     <span class='ocr_line' id='line_1_33' title="bbox 2065 595 3608 665; baseline -0.003 -14"><span class='ocrx_word' id='word_1_228' title='bbox 2065 599 2203 651; x_wconf 90' lang='lat' dir='ltr'><strong>ciliis</strong></span> <span class='ocrx_word' id='word_1_229' title='bbox 2237 612 2492 665; x_wconf 80' lang='lat' dir='ltr'><strong>expresse</strong></span> <span class='ocrx_word' id='word_1_230' title='bbox 2513 597 2869 649; x_wconf 87' lang='lat' dir='ltr'><strong>determinata</strong></span> <span class='ocrx_word' id='word_1_231' title='bbox 2897 605 3042 657; x_wconf 89' lang='lat' dir='ltr'><strong>sunt,</strong></span> <span class='ocrx_word' id='word_1_232' title='bbox 3069 605 3127 647; x_wconf 93' lang='lat' dir='ltr'><strong>ut</strong></span> <span class='ocrx_word' id='word_1_233' title='bbox 3191 610 3317 664; x_wconf 69' lang='lat' dir='ltr'><strong>cum</strong></span> <span class='ocrx_word' id='word_1_234' title='bbox 3359 596 3462 650; x_wconf 89' lang='lat' dir='ltr'><strong>hoc</strong></span> <span class='ocrx_word' id='word_1_235' title='bbox 3514 595 3608 657; x_wconf 92' lang='lat' dir='ltr'><strong>sit,</strong></span> 
     </span>
    </p>
   </div>
   <div class='ocr_carea' id='block_1_34' title="bbox 2066 684 3608 755">
    <p class='ocr_par' dir='ltr' id='par_1_34' title="bbox 2066 684 3608 755">
     <span class='ocr_line' id='line_1_34' title="bbox 2066 684 3608 755; baseline -0.003 -15"><span class='ocrx_word' id='word_1_236' title='bbox 2066 688 2215 740; x_wconf 92' lang='lat' dir='ltr'><strong>nullo</strong></span> <span class='ocrx_word' id='word_1_237' title='bbox 2249 689 2409 740; x_wconf 90' lang='lat' dir='ltr'><strong>modo</strong></span> <span class='ocrx_word' id='word_1_238' title='bbox 2437 688 2606 755; x_wconf 90' lang='lat' dir='ltr'><strong>possit</strong></span> <span class='ocrx_word' id='word_1_239' title='bbox 2635 687 2761 738; x_wconf 87' lang='lat' dir='ltr'><strong>illud</strong></span> <span class='ocrx_word' id='word_1_240' title='bbox 2791 699 2912 738; x_wconf 88' lang='lat' dir='ltr'><strong>esse</strong></span> <span class='ocrx_word' id='word_1_241' title='bbox 2948 693 3038 738; x_wconf 87' lang='lat' dir='ltr'><strong>:et</strong></span> <span class='ocrx_word' id='word_1_242' title='bbox 3068 698 3189 736; x_wconf 91' lang='lat' dir='ltr'><strong>cum</strong></span> <span class='ocrx_word' id='word_1_243' title='bbox 3216 684 3346 736; x_wconf 91' lang='lat' dir='ltr'><strong>illud</strong></span> <span class='ocrx_word' id='word_1_244' title='bbox 3378 685 3470 745; x_wconf 85' lang='lat' dir='ltr'><strong>sit,</strong></span> <span class='ocrx_word' id='word_1_245' title='bbox 3504 684 3608 736; x_wconf 89' lang='lat' dir='ltr'><strong>mi-</strong></span> 
     </span>
    </p>
   </div>
   <div class='ocr_carea' id='block_1_35' title="bbox 2066 773 3605 831">
    <p class='ocr_par' dir='ltr' id='par_1_35' title="bbox 2066 773 3605 831">
     <span class='ocr_line' id='line_1_35' title="bbox 2066 773 3605 831; baseline -0.003 -3"><span class='ocrx_word' id='word_1_246' title='bbox 2066 779 2210 829; x_wconf 89' lang='lat' dir='ltr'><strong>nime</strong></span> <span class='ocrx_word' id='word_1_247' title='bbox 2251 779 2352 831; x_wconf 89' lang='lat' dir='ltr'><strong>hoc</strong></span> <span class='ocrx_word' id='word_1_248' title='bbox 2388 777 2562 830; x_wconf 91' lang='lat' dir='ltr'><strong>locum</strong></span> <span class='ocrx_word' id='word_1_249' title='bbox 2585 777 2799 828; x_wconf 82' lang='lat' dir='ltr'><strong>haheat.</strong></span> <span class='ocrx_word' id='word_1_250' title='bbox 2853 773 3418 825; x_wconf 75' lang='lat' dir='ltr'><strong>Rationabilissimum</strong></span> <span class='ocrx_word' id='word_1_251' title='bbox 3461 773 3605 824; x_wconf 90' lang='lat' dir='ltr'><strong>enim</strong></span> 
     </span>
    </p>
   </div>
   <div class='ocr_carea' id='block_1_36' title="bbox 2063 861 3604 934">
    <p class='ocr_par' dir='ltr' id='par_1_36' title="bbox 2063 861 3604 934">
     <span class='ocr_line' id='line_1_36' title="bbox 2063 861 3604 934; baseline -0.006 -15"><span class='ocrx_word' id='word_1_252' title='bbox 2063 867 2206 920; x_wconf 82' lang='lat' dir='ltr'><strong>esset</strong></span> <span class='ocrx_word' id='word_1_253' title='bbox 2236 880 2263 916; x_wconf 89' lang='lat' dir='ltr'><strong>a</strong></span> <span class='ocrx_word' id='word_1_254' title='bbox 2293 867 2415 918; x_wconf 84' lang='lat' dir='ltr'><strong>talia</strong></span> <span class='ocrx_word' id='word_1_255' title='bbox 2448 864 2931 934; x_wconf 84' lang='lat' dir='ltr'><strong>dogmatisantibus</strong></span> <span class='ocrx_word' id='word_1_256' title='bbox 2960 862 3144 914; x_wconf 81' lang='lat' dir='ltr'><strong>dividi.</strong></span> <span class='ocrx_word' id='word_1_257' title='bbox 3201 861 3398 913; x_wconf 88' lang='lat' dir='ltr'><strong>Neutro</strong></span> <span class='ocrx_word' id='word_1_258' title='bbox 3465 861 3604 913; x_wconf 89' lang='lat' dir='ltr'><strong>enim</strong></span> 
     </span>
    </p>
   </div>
   <div class='ocr_carea' id='block_1_37' title="bbox 2066 947 3609 1022">
    <p class='ocr_par' dir='ltr' id='par_1_37' title="bbox 2066 947 3609 1022">
     <span class='ocr_line' id='line_1_37' title="bbox 2066 947 3609 1022; baseline -0.006 -15"><span class='ocrx_word' id='word_1_259' title='bbox 2066 956 2259 1007; x_wconf 89' lang='lat' dir='ltr'><strong>borum</strong></span> <span class='ocrx_word' id='word_1_260' title='bbox 2288 956 2649 1022; x_wconf 83' lang='lat' dir='ltr'><strong>conlingente,</strong></span> <span class='ocrx_word' id='word_1_261' title='bbox 2693 950 3064 1005; x_wconf 88' lang='lat' dir='ltr'><strong>irrationabile</strong></span> <span class='ocrx_word' id='word_1_262' title='bbox 3100 949 3232 1001; x_wconf 83' lang='lat' dir='ltr'><strong>velle</strong></span> <span class='ocrx_word' id='word_1_263' title='bbox 3265 947 3484 1000; x_wconf 92' lang='lat' dir='ltr'><strong>omnino</strong></span> <span class='ocrx_word' id='word_1_264' title='bbox 3526 947 3609 999; x_wconf 93' lang='lat' dir='ltr'><strong>di-</strong></span> 
     </span>
    </p>
   </div>
   <div class='ocr_carea' id='block_1_38' title="bbox 2067 1037 3604 1111">
    <p class='ocr_par' dir='ltr' id='par_1_38' title="bbox 2067 1037 3604 1111">
     <span class='ocr_line' id='line_1_38' title="bbox 2067 1037 3604 1111; baseline -0.008 -13"><span class='ocrx_word' id='word_1_265' title='bbox 2067 1045 2175 1098; x_wconf 84' lang='lat' dir='ltr'><strong>vidi</strong></span> <span class='ocrx_word' id='word_1_266' title='bbox 2199 1045 2539 1111; x_wconf 83' lang='lat' dir='ltr'><strong>relinquitur.</strong></span> <span class='ocrx_word' id='word_1_267' title='bbox 2573 1045 2639 1096; x_wconf 79' lang='grc' dir='ltr'><strong>Λι</strong></span> <span class='ocrx_word' id='word_1_268' title='bbox 2663 1057 2787 1096; x_wconf 86' lang='lat' dir='ltr'><strong>vero</strong></span> <span class='ocrx_word' id='word_1_269' title='bbox 2812 1052 3064 1095; x_wconf 90' lang='lat' dir='ltr'><strong>neutrum</strong></span> <span class='ocrx_word' id='word_1_270' title='bbox 3083 1042 3271 1091; x_wconf 89' lang='lat' dir='ltr'><strong>horum</strong></span> <span class='ocrx_word' id='word_1_271' title='bbox 3302 1039 3355 1090; x_wconf 92' lang='lat' dir='ltr'><strong>in</strong></span> <span class='ocrx_word' id='word_1_272' title='bbox 3380 1037 3604 1088; x_wconf 83' lang='lat' dir='ltr'><strong>exordio</strong></span> 
     </span>
    </p>
   </div>
   <div class='ocr_carea' id='block_1_39' title="bbox 2067 1125 3610 1194">
    <p class='ocr_par' dir='ltr' id='par_1_39' title="bbox 2067 1125 3610 1194">
     <span class='ocr_line' id='line_1_39' title="bbox 2067 1125 3610 1194; baseline -0.008 -7"><span class='ocrx_word' id='word_1_273' title='bbox 2067 1134 2378 1188; x_wconf 89' lang='lat' dir='ltr'><strong>schismalis</strong></span> <span class='ocrx_word' id='word_1_274' title='bbox 2409 1133 2657 1185; x_wconf 71' lang='lat' dir='ltr'><strong>Ecclesiae</strong></span> <span class='ocrx_word' id='word_1_275' title='bbox 2688 1132 2941 1184; x_wconf 60' lang='lat' dir='ltr'><strong>Romanas</strong></span> <span class='ocrx_word' id='word_1_276' title='bbox 2968 1128 3209 1194; x_wconf 84' lang='lat' dir='ltr'><strong>contigit.</strong></span> <span class='ocrx_word' id='word_1_277' title='bbox 3231 1125 3361 1177; x_wconf 86' lang='lat' dir='ltr'><strong>Nam</strong></span> <span class='ocrx_word' id='word_1_278' title='bbox 3388 1125 3455 1176; x_wconf 92' lang='lat' dir='ltr'><strong>de</strong></span> <span class='ocrx_word' id='word_1_279' title='bbox 3487 1139 3610 1189; x_wconf 83' lang='lat' dir='ltr'><strong>pro-</strong></span> 
     </span>
    </p>
   </div>
   <div class='ocr_carea' id='block_1_40' title="bbox 2067 1209 3611 1286">
    <p class='ocr_par' dir='ltr' id='par_1_40' title="bbox 2067 1209 3611 1286">
     <span class='ocr_line' id='line_1_40' title="bbox 2067 1209 3611 1286; baseline -0.009 -11"><span class='ocrx_word' id='word_1_280' title='bbox 2067 1221 2313 1275; x_wconf 75' lang='lat' dir='ltr'><strong>sessione</strong></span> <span class='ocrx_word' id='word_1_281' title='bbox 2333 1230 2385 1274; x_wconf 92' lang='lat' dir='ltr'><strong>et</strong></span> <span class='ocrx_word' id='word_1_282' title='bbox 2417 1236 2478 1272; x_wconf 73' lang='lat' dir='ltr'><strong>ex</strong></span> <span class='ocrx_word' id='word_1_283' title='bbox 2515 1217 2652 1272; x_wconf 88' lang='lat' dir='ltr'><strong>Filio</strong></span> <span class='ocrx_word' id='word_1_284' title='bbox 2688 1219 2921 1286; x_wconf 90' lang='lat' dir='ltr'><strong>Spiritus</strong></span> <span class='ocrx_word' id='word_1_285' title='bbox 2947 1217 3144 1274; x_wconf 87' lang='lat' dir='ltr'><strong>sancti.</strong></span> <span class='ocrx_word' id='word_1_286' title='bbox 3164 1214 3335 1267; x_wconf 91' lang='lat' dir='ltr'><strong>sancti</strong></span> <span class='ocrx_word' id='word_1_287' title='bbox 3367 1212 3466 1273; x_wconf 90' lang='lat' dir='ltr'><strong>illi,</strong></span> <span class='ocrx_word' id='word_1_288' title='bbox 3493 1209 3611 1276; x_wconf 89' lang='lat' dir='ltr'><strong>qui-</strong></span> 
     </span>
    </p>
   </div>
   <div class='ocr_carea' id='block_1_41' title="bbox 2073 1302 3614 1369">
    <p class='ocr_par' dir='ltr' id='par_1_41' title="bbox 2073 1302 3614 1369">
     <span class='ocr_line' id='line_1_41' title="bbox 2073 1302 3614 1369; baseline -0.008 -5"><span class='ocrx_word' id='word_1_289' title='bbox 2073 1312 2170 1364; x_wconf 90' lang='lat' dir='ltr'><strong>bus</strong></span> <span class='ocrx_word' id='word_1_290' title='bbox 2201 1310 2440 1364; x_wconf 72' lang='lat' dir='ltr'><strong>Ecclcsia</strong></span> <span class='ocrx_word' id='word_1_291' title='bbox 2472 1308 2712 1363; x_wconf 78' lang='lat' dir='ltr'><strong>Romana</strong></span> <span class='ocrx_word' id='word_1_292' title='bbox 2749 1323 2874 1360; x_wconf 80' lang='lat' dir='ltr'><strong>mox</strong></span> <span class='ocrx_word' id='word_1_293' title='bbox 2904 1307 3150 1369; x_wconf 86' lang='lat' dir='ltr'><strong>credens,</strong></span> <span class='ocrx_word' id='word_1_294' title='bbox 3185 1306 3284 1358; x_wconf 86' lang='lat' dir='ltr'><strong>hoc</strong></span> <span class='ocrx_word' id='word_1_295' title='bbox 3340 1311 3503 1364; x_wconf 89' lang='lat' dir='ltr'><strong>tenet,</strong></span> <span class='ocrx_word' id='word_1_296' title='bbox 3530 1302 3614 1353; x_wconf 81' lang='lat' dir='ltr'><strong>la-</strong></span> 
     </span>
    </p>
   </div>
   <div class='ocr_carea' id='block_1_42' title="bbox 2070 1393 3611 1459">
    <p class='ocr_par' dir='ltr' id='par_1_42' title="bbox 2070 1393 3611 1459">
     <span class='ocr_line' id='line_1_42' title="bbox 2070 1393 3611 1459; baseline -0.008 -4"><span class='ocrx_word' id='word_1_297' title='bbox 2070 1403 2142 1455; x_wconf 86' lang='lat' dir='ltr'><strong>cti</strong></span> <span class='ocrx_word' id='word_1_298' title='bbox 2173 1410 2298 1455; x_wconf 88' lang='lat' dir='ltr'><strong>sunt</strong></span> <span class='ocrx_word' id='word_1_299' title='bbox 2319 1410 2441 1453; x_wconf 86' lang='lat' dir='ltr'><strong>ante</strong></span> <span class='ocrx_word' id='word_1_300' title='bbox 2472 1401 2780 1452; x_wconf 89' lang='lat' dir='ltr'><strong>inchoatum</strong></span> <span class='ocrx_word' id='word_1_301' title='bbox 2818 1398 3076 1459; x_wconf 85' lang='lat' dir='ltr'><strong>schisma,</strong></span> <span class='ocrx_word' id='word_1_302' title='bbox 3103 1395 3190 1448; x_wconf 90' lang='lat' dir='ltr'><strong>alii</strong></span> <span class='ocrx_word' id='word_1_303' title='bbox 3229 1393 3611 1457; x_wconf 77' lang='lat' dir='ltr'><strong>trecentis,alii</strong></span> 
     </span>
    </p>
   </div>
   <div class='ocr_carea' id='block_1_43' title="bbox 2071 1483 3613 1559">
    <p class='ocr_par' dir='ltr' id='par_1_43' title="bbox 2071 1483 3613 1559">
     <span class='ocr_line' id='line_1_43' title="bbox 2071 1483 3613 1559; baseline -0.008 -15"><span class='ocrx_word' id='word_1_304' title='bbox 2071 1491 2500 1559; x_wconf 85' lang='lat' dir='ltr'><strong>quadringentis,</strong></span> <span class='ocrx_word' id='word_1_305' title='bbox 2524 1489 2615 1542; x_wconf 89' lang='lat' dir='ltr'><strong>alii</strong></span> <span class='ocrx_word' id='word_1_306' title='bbox 2647 1503 2774 1541; x_wconf 85' lang='lat' dir='ltr'><strong>vero</strong></span> <span class='ocrx_word' id='word_1_307' title='bbox 2798 1497 2853 1540; x_wconf 89' lang='lat' dir='ltr'><strong>et</strong></span> <span class='ocrx_word' id='word_1_308' title='bbox 2884 1486 3190 1554; x_wconf 80' lang='lat' dir='ltr'><strong>quingentis</strong></span> <span class='ocrx_word' id='word_1_309' title='bbox 3221 1485 3397 1536; x_wconf 89' lang='lat' dir='ltr'><strong>anuis.</strong></span> <span class='ocrx_word' id='word_1_310' title='bbox 3430 1483 3490 1534; x_wconf 90' lang='lat' dir='ltr'><strong>Et</strong></span> <span class='ocrx_word' id='word_1_311' title='bbox 3555 1491 3613 1534; x_wconf 92' lang='lat' dir='ltr'><strong>ut</strong></span> 
     </span>
    </p>
   </div>
   <div class='ocr_carea' id='block_1_44' title="bbox 2072 1572 3610 1648">
    <p class='ocr_par' dir='ltr' id='par_1_44' title="bbox 2072 1572 3610 1648">
     <span class='ocr_line' id='line_1_44' title="bbox 2072 1572 3610 1648; baseline -0.009 -14"><span class='ocrx_word' id='word_1_312' title='bbox 2072 1597 2236 1634; x_wconf 82' lang='lat' dir='ltr'><strong>unum</strong></span> <span class='ocrx_word' id='word_1_313' title='bbox 2272 1596 2378 1648; x_wconf 69' lang='lat' dir='ltr'><strong>prae</strong></span> <span class='ocrx_word' id='word_1_314' title='bbox 2407 1581 2656 1633; x_wconf 89' lang='lat' dir='ltr'><strong>omnibus</strong></span> <span class='ocrx_word' id='word_1_315' title='bbox 2681 1579 2880 1638; x_wconf 90' lang='lat' dir='ltr'><strong>dicam,</strong></span> <span class='ocrx_word' id='word_1_316' title='bbox 2918 1577 3010 1644; x_wconf 91' lang='lat' dir='ltr'><strong>qui</strong></span> <span class='ocrx_word' id='word_1_317' title='bbox 3040 1590 3143 1628; x_wconf 91' lang='lat' dir='ltr'><strong>non</strong></span> <span class='ocrx_word' id='word_1_318' title='bbox 3167 1573 3496 1632; x_wconf 88' lang='lat' dir='ltr'><strong>transitorie,</strong></span> <span class='ocrx_word' id='word_1_319' title='bbox 3519 1572 3610 1624; x_wconf 89' lang='lat' dir='ltr'><strong>sed</strong></span> 
     </span>
    </p>
   </div>
   <div class='ocr_carea' id='block_1_45' title="bbox 2071 1662 3610 1736">
    <p class='ocr_par' dir='ltr' id='par_1_45' title="bbox 2071 1662 3610 1736">
     <span class='ocr_line' id='line_1_45' title="bbox 2071 1662 3610 1736; baseline -0.008 -12"><span class='ocrx_word' id='word_1_320' title='bbox 2071 1670 2137 1724; x_wconf 86' lang='lat' dir='ltr'><strong>de</strong></span> <span class='ocrx_word' id='word_1_321' title='bbox 2158 1671 2344 1723; x_wconf 88' lang='lat' dir='ltr'><strong>eodem</strong></span> <span class='ocrx_word' id='word_1_322' title='bbox 2377 1671 2493 1736; x_wconf 93' lang='lat' dir='ltr'><strong>ipso</strong></span> <span class='ocrx_word' id='word_1_323' title='bbox 2519 1667 2887 1736; x_wconf 90' lang='lat' dir='ltr'><strong>principaliter</strong></span> <span class='ocrx_word' id='word_1_324' title='bbox 2914 1666 3163 1733; x_wconf 86' lang='lat' dir='ltr'><strong>loquens,</strong></span> <span class='ocrx_word' id='word_1_325' title='bbox 3193 1663 3535 1729; x_wconf 86' lang='lat' dir='ltr'><strong>apertissime</strong></span> <span class='ocrx_word' id='word_1_326' title='bbox 3562 1662 3610 1712; x_wconf 92' lang='lat' dir='ltr'><strong>id</strong></span> 
     </span>
    </p>
   </div>
   <div class='ocr_carea' id='block_1_46' title="bbox 2073 1752 3612 1829">
    <p class='ocr_par' dir='ltr' id='par_1_46' title="bbox 2073 1752 3612 1829">
     <span class='ocr_line' id='line_1_46' title="bbox 2073 1752 3612 1829; baseline -0.006 -16"><span class='ocrx_word' id='word_1_327' title='bbox 2073 1762 2250 1823; x_wconf 89' lang='lat' dir='ltr'><strong>docet,</strong></span> <span class='ocrx_word' id='word_1_328' title='bbox 2300 1774 2575 1829; x_wconf 89' lang='lat' dir='ltr'><strong>magnum,</strong></span> <span class='ocrx_word' id='word_1_329' title='bbox 2609 1760 2849 1826; x_wconf 90' lang='lat' dir='ltr'><strong>inquam,</strong></span> <span class='ocrx_word' id='word_1_330' title='bbox 2875 1756 3229 1825; x_wconf 82' lang='lat' dir='ltr'><strong>Augustinum</strong></span> <span class='ocrx_word' id='word_1_331' title='bbox 3257 1795 3271 1816; x_wconf 97' lang='lat'><strong>,</strong></span> <span class='ocrx_word' id='word_1_332' title='bbox 3329 1756 3410 1806; x_wconf 93' lang='lat' dir='ltr'><strong>hic</strong></span> <span class='ocrx_word' id='word_1_333' title='bbox 3470 1752 3612 1803; x_wconf 89' lang='lat' dir='ltr'><strong>circa</strong></span> 
     </span>
    </p>
   </div>
   <div class='ocr_carea' id='block_1_47' title="bbox 2074 1842 3615 1919">
    <p class='ocr_par' dir='ltr' id='par_1_47' title="bbox 2074 1842 3615 1919">
     <span class='ocr_line' id='line_1_47' title="bbox 2074 1842 3615 1919; baseline -0.007 -17"><span class='ocrx_word' id='word_1_334' title='bbox 2074 1859 2310 1919; x_wconf 87' lang='lat' dir='ltr'><strong>tempora</strong></span> <span class='ocrx_word' id='word_1_335' title='bbox 2342 1849 2633 1903; x_wconf 82' lang='lat' dir='ltr'><strong>Theodosii</strong></span> <span class='ocrx_word' id='word_1_336' title='bbox 2667 1847 2841 1915; x_wconf 80' lang='lat' dir='ltr'><strong>Magni</strong></span> <span class='ocrx_word' id='word_1_337' title='bbox 2888 1848 3105 1908; x_wconf 86' lang='lat' dir='ltr'><strong>claruit,</strong></span> <span class='ocrx_word' id='word_1_338' title='bbox 3146 1858 3319 1896; x_wconf 89' lang='lat' dir='ltr'><strong>annos</strong></span> <span class='ocrx_word' id='word_1_339' title='bbox 3357 1842 3615 1893; x_wconf 74' lang='lat' dir='ltr'><strong>videlicet</strong></span> 
     </span>
    </p>
   </div>
   <div class='ocr_carea' id='block_1_48' title="bbox 2067 1936 3617 2006">
    <p class='ocr_par' dir='ltr' id='par_1_48' title="bbox 2067 1936 3617 2006">
     <span class='ocr_line' id='line_1_48' title="bbox 2067 1936 3617 2006; baseline -0.006 -11"><span class='ocrx_word' id='word_1_340' title='bbox 2067 1953 2194 1995; x_wconf 90' lang='lat' dir='ltr'><strong>ante</strong></span> <span class='ocrx_word' id='word_1_341' title='bbox 2223 1943 2461 1997; x_wconf 90' lang='lat' dir='ltr'><strong>schisma</strong></span> <span class='ocrx_word' id='word_1_342' title='bbox 2494 1953 2546 1995; x_wconf 91' lang='lat' dir='ltr'><strong>et</strong></span> <span class='ocrx_word' id='word_1_343' title='bbox 2570 1942 2712 1993; x_wconf 89' lang='lat' dir='ltr'><strong>ultra</strong></span> <span class='ocrx_word' id='word_1_344' title='bbox 2755 1939 3082 2006; x_wconf 85' lang='lat' dir='ltr'><strong>quingentos</strong></span> <span class='ocrx_word' id='word_1_345' title='bbox 3109 1953 3122 1989; x_wconf 91' lang='lat'>:</span> <span class='ocrx_word' id='word_1_346' title='bbox 3149 1936 3302 2002; x_wconf 90' lang='lat' dir='ltr'><strong>cujus</strong></span> <span class='ocrx_word' id='word_1_347' title='bbox 3363 1949 3427 1985; x_wconf 80' lang='lat' dir='ltr'><strong>ex</strong></span> <span class='ocrx_word' id='word_1_348' title='bbox 3489 1942 3617 1985; x_wconf 79' lang='lat' dir='ltr'><strong>tunc</strong></span> 
     </span>
    </p>
   </div>
   <div class='ocr_carea' id='block_1_49' title="bbox 2067 2026 3615 2100">
    <p class='ocr_par' dir='ltr' id='par_1_49' title="bbox 2067 2026 3615 2100">
     <span class='ocr_line' id='line_1_49' title="bbox 2067 2026 3615 2100; baseline -0.007 -15"><span class='ocrx_word' id='word_1_349' title='bbox 2067 2031 2304 2086; x_wconf 90' lang='lat' dir='ltr'><strong>Ecclesia</strong></span> <span class='ocrx_word' id='word_1_350' title='bbox 2337 2032 2520 2100; x_wconf 86' lang='lat' dir='ltr'><strong>utique</strong></span> <span class='ocrx_word' id='word_1_351' title='bbox 2543 2031 2786 2083; x_wconf 81' lang='lat' dir='ltr'><strong>Romana</strong></span> <span class='ocrx_word' id='word_1_352' title='bbox 2829 2030 3025 2096; x_wconf 88' lang='lat' dir='ltr'><strong>scripta</strong></span> <span class='ocrx_word' id='word_1_353' title='bbox 3062 2026 3273 2087; x_wconf 87' lang='lat' dir='ltr'><strong>habuit,</strong></span> <span class='ocrx_word' id='word_1_354' title='bbox 3323 2038 3443 2078; x_wconf 91' lang='lat' dir='ltr'><strong>cum</strong></span> <span class='ocrx_word' id='word_1_355' title='bbox 3469 2031 3615 2076; x_wconf 90' lang='lat' dir='ltr'><strong>esset</strong></span> 
     </span>
    </p>
   </div>
   <div class='ocr_carea' id='block_1_50' title="bbox 2068 2122 3230 2189">
    <p class='ocr_par' dir='ltr' id='par_1_50' title="bbox 2068 2122 3230 2189">
     <span class='ocr_line' id='line_1_50' title="bbox 2068 2122 3230 2189; baseline -0.009 -12"><span class='ocrx_word' id='word_1_356' title='bbox 2068 2123 2309 2188; x_wconf 82' lang='lat' dir='ltr'><strong>ejusdem</strong></span> <span class='ocrx_word' id='word_1_357' title='bbox 2333 2123 2548 2189; x_wconf 71' lang='lat' dir='ltr'><strong>linguae,</strong></span> <span class='ocrx_word' id='word_1_358' title='bbox 2567 2130 2619 2173; x_wconf 92' lang='lat' dir='ltr'><strong>et</strong></span> <span class='ocrx_word' id='word_1_359' title='bbox 2641 2122 2887 2185; x_wconf 85' lang='lat' dir='ltr'><strong>dogmata</strong></span> <span class='ocrx_word' id='word_1_360' title='bbox 2918 2123 3230 2170; x_wconf 89' lang='lat' dir='ltr'><strong>veneratur.</strong></span> 
     </span>
    </p>
   </div>
   <div class='ocr_carea' id='block_1_51' title="bbox 2135 2197 3620 2270">
    <p class='ocr_par' dir='ltr' id='par_1_51' title="bbox 2135 2197 3620 2270">
     <span class='ocr_line' id='line_1_51' title="bbox 2135 2197 3620 2270; baseline -0.01 -7"><span class='ocrx_word' id='word_1_361' title='bbox 2135 2211 2204 2263; x_wconf 85' lang='lat' dir='ltr'><strong>At</strong></span> <span class='ocrx_word' id='word_1_362' title='bbox 2221 2225 2342 2262; x_wconf 90' lang='lat' dir='ltr'><strong>vero</strong></span> <span class='ocrx_word' id='word_1_363' title='bbox 2369 2211 2546 2262; x_wconf 84' lang='lat' dir='ltr'><strong>dicere</strong></span> <span class='ocrx_word' id='word_1_364' title='bbox 2561 2219 2688 2261; x_wconf 82' lang='lat' dir='ltr'><strong>etex</strong></span> <span class='ocrx_word' id='word_1_365' title='bbox 2708 2207 2860 2267; x_wconf 85' lang='lat' dir='ltr'><strong>Filio,</strong></span> <span class='ocrx_word' id='word_1_366' title='bbox 2883 2203 3332 2270; x_wconf 83' lang='lat' dir='ltr'><strong>nihiloppositum</strong></span> <span class='ocrx_word' id='word_1_367' title='bbox 3355 2207 3431 2252; x_wconf 90' lang='lat' dir='ltr'><strong>est</strong></span> <span class='ocrx_word' id='word_1_368' title='bbox 3458 2197 3620 2249; x_wconf 90' lang='lat' dir='ltr'><strong>addi-</strong></span> 
     </span>
    </p>
   </div>
   <div class='ocr_carea' id='block_1_52' title="bbox 2068 2285 3622 2359">
    <p class='ocr_par' dir='ltr' id='par_1_52' title="bbox 2068 2285 3622 2359">
     <span class='ocr_line' id='line_1_52' title="bbox 2068 2285 3622 2359; baseline -0.01 -9"><span class='ocrx_word' id='word_1_369' title='bbox 2068 2299 2292 2350; x_wconf 89' lang='lat' dir='ltr'><strong>cendum</strong></span> <span class='ocrx_word' id='word_1_370' title='bbox 2316 2313 2376 2350; x_wconf 78' lang='lat' dir='ltr'><strong>ex</strong></span> <span class='ocrx_word' id='word_1_371' title='bbox 2398 2299 2572 2350; x_wconf 88' lang='lat' dir='ltr'><strong>Patre.</strong></span> <span class='ocrx_word' id='word_1_372' title='bbox 2594 2293 2710 2346; x_wconf 85' lang='lat' dir='ltr'><strong>Non</strong></span> <span class='ocrx_word' id='word_1_373' title='bbox 2729 2295 2868 2345; x_wconf 91' lang='lat' dir='ltr'><strong>enim</strong></span> <span class='ocrx_word' id='word_1_374' title='bbox 2886 2293 2930 2344; x_wconf 88' lang='lat' dir='ltr'><strong>si</strong></span> <span class='ocrx_word' id='word_1_375' title='bbox 2951 2291 3187 2359; x_wconf 78' lang='lat' dir='ltr'><strong>procedit</strong></span> <span class='ocrx_word' id='word_1_376' title='bbox 3204 2299 3252 2340; x_wconf 89' lang='lat' dir='ltr'><strong>et</strong></span> <span class='ocrx_word' id='word_1_377' title='bbox 3272 2286 3497 2346; x_wconf 80' lang='lat' dir='ltr'><strong>exFilio,</strong></span> <span class='ocrx_word' id='word_1_378' title='bbox 3519 2285 3622 2336; x_wconf 84' lang='lat' dir='ltr'><strong>tol-</strong></span> 
     </span>
    </p>
   </div>
   <div class='ocr_carea' id='block_1_53' title="bbox 2069 2379 3620 2454">
    <p class='ocr_par' dir='ltr' id='par_1_53' title="bbox 2069 2379 3620 2454">
     <span class='ocr_line' id='line_1_53' title="bbox 2069 2379 3620 2454; baseline -0.008 -16"><span class='ocrx_word' id='word_1_379' title='bbox 2069 2388 2196 2440; x_wconf 90' lang='lat' dir='ltr'><strong>litur</strong></span> <span class='ocrx_word' id='word_1_380' title='bbox 2213 2386 2499 2454; x_wconf 85' lang='lat' dir='ltr'><strong>procedere</strong></span> <span class='ocrx_word' id='word_1_381' title='bbox 2522 2394 2571 2436; x_wconf 90' lang='lat' dir='ltr'><strong>et</strong></span> <span class='ocrx_word' id='word_1_382' title='bbox 2589 2400 2652 2436; x_wconf 84' lang='lat' dir='ltr'><strong>ex</strong></span> <span class='ocrx_word' id='word_1_383' title='bbox 2677 2382 2866 2446; x_wconf 88' lang='lat' dir='ltr'><strong>Patre;</strong></span> <span class='ocrx_word' id='word_1_384' title='bbox 2893 2382 2981 2434; x_wconf 88' lang='lat' dir='ltr'><strong>sed</strong></span> <span class='ocrx_word' id='word_1_385' title='bbox 3001 2381 3175 2448; x_wconf 89' lang='lat' dir='ltr'><strong>potius</strong></span> <span class='ocrx_word' id='word_1_386' title='bbox 3204 2379 3292 2430; x_wconf 93' lang='lat' dir='ltr'><strong>illo</strong></span> <span class='ocrx_word' id='word_1_387' title='bbox 3319 2379 3464 2443; x_wconf 90' lang='lat' dir='ltr'><strong>prius</strong></span> <span class='ocrx_word' id='word_1_388' title='bbox 3488 2390 3620 2426; x_wconf 83' lang='lat' dir='ltr'><strong>con-</strong></span> 
     </span>
    </p>
   </div>
   <div class='ocr_carea' id='block_1_54' title="bbox 2067 2463 3619 2540">
    <p class='ocr_par' dir='ltr' id='par_1_54' title="bbox 2067 2463 3619 2540">
     <span class='ocr_line' id='line_1_54' title="bbox 2067 2463 3619 2540; baseline -0.009 -11"><span class='ocrx_word' id='word_1_389' title='bbox 2067 2490 2242 2535; x_wconf 88' lang='lat' dir='ltr'><strong>cesso.</strong></span> <span class='ocrx_word' id='word_1_390' title='bbox 2260 2486 2310 2528; x_wconf 89' lang='lat' dir='ltr'><strong>et</strong></span> <span class='ocrx_word' id='word_1_391' title='bbox 2331 2489 2392 2526; x_wconf 77' lang='lat' dir='ltr'><strong>ex</strong></span> <span class='ocrx_word' id='word_1_392' title='bbox 2419 2474 2573 2526; x_wconf 88' lang='lat' dir='ltr'><strong>Patre</strong></span> <span class='ocrx_word' id='word_1_393' title='bbox 2586 2472 2873 2540; x_wconf 84' lang='lat' dir='ltr'><strong>procedere</strong></span> <span class='ocrx_word' id='word_1_394' title='bbox 2894 2469 3192 2523; x_wconf 85' lang='lat' dir='ltr'><strong>necessario</strong></span> <span class='ocrx_word' id='word_1_395' title='bbox 3213 2463 3619 2533; x_wconf 83' lang='lat' dir='ltr'><strong>sequitur.Qu:e</strong></span> 
     </span>
    </p>
   </div>
   <div class='ocr_carea' id='block_1_55' title="bbox 2067 2554 3619 2626">
    <p class='ocr_par' dir='ltr' id='par_1_55' title="bbox 2067 2554 3619 2626">
     <span class='ocr_line' id='line_1_55' title="bbox 2067 2554 3619 2626; baseline -0.009 -8"><span class='ocrx_word' id='word_1_396' title='bbox 2067 2581 2197 2619; x_wconf 91' lang='lat' dir='ltr'><strong>vero</strong></span> <span class='ocrx_word' id='word_1_397' title='bbox 2223 2565 2293 2616; x_wconf 85' lang='lat' dir='ltr'><strong>ita</strong></span> <span class='ocrx_word' id='word_1_398' title='bbox 2313 2580 2365 2617; x_wconf 83' lang='lat' dir='ltr'><strong>se</strong></span> <span class='ocrx_word' id='word_1_399' title='bbox 2389 2565 2586 2616; x_wconf 79' lang='lat' dir='ltr'><strong>habent</strong></span> <span class='ocrx_word' id='word_1_400' title='bbox 2616 2566 2751 2613; x_wconf 88' lang='lat' dir='ltr'><strong>inter</strong></span> <span class='ocrx_word' id='word_1_401' title='bbox 2773 2576 2852 2623; x_wconf 90' lang='lat' dir='ltr'><strong>se,</strong></span> <span class='ocrx_word' id='word_1_402' title='bbox 2875 2559 3220 2626; x_wconf 80' lang='lat' dir='ltr'><strong>repugnantia</strong></span> <span class='ocrx_word' id='word_1_403' title='bbox 3235 2573 3337 2609; x_wconf 87' lang='lat' dir='ltr'><strong>non</strong></span> <span class='ocrx_word' id='word_1_404' title='bbox 3359 2567 3501 2609; x_wconf 90' lang='lat' dir='ltr'><strong>sunt.</strong></span> <span class='ocrx_word' id='word_1_405' title='bbox 3523 2554 3619 2606; x_wconf 57' lang='lat' dir='ltr'><strong>Er-</strong></span> 
     </span>
    </p>
   </div>
   <div class='ocr_carea' id='block_1_56' title="bbox 2068 2645 3620 2722">
    <p class='ocr_par' dir='ltr' id='par_1_56' title="bbox 2068 2645 3620 2722">
     <span class='ocr_line' id='line_1_56' title="bbox 2068 2645 3620 2722; baseline -0.008 -15"><span class='ocrx_word' id='word_1_406' title='bbox 2068 2669 2134 2722; x_wconf 89' lang='lat' dir='ltr'><strong>go</strong></span> <span class='ocrx_word' id='word_1_407' title='bbox 2150 2664 2202 2704; x_wconf 89' lang='lat' dir='ltr'><strong>et</strong></span> <span class='ocrx_word' id='word_1_408' title='bbox 2218 2654 2395 2706; x_wconf 85' lang='lat' dir='ltr'><strong>divina</strong></span> <span class='ocrx_word' id='word_1_409' title='bbox 2426 2652 2704 2717; x_wconf 85' lang='lat' dir='ltr'><strong>Scriptura</strong></span> <span class='ocrx_word' id='word_1_410' title='bbox 2735 2664 2882 2716; x_wconf 81' lang='lat' dir='ltr'><strong>prius</strong></span> <span class='ocrx_word' id='word_1_411' title='bbox 2910 2648 3146 2706; x_wconf 90' lang='lat' dir='ltr'><strong>dicente,</strong></span> <span class='ocrx_word' id='word_1_412' title='bbox 3176 2661 3239 2697; x_wconf 80' lang='lat' dir='ltr'><strong>ex</strong></span> <span class='ocrx_word' id='word_1_413' title='bbox 3257 2645 3413 2696; x_wconf 84' lang='lat' dir='ltr'><strong>Patre</strong></span> <span class='ocrx_word' id='word_1_414' title='bbox 3433 2658 3620 2709; x_wconf 79' lang='lat' dir='ltr'><strong>procc-</strong></span> 
     </span>
    </p>
   </div>
   <div class='ocr_carea' id='block_1_57' title="bbox 2068 2734 3621 2808">
    <p class='ocr_par' dir='ltr' id='par_1_57' title="bbox 2068 2734 3621 2808">
     <span class='ocr_line' id='line_1_57' title="bbox 2068 2734 3621 2808; baseline -0.008 -11"><span class='ocrx_word' id='word_1_415' title='bbox 2068 2745 2195 2797; x_wconf 90' lang='lat' dir='ltr'><strong>dere</strong></span> <span class='ocrx_word' id='word_1_416' title='bbox 2212 2743 2468 2808; x_wconf 84' lang='lat' dir='ltr'><strong>Spiritum</strong></span> <span class='ocrx_word' id='word_1_417' title='bbox 2493 2749 2737 2794; x_wconf 89' lang='lat' dir='ltr'><strong>sanctum</strong></span> <span class='ocrx_word' id='word_1_418' title='bbox 2769 2758 2781 2802; x_wconf 92' lang='lat'><strong>;</strong></span> <span class='ocrx_word' id='word_1_419' title='bbox 2821 2750 2873 2791; x_wconf 88' lang='lat' dir='ltr'><strong>et</strong></span> <span class='ocrx_word' id='word_1_420' title='bbox 2904 2740 3240 2805; x_wconf 88' lang='lat' dir='ltr'><strong>postmodum</strong></span> <span class='ocrx_word' id='word_1_421' title='bbox 3267 2734 3621 2788; x_wconf 89' lang='lat' dir='ltr'><strong>conciliisidi-</strong></span> 
     </span>
    </p>
   </div>
   <div class='ocr_carea' id='block_1_58' title="bbox 2064 2822 3618 2906">
    <p class='ocr_par' dir='ltr' id='par_1_58' title="bbox 2064 2822 3618 2906">
     <span class='ocr_line' id='line_1_58' title="bbox 2064 2822 3618 2906; baseline -0.008 -21"><span class='ocrx_word' id='word_1_422' title='bbox 2064 2848 2225 2906; x_wconf 12' lang='lat' dir='ltr'><strong>‘psum</strong></span> <span class='ocrx_word' id='word_1_423' title='bbox 2243 2832 2568 2894; x_wconf 87' lang='lat' dir='ltr'><strong>dicentibus,</strong></span> <span class='ocrx_word' id='word_1_424' title='bbox 2590 2829 2824 2882; x_wconf 84' lang='lat' dir='ltr'><strong>Ecclesia</strong></span> <span class='ocrx_word' id='word_1_425' title='bbox 2849 2828 3084 2880; x_wconf 82' lang='lat' dir='ltr'><strong>Romana</strong></span> <span class='ocrx_word' id='word_1_426' title='bbox 3104 2827 3288 2879; x_wconf 87' lang='lat' dir='ltr'><strong>dicens</strong></span> <span class='ocrx_word' id='word_1_427' title='bbox 3305 2834 3356 2876; x_wconf 91' lang='lat' dir='ltr'><strong>et</strong></span> <span class='ocrx_word' id='word_1_428' title='bbox 3377 2840 3436 2876; x_wconf 75' lang='lat' dir='ltr'><strong>ex</strong></span> <span class='ocrx_word' id='word_1_429' title='bbox 3461 2822 3618 2885; x_wconf 85' lang='lat' dir='ltr'><strong>Filio,</strong></span> 
     </span>
    </p>
   </div>
   <div class='ocr_carea' id='block_1_59' title="bbox 2071 2914 3621 2986">
    <p class='ocr_par' dir='ltr' id='par_1_59' title="bbox 2071 2914 3621 2986">
     <span class='ocr_line' id='line_1_59' title="bbox 2071 2914 3621 2986; baseline -0.009 -12"><span class='ocrx_word' id='word_1_430' title='bbox 2071 2936 2175 2974; x_wconf 91' lang='lat' dir='ltr'><strong>non</strong></span> <span class='ocrx_word' id='word_1_431' title='bbox 2205 2920 2532 2986; x_wconf 85' lang='lat' dir='ltr'><strong>dogmatizat</strong></span> <span class='ocrx_word' id='word_1_432' title='bbox 2561 2919 2760 2984; x_wconf 87' lang='lat' dir='ltr'><strong>aliquid</strong></span> <span class='ocrx_word' id='word_1_433' title='bbox 2798 2917 2903 2969; x_wconf 91' lang='lat' dir='ltr'><strong>illis</strong></span> <span class='ocrx_word' id='word_1_434' title='bbox 2925 2929 3258 2982; x_wconf 90' lang='lat' dir='ltr'><strong>repugnans,</strong></span> <span class='ocrx_word' id='word_1_435' title='bbox 3295 2923 3346 2966; x_wconf 89' lang='lat' dir='ltr'><strong>et</strong></span> <span class='ocrx_word' id='word_1_436' title='bbox 3387 2914 3525 2964; x_wconf 79' lang='lat' dir='ltr'><strong>diota</strong></span> <span class='ocrx_word' id='word_1_437' title='bbox 3558 2914 3621 2961; x_wconf 91' lang='lat' dir='ltr'><strong>il-</strong></span> 
     </span>
    </p>
   </div>
   <div class='ocr_carea' id='block_1_60' title="bbox 2071 3005 3617 3071">
    <p class='ocr_par' dir='ltr' id='par_1_60' title="bbox 2071 3005 3617 3071">
     <span class='ocr_line' id='line_1_60' title="bbox 2071 3005 3617 3071; baseline -0.007 -9"><span class='ocrx_word' id='word_1_438' title='bbox 2071 3011 2244 3064; x_wconf 89' lang='lat' dir='ltr'><strong>lorum</strong></span> <span class='ocrx_word' id='word_1_439' title='bbox 2286 3009 2620 3070; x_wconf 90' lang='lat' dir='ltr'><strong>interimens,</strong></span> <span class='ocrx_word' id='word_1_440' title='bbox 2673 3007 2764 3060; x_wconf 89' lang='lat' dir='ltr'><strong>sed</strong></span> <span class='ocrx_word' id='word_1_441' title='bbox 2803 3006 2980 3071; x_wconf 88' lang='lat' dir='ltr'><strong>potius</strong></span> <span class='ocrx_word' id='word_1_442' title='bbox 3014 3005 3145 3067; x_wconf 89' lang='lat' dir='ltr'><strong>tale,</strong></span> <span class='ocrx_word' id='word_1_443' title='bbox 3196 3018 3302 3069; x_wconf 91' lang='lat' dir='ltr'><strong>quo</strong></span> <span class='ocrx_word' id='word_1_444' title='bbox 3334 3016 3617 3064; x_wconf 89' lang='lat' dir='ltr'><strong>concesso,</strong></span> 
     </span>
    </p>
   </div>
   <div class='ocr_carea' id='block_1_61' title="bbox 428 3091 3616 3166">
    <p class='ocr_par' dir='ltr' id='par_1_61' title="bbox 428 3091 3616 3166">
     <span class='ocr_line' id='line_1_61' title="bbox 428 3091 3616 3166; baseline -0.003 -16"><span class='ocrx_word' id='word_1_445' title='bbox 428 3102 511 3150; x_wconf 86' lang='lat' dir='ltr'><strong>est</strong></span> <span class='ocrx_word' id='word_1_446' title='bbox 540 3095 657 3149; x_wconf 87' lang='lat' dir='ltr'><strong>sine</strong></span> <span class='ocrx_word' id='word_1_447' title='bbox 685 3095 958 3163; x_wconf 84' lang='lat' dir='ltr'><strong>periculo:</strong></span> <span class='ocrx_word' id='word_1_448' title='bbox 991 3097 1094 3150; x_wconf 92' lang='lat' dir='ltr'><strong>alia</strong></span> <span class='ocrx_word' id='word_1_449' title='bbox 1119 3111 1245 3150; x_wconf 86' lang='lat' dir='ltr'><strong>vero</strong></span> <span class='ocrx_word' id='word_1_450' title='bbox 1282 3098 1427 3165; x_wconf 91' lang='lat' dir='ltr'><strong>quod</strong></span> <span class='ocrx_word' id='word_1_451' title='bbox 1469 3101 1758 3153; x_wconf 82' lang='lat' dir='ltr'><strong>manifeste</strong></span> <span class='ocrx_word' id='word_1_452' title='bbox 1824 3102 1968 3166; x_wconf 82' lang='lat' dir='ltr'><strong>peri-</strong></span> <span class='ocrx_word' id='word_1_453' title='bbox 1995 3102 2040 3160; x_wconf 84' lang='lat' dir='ltr'><strong>c</strong></span> <span class='ocrx_word' id='word_1_454' title='bbox 2084 3100 2213 3152; x_wconf 92' lang='lat' dir='ltr'><strong>illud</strong></span> <span class='ocrx_word' id='word_1_455' title='bbox 2245 3098 2549 3151; x_wconf 88' lang='lat' dir='ltr'><strong>necessario</strong></span> <span class='ocrx_word' id='word_1_456' title='bbox 2580 3095 2875 3148; x_wconf 81' lang='lat' dir='ltr'><strong>confertur.</strong></span> <span class='ocrx_word' id='word_1_457' title='bbox 2911 3091 3041 3144; x_wconf 86' lang='lat' dir='ltr'><strong>Nam</strong></span> <span class='ocrx_word' id='word_1_458' title='bbox 3075 3092 3272 3145; x_wconf 88' lang='lat' dir='ltr'><strong>sicubi-</strong></span> <span class='ocrx_word' id='word_1_459' title='bbox 3299 3092 3472 3142; x_wconf 85' lang='lat' dir='ltr'><strong>adhuc</strong></span> <span class='ocrx_word' id='word_1_460' title='bbox 3531 3091 3616 3142; x_wconf 89' lang='lat' dir='ltr'><strong>di-</strong></span> 
     </span>
    </p>
   </div>
   <div class='ocr_carea' id='block_1_62' title="bbox 430 3189 1972 3257">
    <p class='ocr_par' dir='ltr' id='par_1_62' title="bbox 430 3189 1972 3257">
     <span class='ocr_line' id='line_1_62' title="bbox 430 3189 1972 3257; baseline 0.005 -15"><span class='ocrx_word' id='word_1_461' title='bbox 430 3189 671 3242; x_wconf 88' lang='lat' dir='ltr'><strong>culosnm</strong></span> <span class='ocrx_word' id='word_1_462' title='bbox 705 3198 819 3252; x_wconf 91' lang='lat' dir='ltr'><strong>est;</strong></span> <span class='ocrx_word' id='word_1_463' title='bbox 845 3199 1003 3257; x_wconf 90' lang='lat' dir='ltr'><strong>atque</strong></span> <span class='ocrx_word' id='word_1_464' title='bbox 1029 3189 1132 3243; x_wconf 88' lang='lat' dir='ltr'><strong>alia</strong></span> <span class='ocrx_word' id='word_1_465' title='bbox 1182 3190 1420 3244; x_wconf 85' lang='lat' dir='ltr'><strong>Ecclesia</strong></span> <span class='ocrx_word' id='word_1_466' title='bbox 1483 3207 1588 3244; x_wconf 93' lang='lat' dir='ltr'><strong>non</strong></span> <span class='ocrx_word' id='word_1_467' title='bbox 1623 3194 1694 3246; x_wconf 90' lang='lat' dir='ltr'><strong>sit</strong></span> <span class='ocrx_word' id='word_1_468' title='bbox 1749 3195 1972 3248; x_wconf 89' lang='lat' dir='ltr'><strong>collecta</strong></span> 
     </span>
    </p>
   </div>
   <div class='ocr_carea' id='block_1_63' title="bbox 431 3277 1978 3345">
    <p class='ocr_par' dir='ltr' id='par_1_63' title="bbox 431 3277 1978 3345">
     <span class='ocr_line' id='line_1_63' title="bbox 431 3277 1978 3345; baseline 0.004 -15"><span class='ocrx_word' id='word_1_469' title='bbox 431 3291 496 3331; x_wconf 78' lang='lat' dir='ltr'><strong>ex</strong></span> <span class='ocrx_word' id='word_1_470' title='bbox 555 3278 750 3331; x_wconf 83' lang='lat' dir='ltr'><strong>talibus</strong></span> <span class='ocrx_word' id='word_1_471' title='bbox 804 3277 1156 3340; x_wconf 86' lang='lat' dir='ltr'><strong>hominibus,</strong></span> <span class='ocrx_word' id='word_1_472' title='bbox 1189 3279 1401 3345; x_wconf 88' lang='lat' dir='ltr'><strong>qualem</strong></span> <span class='ocrx_word' id='word_1_473' title='bbox 1473 3288 1528 3332; x_wconf 94' lang='lat' dir='ltr'><strong>tu</strong></span> <span class='ocrx_word' id='word_1_474' title='bbox 1582 3282 1758 3336; x_wconf 89' lang='lat' dir='ltr'><strong>adhuc</strong></span> <span class='ocrx_word' id='word_1_475' title='bbox 1815 3285 1897 3336; x_wconf 89' lang='lat' dir='ltr'><strong>ais</strong></span> <span class='ocrx_word' id='word_1_476' title='bbox 1929 3293 1978 3336; x_wconf 87' lang='lat' dir='ltr'><strong>te</strong></span> 
     </span>
    </p>
   </div>
   <div class='ocr_carea' id='block_1_64' title="bbox 431 3371 1978 3433">
    <p class='ocr_par' dir='ltr' id='par_1_64' title="bbox 431 3371 1978 3433">
     <span class='ocr_line' id='line_1_64' title="bbox 431 3371 1978 3433; baseline 0.005 -14"><span class='ocrx_word' id='word_1_477' title='bbox 431 3379 572 3433; x_wconf 79' lang='lat' dir='ltr'><strong>esse,</strong></span> <span class='ocrx_word' id='word_1_478' title='bbox 596 3376 842 3432; x_wconf 85' lang='lat' dir='ltr'><strong>neutrum</strong></span> <span class='ocrx_word' id='word_1_479' title='bbox 910 3377 1272 3420; x_wconf 76' lang='lat' dir='ltr'><strong>extremorum</strong></span> <span class='ocrx_word' id='word_1_480' title='bbox 1339 3371 1641 3433; x_wconf 86' lang='lat' dir='ltr'><strong>tenens;in</strong></span> <span class='ocrx_word' id='word_1_481' title='bbox 1700 3373 1978 3426; x_wconf 79' lang='lat' dir='ltr'><strong>omnibus-</strong></span> 
     </span>
    </p>
   </div>
   <div class='ocr_carea' id='block_1_65' title="bbox 432 3453 1974 3528">
    <p class='ocr_par' dir='ltr' id='par_1_65' title="bbox 432 3453 1974 3528">
     <span class='ocr_line' id='line_1_65' title="bbox 432 3453 1974 3528; baseline 0.008 -28"><span class='ocrx_word' id='word_1_482' title='bbox 432 3469 555 3520; x_wconf 80' lang='lat' dir='ltr'><strong>que,</strong></span> <span class='ocrx_word' id='word_1_483' title='bbox 597 3456 803 3505; x_wconf 68' lang='lat' dir='ltr'><strong>caeteris</strong></span> <span class='ocrx_word' id='word_1_484' title='bbox 833 3453 1075 3519; x_wconf 88' lang='lat' dir='ltr'><strong>paribus,</strong></span> <span class='ocrx_word' id='word_1_485' title='bbox 1107 3454 1409 3521; x_wconf 90' lang='lat' dir='ltr'><strong>eligendum</strong></span> <span class='ocrx_word' id='word_1_486' title='bbox 1433 3459 1504 3510; x_wconf 91' lang='lat' dir='ltr'><strong>sit</strong></span> <span class='ocrx_word' id='word_1_487' title='bbox 1554 3460 1750 3528; x_wconf 83' lang='lat' dir='ltr'><strong>magis,</strong></span> <span class='ocrx_word' id='word_1_488' title='bbox 1830 3461 1974 3526; x_wconf 89' lang='lat' dir='ltr'><strong>quod</strong></span> 
     </span>
    </p>
   </div>
   <div class='ocr_carea' id='block_1_66' title="bbox 433 3541 1971 3610">
    <p class='ocr_par' dir='ltr' id='par_1_66' title="bbox 433 3541 1971 3610">
     <span class='ocr_line' id='line_1_66' title="bbox 433 3541 1971 3610; baseline 0.005 -16"><span class='ocrx_word' id='word_1_489' title='bbox 433 3541 550 3594; x_wconf 83' lang='lat' dir='ltr'><strong>sine</strong></span> <span class='ocrx_word' id='word_1_490' title='bbox 577 3543 816 3608; x_wconf 88' lang='lat' dir='ltr'><strong>periculo</strong></span> <span class='ocrx_word' id='word_1_491' title='bbox 835 3553 935 3603; x_wconf 90' lang='lat' dir='ltr'><strong>est,</strong></span> <span class='ocrx_word' id='word_1_492' title='bbox 969 3558 1130 3610; x_wconf 89' lang='lat' dir='ltr'><strong>quam</strong></span> <span class='ocrx_word' id='word_1_493' title='bbox 1163 3545 1305 3609; x_wconf 90' lang='lat' dir='ltr'><strong>quod</strong></span> <span class='ocrx_word' id='word_1_494' title='bbox 1337 3546 1700 3610; x_wconf 88' lang='lat' dir='ltr'><strong>periculosum</strong></span> <span class='ocrx_word' id='word_1_495' title='bbox 1738 3565 1753 3602; x_wconf 89' lang='lat'><strong>:</strong></span> <span class='ocrx_word' id='word_1_496' title='bbox 1791 3563 1971 3601; x_wconf 91' lang='lat' dir='ltr'><strong>nonne</strong></span> 
     </span>
    </p>
   </div>
   <div class='ocr_carea' id='block_1_67' title="bbox 429 3631 1975 3702">
    <p class='ocr_par' dir='ltr' id='par_1_67' title="bbox 429 3631 1975 3702">
     <span class='ocr_line' id='line_1_67' title="bbox 429 3631 1975 3702; baseline 0.004 -18"><span class='ocrx_word' id='word_1_497' title='bbox 429 3632 538 3700; x_wconf 83' lang='lat' dir='ltr'><strong>jam</strong></span> <span class='ocrx_word' id='word_1_498' title='bbox 571 3644 633 3684; x_wconf 82' lang='lat' dir='ltr'><strong>ex</strong></span> <span class='ocrx_word' id='word_1_499' title='bbox 659 3631 766 3685; x_wconf 87' lang='lat' dir='ltr'><strong>tuis</strong></span> <span class='ocrx_word' id='word_1_500' title='bbox 812 3633 1231 3700; x_wconf 89' lang='lat' dir='ltr'><strong>c0gitationibus</strong></span> <span class='ocrx_word' id='word_1_501' title='bbox 1284 3636 1433 3689; x_wconf 85' lang='lat' dir='ltr'><strong>vides</strong></span> <span class='ocrx_word' id='word_1_502' title='bbox 1486 3637 1760 3702; x_wconf 87' lang='lat' dir='ltr'><strong>concludi,</strong></span> <span class='ocrx_word' id='word_1_503' title='bbox 1816 3637 1975 3690; x_wconf 88' lang='lat' dir='ltr'><strong>nimis</strong></span> 
     </span>
    </p>
   </div>
   <div class='ocr_carea' id='block_1_68' title="bbox 436 3720 1976 3793">
    <p class='ocr_par' dir='ltr' id='par_1_68' title="bbox 436 3720 1976 3793">
     <span class='ocr_line' id='line_1_68' title="bbox 436 3720 1976 3793; baseline 0.004 -19"><span class='ocrx_word' id='word_1_504' title='bbox 436 3720 798 3775; x_wconf 85' lang='lat' dir='ltr'><strong>necessarium</strong></span> <span class='ocrx_word' id='word_1_505' title='bbox 831 3735 974 3782; x_wconf 88' lang='lat' dir='ltr'><strong>esse,</strong></span> <span class='ocrx_word' id='word_1_506' title='bbox 997 3721 1410 3786; x_wconf 86' lang='lat' dir='ltr'><strong>Latiuis&#39;eadem</strong></span> <span class='ocrx_word' id='word_1_507' title='bbox 1438 3726 1570 3779; x_wconf 91' lang='lat' dir='ltr'><strong>velle</strong></span> <span class='ocrx_word' id='word_1_508' title='bbox 1605 3729 1668 3779; x_wconf 91' lang='lat' dir='ltr'><strong>de</strong></span> <span class='ocrx_word' id='word_1_509' title='bbox 1701 3726 1976 3793; x_wconf 91' lang='lat' dir='ltr'><strong>proposito</strong></span> 
     </span>
    </p>
   </div>
   <div class='ocr_carea' id='block_1_69' title="bbox 436 3813 1977 3879">
    <p class='ocr_par' dir='ltr' id='par_1_69' title="bbox 436 3813 1977 3879">
     <span class='ocr_line' id='line_1_69' title="bbox 436 3813 1977 3879; baseline 0.003 -13"><span class='ocrx_word' id='word_1_510' title='bbox 436 3825 647 3878; x_wconf 77' lang='lat' dir='ltr'><strong>sapere,</strong></span> <span class='ocrx_word' id='word_1_511' title='bbox 678 3813 866 3866; x_wconf 86' lang='lat' dir='ltr'><strong>eodem</strong></span> <span class='ocrx_word' id='word_1_512' title='bbox 905 3828 1030 3866; x_wconf 88' lang='lat' dir='ltr'><strong>vero</strong></span> <span class='ocrx_word' id='word_1_513' title='bbox 1054 3817 1242 3879; x_wconf 87' lang='lat' dir='ltr'><strong>modo;</strong></span> <span class='ocrx_word' id='word_1_514' title='bbox 1268 3815 1380 3868; x_wconf 90' lang='lat' dir='ltr'><strong>visa</strong></span> <span class='ocrx_word' id='word_1_515' title='bbox 1403 3817 1661 3870; x_wconf 81' lang='lat' dir='ltr'><strong>similiter</strong></span> <span class='ocrx_word' id='word_1_516' title='bbox 1720 3817 1977 3872; x_wconf 64' lang='lat' dir='ltr'><strong>Romana</strong></span> 
     </span>
    </p>
   </div>
   <div class='ocr_carea' id='block_1_70' title="bbox 440 3900 1971 3970">
    <p class='ocr_par' dir='ltr' id='par_1_70' title="bbox 440 3900 1971 3970">
     <span class='ocr_line' id='line_1_70' title="bbox 440 3900 1971 3970; baseline 0.004 -16"><span class='ocrx_word' id='word_1_517' title='bbox 440 3900 691 3955; x_wconf 63' lang='lat' dir='ltr'><strong>Ecclesiae</strong></span> <span class='ocrx_word' id='word_1_518' title='bbox 710 3901 1041 3956; x_wconf 79' lang='lat' dir='ltr'><strong>auctoritate’</strong></span> <span class='ocrx_word' id='word_1_519' title='bbox 1075 3917 1169 3970; x_wconf 92' lang='lat' dir='ltr'><strong>per</strong></span> <span class='ocrx_word' id='word_1_520' title='bbox 1202 3905 1397 3958; x_wconf 89' lang='lat' dir='ltr'><strong>similia</strong></span> <span class='ocrx_word' id='word_1_521' title='bbox 1461 3907 1635 3959; x_wconf 92' lang='lat' dir='ltr'><strong>media</strong></span> <span class='ocrx_word' id='word_1_522' title='bbox 1679 3909 1971 3968; x_wconf 86' lang='lat' dir='ltr'><strong>transiens.</strong></span> 
     </span>
    </p>
   </div>
   <div class='ocr_carea' id='block_1_71' title="bbox 435 3991 1976 4058">
    <p class='ocr_par' dir='ltr' id='par_1_71' title="bbox 435 3991 1976 4058">
     <span class='ocr_line' id='line_1_71' title="bbox 435 3991 1976 4058; baseline 0.001 -12"><span class='ocrx_word' id='word_1_523' title='bbox 435 3991 716 4058; x_wconf 72' lang='lat' dir='ltr'><strong>pervenias</strong></span> <span class='ocrx_word' id='word_1_524' title='bbox 761 3992 1064 4045; x_wconf 84' lang='lat' dir='ltr'><strong>necessario</strong></span> <span class='ocrx_word' id='word_1_525' title='bbox 1109 3991 1173 4045; x_wconf 90' lang='lat' dir='ltr'><strong>ad</strong></span> <span class='ocrx_word' id='word_1_526' title='bbox 1226 3994 1473 4047; x_wconf 83' lang='lat' dir='ltr'><strong>eamdem</strong></span> <span class='ocrx_word' id='word_1_527' title='bbox 1520 3995 1976 4049; x_wconf 88' lang='lat' dir='ltr'><strong>conclusionem?</strong></span> 
     </span>
    </p>
   </div>
   <div class='ocr_carea' id='block_1_72' title="bbox 435 4080 1976 4154">
    <p class='ocr_par' dir='ltr' id='par_1_72' title="bbox 435 4080 1976 4154">
     <span class='ocr_line' id='line_1_72' title="bbox 435 4080 1976 4154; baseline 0.003 -20"><span class='ocrx_word' id='word_1_528' title='bbox 435 4080 611 4144; x_wconf 83' lang='lat' dir='ltr'><strong>Quare</strong></span> <span class='ocrx_word' id='word_1_529' title='bbox 638 4081 851 4134; x_wconf 87' lang='lat' dir='ltr'><strong>etiamsi</strong></span> <span class='ocrx_word' id='word_1_530' title='bbox 885 4081 1121 4133; x_wconf 88' lang='lat' dir='ltr'><strong>nondum</strong></span> <span class='ocrx_word' id='word_1_531' title='bbox 1149 4082 1339 4137; x_wconf 79' lang='lat' dir='ltr'><strong>fuisset</strong></span> <span class='ocrx_word' id='word_1_532' title='bbox 1370 4081 1570 4137; x_wconf 72' lang='lat' dir='ltr'><strong>factum</strong></span> <span class='ocrx_word' id='word_1_533' title='bbox 1635 4086 1700 4137; x_wconf 88' lang='lat' dir='ltr'><strong>de</strong></span> <span class='ocrx_word' id='word_1_534' title='bbox 1747 4086 1847 4139; x_wconf 85' lang='lat' dir='ltr'><strong>hoc</strong></span> <span class='ocrx_word' id='word_1_535' title='bbox 1887 4100 1976 4154; x_wconf 86' lang='lat' dir='ltr'><strong>ge-</strong></span> 
     </span>
    </p>
   </div>
   <div class='ocr_carea' id='block_1_73' title="bbox 436 4168 1973 4241">
    <p class='ocr_par' dir='ltr' id='par_1_73' title="bbox 436 4168 1973 4241">
     <span class='ocr_line' id='line_1_73' title="bbox 436 4168 1973 4241; baseline 0.005 -20"><span class='ocrx_word' id='word_1_536' title='bbox 436 4169 615 4222; x_wconf 88' lang='lat' dir='ltr'><strong>nerale</strong></span> <span class='ocrx_word' id='word_1_537' title='bbox 644 4168 953 4229; x_wconf 88' lang='lat' dir='ltr'><strong>concilium,</strong></span> <span class='ocrx_word' id='word_1_538' title='bbox 987 4177 1162 4222; x_wconf 89' lang='lat' dir='ltr'><strong>tamen</strong></span> <span class='ocrx_word' id='word_1_539' title='bbox 1196 4172 1563 4224; x_wconf 89' lang='lat' dir='ltr'><strong>necessarium</strong></span> <span class='ocrx_word' id='word_1_540' title='bbox 1589 4183 1672 4226; x_wconf 85' lang='lat' dir='ltr'><strong>est</strong></span> <span class='ocrx_word' id='word_1_541' title='bbox 1732 4174 1973 4241; x_wconf 90' lang='lat' dir='ltr'><strong>recipere</strong></span> 
     </span>
    </p>
   </div>
   <div class='ocr_carea' id='block_1_74' title="bbox 434 4255 1968 4327">
    <p class='ocr_par' dir='ltr' id='par_1_74' title="bbox 434 4255 1968 4327">
     <span class='ocr_line' id='line_1_74' title="bbox 434 4255 1968 4327; baseline 0.002 -18"><span class='ocrx_word' id='word_1_542' title='bbox 434 4257 578 4325; x_wconf 89' lang='lat' dir='ltr'><strong>quod</strong></span> <span class='ocrx_word' id='word_1_543' title='bbox 613 4255 847 4323; x_wconf 88' lang='lat' dir='ltr'><strong>Spiritus</strong></span> <span class='ocrx_word' id='word_1_544' title='bbox 875 4265 1097 4308; x_wconf 88' lang='lat' dir='ltr'><strong>sanctus</strong></span> <span class='ocrx_word' id='word_1_545' title='bbox 1121 4271 1186 4309; x_wconf 79' lang='lat' dir='ltr'><strong>ex</strong></span> <span class='ocrx_word' id='word_1_546' title='bbox 1223 4256 1378 4310; x_wconf 88' lang='lat' dir='ltr'><strong>Patre</strong></span> <span class='ocrx_word' id='word_1_547' title='bbox 1406 4258 1654 4327; x_wconf 88' lang='lat' dir='ltr'><strong>Filioque</strong></span> <span class='ocrx_word' id='word_1_548' title='bbox 1685 4263 1927 4327; x_wconf 88' lang='lat' dir='ltr'><strong>procedit</strong></span> <span class='ocrx_word' id='word_1_549' title='bbox 1954 4276 1968 4312; x_wconf 93' lang='lat'><strong>:</strong></span> 
     </span>
    </p>
   </div>
   <div class='ocr_carea' id='block_1_75' title="bbox 435 4347 1970 4416">
    <p class='ocr_par' dir='ltr' id='par_1_75' title="bbox 435 4347 1970 4416">
     <span class='ocr_line' id='line_1_75' title="bbox 435 4347 1970 4416; baseline 0.004 -18"><span class='ocrx_word' id='word_1_550' title='bbox 435 4354 490 4398; x_wconf 88' lang='lat' dir='ltr'><strong>et</strong></span> <span class='ocrx_word' id='word_1_551' title='bbox 517 4347 620 4398; x_wconf 85' lang='lat' dir='ltr'><strong>hoc</strong></span> <span class='ocrx_word' id='word_1_552' title='bbox 647 4353 927 4408; x_wconf 84' lang='lat' dir='ltr'><strong>negantes,</strong></span> <span class='ocrx_word' id='word_1_553' title='bbox 962 4358 1302 4411; x_wconf 86' lang='lat' dir='ltr'><strong>nequaquam</strong></span> <span class='ocrx_word' id='word_1_554' title='bbox 1354 4355 1606 4415; x_wconf 86' lang='lat' dir='ltr'><strong>tanquam</strong></span> <span class='ocrx_word' id='word_1_555' title='bbox 1632 4362 1836 4416; x_wconf 90' lang='lat' dir='ltr'><strong>partem</strong></span> <span class='ocrx_word' id='word_1_556' title='bbox 1871 4350 1970 4404; x_wconf 88' lang='lat' dir='ltr'><strong>Ec-</strong></span> 
     </span>
    </p>
   </div>
   <div class='ocr_carea' id='block_1_76' title="bbox 2080 3181 3620 3253">
    <p class='ocr_par' dir='ltr' id='par_1_76' title="bbox 2080 3181 3620 3253">
     <span class='ocr_line' id='line_1_76' title="bbox 2080 3181 3620 3253; baseline -0.008 -10"><span class='ocrx_word' id='word_1_557' title='bbox 2080 3199 2223 3244; x_wconf 85' lang='lat' dir='ltr'><strong>ctum</strong></span> <span class='ocrx_word' id='word_1_558' title='bbox 2277 3202 2382 3241; x_wconf 88' lang='lat' dir='ltr'><strong>non</strong></span> <span class='ocrx_word' id='word_1_559' title='bbox 2434 3187 2644 3249; x_wconf 83' lang='lat' dir='ltr'><strong>fuisset,</strong></span> <span class='ocrx_word' id='word_1_560' title='bbox 2691 3185 2833 3253; x_wconf 91' lang='lat' dir='ltr'><strong>quod</strong></span> <span class='ocrx_word' id='word_1_561' title='bbox 2870 3185 3102 3250; x_wconf 85' lang='lat' dir='ltr'><strong>Spiritus</strong></span> <span class='ocrx_word' id='word_1_562' title='bbox 3126 3183 3363 3249; x_wconf 90' lang='lat' dir='ltr'><strong>procedit</strong></span> <span class='ocrx_word' id='word_1_563' title='bbox 3402 3196 3464 3232; x_wconf 80' lang='lat' dir='ltr'><strong>ex</strong></span> <span class='ocrx_word' id='word_1_564' title='bbox 3520 3181 3620 3233; x_wconf 84' lang='lat' dir='ltr'><strong>Pa-</strong></span> 
     </span>
    </p>
   </div>
   <div class='ocr_carea' id='block_1_77' title="bbox 2080 3272 3614 3343">
    <p class='ocr_par' dir='ltr' id='par_1_77' title="bbox 2080 3272 3614 3343">
     <span class='ocr_line' id='line_1_77' title="bbox 2080 3272 3614 3343; baseline -0.008 -9"><span class='ocrx_word' id='word_1_565' title='bbox 2080 3289 2180 3343; x_wconf 86' lang='lat' dir='ltr'><strong>tre,</strong></span> <span class='ocrx_word' id='word_1_566' title='bbox 2239 3290 2292 3332; x_wconf 89' lang='lat' dir='ltr'><strong>et</strong></span> <span class='ocrx_word' id='word_1_567' title='bbox 2344 3280 2653 3332; x_wconf 89' lang='lat' dir='ltr'><strong>crederetur</strong></span> <span class='ocrx_word' id='word_1_568' title='bbox 2696 3277 2950 3330; x_wconf 65' lang='lat' dir='ltr'><strong>Ecclesiae</strong></span> <span class='ocrx_word' id='word_1_569' title='bbox 3007 3275 3284 3335; x_wconf 71' lang='lat' dir='ltr'><strong>Romanae,</strong></span> <span class='ocrx_word' id='word_1_570' title='bbox 3339 3272 3480 3339; x_wconf 87' lang='lat' dir='ltr'><strong>quod</strong></span> <span class='ocrx_word' id='word_1_571' title='bbox 3551 3286 3614 3322; x_wconf 82' lang='lat' dir='ltr'><strong>ex</strong></span> 
     </span>
    </p>
   </div>
   <div class='ocr_carea' id='block_1_78' title="bbox 2078 3361 3618 3430">
    <p class='ocr_par' dir='ltr' id='par_1_78' title="bbox 2078 3361 3618 3430">
     <span class='ocr_line' id='line_1_78' title="bbox 2078 3361 3618 3430; baseline -0.005 -13"><span class='ocrx_word' id='word_1_572' title='bbox 2078 3366 2215 3417; x_wconf 82' lang='lat' dir='ltr'><strong>Filio</strong></span> <span class='ocrx_word' id='word_1_573' title='bbox 2283 3366 2588 3430; x_wconf 83' lang='lat' dir='ltr'><strong>procedit:</strong></span> <span class='ocrx_word' id='word_1_574' title='bbox 2637 3378 2698 3415; x_wconf 78' lang='lat' dir='ltr'><strong>ex</strong></span> <span class='ocrx_word' id='word_1_575' title='bbox 2760 3365 2859 3415; x_wconf 93' lang='lat' dir='ltr'><strong>hoc</strong></span> <span class='ocrx_word' id='word_1_576' title='bbox 2937 3363 3120 3428; x_wconf 88' lang='lat' dir='ltr'><strong>utique</strong></span> <span class='ocrx_word' id='word_1_577' title='bbox 3202 3361 3618 3412; x_wconf 80' lang='lat' dir='ltr'><strong>concluderetur</strong></span> 
     </span>
    </p>
   </div>
   <div class='ocr_carea' id='block_1_79' title="bbox 2077 3447 3620 3514">
    <p class='ocr_par' dir='ltr' id='par_1_79' title="bbox 2077 3447 3620 3514">
     <span class='ocr_line' id='line_1_79' title="bbox 2077 3447 3620 3514; baseline -0.004 -10"><span class='ocrx_word' id='word_1_578' title='bbox 2077 3453 2382 3506; x_wconf 88' lang='lat' dir='ltr'><strong>necessario</strong></span> <span class='ocrx_word' id='word_1_579' title='bbox 2437 3451 2586 3502; x_wconf 87' lang='lat' dir='ltr'><strong>illud.</strong></span> <span class='ocrx_word' id='word_1_580' title='bbox 2621 3449 2752 3500; x_wconf 81' lang='lat' dir='ltr'><strong>Nam</strong></span> <span class='ocrx_word' id='word_1_581' title='bbox 2815 3451 2858 3501; x_wconf 90' lang='lat' dir='ltr'><strong>si</strong></span> <span class='ocrx_word' id='word_1_582' title='bbox 2910 3451 3148 3514; x_wconf 87' lang='lat' dir='ltr'><strong>procedit</strong></span> <span class='ocrx_word' id='word_1_583' title='bbox 3187 3463 3252 3500; x_wconf 72' lang='lat' dir='ltr'><strong>ex</strong></span> <span class='ocrx_word' id='word_1_584' title='bbox 3310 3447 3466 3508; x_wconf 81' lang='lat' dir='ltr'><strong>Filio,</strong></span> <span class='ocrx_word' id='word_1_585' title='bbox 3530 3448 3620 3514; x_wconf 87' lang='lat' dir='ltr'><strong>qui</strong></span> 
     </span>
    </p>
   </div>
   <div class='ocr_carea' id='block_1_80' title="bbox 2075 3538 3622 3607">
    <p class='ocr_par' dir='ltr' id='par_1_80' title="bbox 2075 3538 3622 3607">
     <span class='ocr_line' id='line_1_80' title="bbox 2075 3538 3622 3607; baseline -0.005 -14"><span class='ocrx_word' id='word_1_586' title='bbox 2075 3542 2253 3593; x_wconf 84' lang='lat' dir='ltr'><strong>omnia</strong></span> <span class='ocrx_word' id='word_1_587' title='bbox 2307 3555 2425 3607; x_wconf 65' lang='lat' dir='ltr'><strong>qua:</strong></span> <span class='ocrx_word' id='word_1_588' title='bbox 2477 3541 2634 3590; x_wconf 90' lang='lat' dir='ltr'><strong>habet</strong></span> <span class='ocrx_word' id='word_1_589' title='bbox 2666 3554 2728 3591; x_wconf 81' lang='lat' dir='ltr'><strong>ex</strong></span> <span class='ocrx_word' id='word_1_590' title='bbox 2782 3539 2936 3590; x_wconf 83' lang='lat' dir='ltr'><strong>Patre</strong></span> <span class='ocrx_word' id='word_1_591' title='bbox 3000 3539 3184 3598; x_wconf 88' lang='lat' dir='ltr'><strong>habet,</strong></span> <span class='ocrx_word' id='word_1_592' title='bbox 3223 3538 3464 3603; x_wconf 78' lang='lat' dir='ltr'><strong>procedit</strong></span> <span class='ocrx_word' id='word_1_593' title='bbox 3493 3551 3622 3601; x_wconf 70' lang='lat' dir='ltr'><strong>ergo</strong></span> 
     </span>
    </p>
   </div>
   <div class='ocr_carea' id='block_1_81' title="bbox 2091 3625 3622 3692">
    <p class='ocr_par' dir='ltr' id='par_1_81' title="bbox 2091 3625 3622 3692">
     <span class='ocr_line' id='line_1_81' title="bbox 2091 3625 3622 3692; baseline -0.005 -9"><span class='ocrx_word' id='word_1_594' title='bbox 2091 3640 2145 3683; x_wconf 93' lang='lat' dir='ltr'><strong>et</strong></span> <span class='ocrx_word' id='word_1_595' title='bbox 2200 3644 2264 3682; x_wconf 81' lang='lat' dir='ltr'><strong>ex</strong></span> <span class='ocrx_word' id='word_1_596' title='bbox 2329 3629 2502 3681; x_wconf 87' lang='lat' dir='ltr'><strong>Patre.</strong></span> <span class='ocrx_word' id='word_1_597' title='bbox 2552 3626 2730 3691; x_wconf 88' lang='lat' dir='ltr'><strong>Quare</strong></span> <span class='ocrx_word' id='word_1_598' title='bbox 2787 3641 2893 3679; x_wconf 92' lang='lat' dir='ltr'><strong>non</strong></span> <span class='ocrx_word' id='word_1_599' title='bbox 2955 3626 3213 3678; x_wconf 90' lang='lat' dir='ltr'><strong>tolluntur</strong></span> <span class='ocrx_word' id='word_1_600' title='bbox 3261 3625 3469 3687; x_wconf 78' lang='lat' dir='ltr'><strong>exhoc,</strong></span> <span class='ocrx_word' id='word_1_601' title='bbox 3502 3641 3622 3692; x_wconf 75' lang='lat' dir='ltr'><strong>qua:</strong></span> 
     </span>
    </p>
   </div>
   <div class='ocr_carea' id='block_1_82' title="bbox 2074 3716 3623 3790">
    <p class='ocr_par' dir='ltr' id='par_1_82' title="bbox 2074 3716 3623 3790">
     <span class='ocr_line' id='line_1_82' title="bbox 2074 3716 3623 3790; baseline -0.005 -15"><span class='ocrx_word' id='word_1_602' title='bbox 2074 3723 2225 3790; x_wconf 89' lang='lat' dir='ltr'><strong>prius</strong></span> <span class='ocrx_word' id='word_1_603' title='bbox 2287 3720 2662 3781; x_wconf 89' lang='lat' dir='ltr'><strong>credebantur,</strong></span> <span class='ocrx_word' id='word_1_604' title='bbox 2748 3718 2838 3772; x_wconf 92' lang='lat' dir='ltr'><strong>sed</strong></span> <span class='ocrx_word' id='word_1_605' title='bbox 2890 3718 3067 3770; x_wconf 87' lang='lat' dir='ltr'><strong>adhuc</strong></span> <span class='ocrx_word' id='word_1_606' title='bbox 3145 3716 3315 3782; x_wconf 80' lang='lat' dir='ltr'><strong>magis</strong></span> <span class='ocrx_word' id='word_1_607' title='bbox 3363 3716 3623 3767; x_wconf 83' lang='lat' dir='ltr'><strong>roboran-</strong></span> 
     </span>
    </p>
   </div>
   <div class='ocr_carea' id='block_1_83' title="bbox 2076 3806 3621 3878">
    <p class='ocr_par' dir='ltr' id='par_1_83' title="bbox 2076 3806 3621 3878">
     <span class='ocr_line' id='line_1_83' title="bbox 2076 3806 3621 3878; baseline -0.005 -14"><span class='ocrx_word' id='word_1_608' title='bbox 2076 3821 2182 3864; x_wconf 89' lang='lat' dir='ltr'><strong>tur.</strong></span> <span class='ocrx_word' id='word_1_609' title='bbox 2225 3809 2364 3878; x_wconf 86' lang='lat' dir='ltr'><strong>Ergo</strong></span> <span class='ocrx_word' id='word_1_610' title='bbox 2426 3809 2469 3860; x_wconf 91' lang='lat' dir='ltr'><strong>si</strong></span> <span class='ocrx_word' id='word_1_611' title='bbox 2515 3809 2566 3859; x_wconf 88' lang='lat' dir='ltr'><strong>in</strong></span> <span class='ocrx_word' id='word_1_612' title='bbox 2619 3807 2890 3874; x_wconf 90' lang='lat' dir='ltr'><strong>principio</strong></span> <span class='ocrx_word' id='word_1_613' title='bbox 2948 3806 3282 3868; x_wconf 88' lang='lat' dir='ltr'><strong>schismatis,</strong></span> <span class='ocrx_word' id='word_1_614' title='bbox 3339 3806 3468 3856; x_wconf 90' lang='lat' dir='ltr'><strong>nihil</strong></span> <span class='ocrx_word' id='word_1_615' title='bbox 3521 3819 3621 3856; x_wconf 92' lang='lat' dir='ltr'><strong>no-</strong></span> 
     </span>
    </p>
   </div>
   <div class='ocr_carea' id='block_1_84' title="bbox 2074 3895 3624 3967">
    <p class='ocr_par' dir='ltr' id='par_1_84' title="bbox 2074 3895 3624 3967">
     <span class='ocr_line' id='line_1_84' title="bbox 2074 3895 3624 3967; baseline -0.007 -11"><span class='ocrx_word' id='word_1_616' title='bbox 2074 3918 2196 3956; x_wconf 91' lang='lat' dir='ltr'><strong>vum</strong></span> <span class='ocrx_word' id='word_1_617' title='bbox 2244 3902 2323 3953; x_wconf 85' lang='lat' dir='ltr'><strong>vel</strong></span> <span class='ocrx_word' id='word_1_618' title='bbox 2363 3912 2668 3967; x_wconf 88' lang='lat' dir='ltr'><strong>repugnans</strong></span> <span class='ocrx_word' id='word_1_619' title='bbox 2718 3897 2878 3950; x_wconf 92' lang='lat' dir='ltr'><strong>alicui</strong></span> <span class='ocrx_word' id='word_1_620' title='bbox 2923 3911 3111 3949; x_wconf 89' lang='lat' dir='ltr'><strong>eorum</strong></span> <span class='ocrx_word' id='word_1_621' title='bbox 3136 3935 3150 3956; x_wconf 95' lang='lat'><strong>,</strong></span> <span class='ocrx_word' id='word_1_622' title='bbox 3183 3911 3302 3961; x_wconf 66' lang='lat' dir='ltr'><strong>qum</strong></span> <span class='ocrx_word' id='word_1_623' title='bbox 3335 3912 3361 3947; x_wconf 90' lang='lat' dir='ltr'><strong>a</strong></span> <span class='ocrx_word' id='word_1_624' title='bbox 3393 3905 3498 3946; x_wconf 84' lang='lat' dir='ltr'><strong>tota</strong></span> <span class='ocrx_word' id='word_1_625' title='bbox 3526 3895 3624 3946; x_wconf 85' lang='lat' dir='ltr'><strong>Ec-</strong></span> 
     </span>
    </p>
   </div>
   <div class='ocr_carea' id='block_1_85' title="bbox 2075 3983 3619 4053">
    <p class='ocr_par' dir='ltr' id='par_1_85' title="bbox 2075 3983 3619 4053">
     <span class='ocr_line' id='line_1_85' title="bbox 2075 3983 3619 4053; baseline -0.008 -7"><span class='ocrx_word' id='word_1_626' title='bbox 2075 3993 2237 4047; x_wconf 87' lang='lat' dir='ltr'><strong>clesia</strong></span> <span class='ocrx_word' id='word_1_627' title='bbox 2265 3991 2636 4050; x_wconf 83' lang='lat' dir='ltr'><strong>credebantur,</strong></span> <span class='ocrx_word' id='word_1_628' title='bbox 2657 3988 3018 4053; x_wconf 82' lang='lat' dir='ltr'><strong>dogmatizare</strong></span> <span class='ocrx_word' id='word_1_629' title='bbox 3053 3986 3213 4051; x_wconf 71' lang='lat' dir='ltr'><strong>coepit</strong></span> <span class='ocrx_word' id='word_1_630' title='bbox 3247 3986 3484 4036; x_wconf 87' lang='lat' dir='ltr'><strong>Ecclesia</strong></span> <span class='ocrx_word' id='word_1_631' title='bbox 3511 3983 3619 4034; x_wconf 58' lang='lat' dir='ltr'><strong>lto.</strong></span> 
     </span>
    </p>
   </div>
   <div class='ocr_carea' id='block_1_86' title="bbox 2076 4073 3617 4146">
    <p class='ocr_par' dir='ltr' id='par_1_86' title="bbox 2076 4073 3617 4146">
     <span class='ocr_line' id='line_1_86' title="bbox 2076 4073 3617 4146; baseline -0.016 -8"><span class='ocrx_word' id='word_1_632' title='bbox 2076 4098 2230 4137; x_wconf 89' lang='lat' dir='ltr'><strong>mana</strong></span> <span class='ocrx_word' id='word_1_633' title='bbox 2259 4122 2274 4146; x_wconf 97' lang='lat'><strong>,</strong></span> <span class='ocrx_word' id='word_1_634' title='bbox 2317 4080 2587 4146; x_wconf 90' lang='lat' dir='ltr'><strong>quomodo</strong></span> <span class='ocrx_word' id='word_1_635' title='bbox 2614 4092 2719 4129; x_wconf 90' lang='lat' dir='ltr'><strong>non</strong></span> <span class='ocrx_word' id='word_1_636' title='bbox 2745 4076 2966 4128; x_wconf 90' lang='lat' dir='ltr'><strong>omnino</strong></span> <span class='ocrx_word' id='word_1_637' title='bbox 2995 4083 3144 4126; x_wconf 84' lang='lat' dir='ltr'><strong>extra</strong></span> <span class='ocrx_word' id='word_1_638' title='bbox 3173 4073 3440 4124; x_wconf 87' lang='lat' dir='ltr'><strong>rationem</strong></span> <span class='ocrx_word' id='word_1_639' title='bbox 3499 4073 3617 4136; x_wconf 77' lang='lat' dir='ltr'><strong>ejus</strong></span> 
     </span>
    </p>
   </div>
   <div class='ocr_carea' id='block_1_87' title="bbox 2077 4163 3617 4230">
    <p class='ocr_par' dir='ltr' id='par_1_87' title="bbox 2077 4163 3617 4230">
     <span class='ocr_line' id='line_1_87' title="bbox 2077 4163 3617 4230; baseline -0.008 -4"><span class='ocrx_word' id='word_1_640' title='bbox 2077 4175 2150 4226; x_wconf 90' lang='lat' dir='ltr'><strong>illi</strong></span> <span class='ocrx_word' id='word_1_641' title='bbox 2175 4173 2476 4226; x_wconf 78' lang='lat' dir='ltr'><strong>relutarunt</strong></span> <span class='ocrx_word' id='word_1_642' title='bbox 2506 4169 2967 4227; x_wconf 83' lang='lat' dir='ltr'><strong>communionem,</strong></span> <span class='ocrx_word' id='word_1_643' title='bbox 2998 4163 3079 4215; x_wconf 92' lang='lat' dir='ltr'><strong>vel</strong></span> <span class='ocrx_word' id='word_1_644' title='bbox 3110 4163 3381 4230; x_wconf 88' lang='lat' dir='ltr'><strong>quomodo</strong></span> <span class='ocrx_word' id='word_1_645' title='bbox 3418 4176 3522 4212; x_wconf 91' lang='lat' dir='ltr'><strong>non</strong></span> <span class='ocrx_word' id='word_1_646' title='bbox 3550 4176 3617 4213; x_wconf 78' lang='lat' dir='ltr'><strong>ex</strong></span> 
     </span>
    </p>
   </div>
   <div class='ocr_carea' id='block_1_88' title="bbox 2075 4253 3614 4332">
    <p class='ocr_par' dir='ltr' id='par_1_88' title="bbox 2075 4253 3614 4332">
     <span class='ocr_line' id='line_1_88' title="bbox 2075 4253 3614 4332; baseline -0.01 -15"><span class='ocrx_word' id='word_1_647' title='bbox 2075 4266 2251 4332; x_wconf 90' lang='lat' dir='ltr'><strong>aliqua</strong></span> <span class='ocrx_word' id='word_1_648' title='bbox 2284 4262 2515 4316; x_wconf 87' lang='lat' dir='ltr'><strong>elatione</strong></span> <span class='ocrx_word' id='word_1_649' title='bbox 2541 4269 2593 4312; x_wconf 91' lang='lat' dir='ltr'><strong>et</strong></span> <span class='ocrx_word' id='word_1_650' title='bbox 2616 4258 2889 4326; x_wconf 86' lang='lat' dir='ltr'><strong>superbia,</strong></span> <span class='ocrx_word' id='word_1_651' title='bbox 2915 4256 2996 4308; x_wconf 89' lang='lat' dir='ltr'><strong>vel</strong></span> <span class='ocrx_word' id='word_1_652' title='bbox 3026 4254 3316 4306; x_wconf 79' lang='lat' dir='ltr'><strong>ambitione</strong></span> <span class='ocrx_word' id='word_1_653' title='bbox 3350 4260 3403 4303; x_wconf 90' lang='lat' dir='ltr'><strong>et</strong></span> <span class='ocrx_word' id='word_1_654' title='bbox 3434 4253 3614 4303; x_wconf 86' lang='lat' dir='ltr'><strong>avari-</strong></span> 
     </span>
    </p>
   </div>
   <div class='ocr_carea' id='block_1_89' title="bbox 2073 4341 3619 4418">
    <p class='ocr_par' dir='ltr' id='par_1_89' title="bbox 2073 4341 3619 4418">
     <span class='ocr_line' id='line_1_89' title="bbox 2073 4341 3619 4418; baseline -0.01 -11"><span class='ocrx_word' id='word_1_655' title='bbox 2073 4359 2168 4416; x_wconf 91' lang='lat' dir='ltr'><strong>tia,</strong></span> <span class='ocrx_word' id='word_1_656' title='bbox 2197 4355 2279 4406; x_wconf 92' lang='lat' dir='ltr'><strong>vel</strong></span> <span class='ocrx_word' id='word_1_657' title='bbox 2305 4353 2393 4405; x_wconf 92' lang='lat' dir='ltr'><strong>tali</strong></span> <span class='ocrx_word' id='word_1_658' title='bbox 2430 4353 2610 4418; x_wconf 85' lang='lat' dir='ltr'><strong>aliqua</strong></span> <span class='ocrx_word' id='word_1_659' title='bbox 2643 4349 2893 4417; x_wconf 88' lang='lat' dir='ltr'><strong>passione</strong></span> <span class='ocrx_word' id='word_1_660' title='bbox 2923 4346 3022 4413; x_wconf 88' lang='lat' dir='ltr'><strong>ipsi</strong></span> <span class='ocrx_word' id='word_1_661' title='bbox 3047 4346 3144 4396; x_wconf 85' lang='lat' dir='ltr'><strong>hoc</strong></span> <span class='ocrx_word' id='word_1_662' title='bbox 3166 4343 3306 4410; x_wconf 88' lang='lat' dir='ltr'><strong>passi</strong></span> <span class='ocrx_word' id='word_1_663' title='bbox 3337 4352 3460 4394; x_wconf 89' lang='lat' dir='ltr'><strong>sunt</strong></span> <span class='ocrx_word' id='word_1_664' title='bbox 3483 4341 3504 4391; x_wconf 87' lang='lat'><strong>?</strong></span> <span class='ocrx_word' id='word_1_665' title='bbox 3526 4354 3619 4392; x_wconf 87' lang='lat' dir='ltr'><strong>ne-</strong></span> 
     </span>
    </p>
   </div>
   <div class='ocr_carea' id='block_1_90' title="bbox 435 4417 3609 4517">
    <p class='ocr_par' dir='ltr' id='par_1_90' title="bbox 435 4417 3609 4517">
     <span class='ocr_line' id='line_1_90' title="bbox 435 4417 3609 4517; baseline 0.002 -30"><span class='ocrx_word' id='word_1_666' title='bbox 435 4433 631 4494; x_wconf 69' lang='lat' dir='ltr'><strong>clesiae,</strong></span> <span class='ocrx_word' id='word_1_667' title='bbox 665 4433 758 4485; x_wconf 89' lang='lat' dir='ltr'><strong>sed</strong></span> <span class='ocrx_word' id='word_1_668' title='bbox 792 4441 1050 4500; x_wconf 88' lang='lat' dir='ltr'><strong>tanquam</strong></span> <span class='ocrx_word' id='word_1_669' title='bbox 1073 4435 1292 4487; x_wconf 90' lang='lat' dir='ltr'><strong>omnino</strong></span> <span class='ocrx_word' id='word_1_670' title='bbox 1333 4436 1608 4491; x_wconf 81' lang='lat' dir='ltr'><strong>abscissos</strong></span> <span class='ocrx_word' id='word_1_671' title='bbox 1634 4439 1702 4491; x_wconf 90' lang='lat' dir='ltr'><strong>ab</strong></span> <span class='ocrx_word' id='word_1_672' title='bbox 1733 4439 1972 4493; x_wconf 77' lang='lat' dir='ltr'><strong>Ecclesia</strong></span> <span class='ocrx_word' id='word_1_673' title='bbox 2006 4417 2048 4470; x_wconf 72' lang='grc' dir='ltr'><strong>ί)</strong></span> <span class='ocrx_word' id='word_1_674' title='bbox 2082 4463 2189 4517; x_wconf 81' lang='lat' dir='ltr'><strong>que</strong></span> <span class='ocrx_word' id='word_1_675' title='bbox 2243 4447 2387 4501; x_wconf 75' lang='lat' dir='ltr'><strong>enim</strong></span> <span class='ocrx_word' id='word_1_676' title='bbox 2454 4417 2608 4506; x_wconf 87' lang='lat' dir='ltr'><strong>illud,</strong></span> <span class='ocrx_word' id='word_1_677' title='bbox 2634 4442 2780 4508; x_wconf 86' lang='lat' dir='ltr'><strong>quod</strong></span> <span class='ocrx_word' id='word_1_678' title='bbox 2818 4440 3108 4492; x_wconf 88' lang='lat' dir='ltr'><strong>multorum</strong></span> <span class='ocrx_word' id='word_1_679' title='bbox 3139 4443 3242 4496; x_wconf 77' lang='lat' dir='ltr'><strong>est.</strong></span> <span class='ocrx_word' id='word_1_680' title='bbox 3270 4436 3369 4487; x_wconf 78' lang='lat' dir='ltr'><strong>dici</strong></span> <span class='ocrx_word' id='word_1_681' title='bbox 3416 4442 3609 4500; x_wconf 77' lang='lat' dir='ltr'><strong>pOIesl.</strong></span> 
     </span>
    </p>
   </div>
   <div class='ocr_carea' id='block_1_91' title="bbox 435 4521 1978 4594">
    <p class='ocr_par' dir='ltr' id='par_1_91' title="bbox 435 4521 1978 4594">
     <span class='ocr_line' id='line_1_91' title="bbox 435 4521 1978 4594; baseline 0.005 -18"><span class='ocrx_word' id='word_1_682' title='bbox 435 4533 488 4576; x_wconf 89' lang='lat' dir='ltr'><strong>et</strong></span> <span class='ocrx_word' id='word_1_683' title='bbox 516 4525 582 4576; x_wconf 80' lang='lat' dir='ltr'><strong>ad</strong></span> <span class='ocrx_word' id='word_1_684' title='bbox 605 4523 864 4576; x_wconf 83' lang='lat' dir='ltr'><strong>rationem</strong></span> <span class='ocrx_word' id='word_1_685' title='bbox 892 4521 1224 4577; x_wconf 85' lang='lat' dir='ltr'><strong>schismatici</strong></span> <span class='ocrx_word' id='word_1_686' title='bbox 1270 4525 1527 4579; x_wconf 87' lang='lat' dir='ltr'><strong>cadentes</strong></span> <span class='ocrx_word' id='word_1_687' title='bbox 1561 4539 1766 4594; x_wconf 87' lang='lat' dir='ltr'><strong>putare.</strong></span> <span class='ocrx_word' id='word_1_688' title='bbox 1837 4530 1978 4593; x_wconf 83' lang='lat' dir='ltr'><strong>Quid</strong></span> 
     </span>
    </p>
   </div>
   <div class='ocr_carea' id='block_1_92' title="bbox 435 4612 1969 4682">
    <p class='ocr_par' dir='ltr' id='par_1_92' title="bbox 435 4612 1969 4682">
     <span class='ocr_line' id='line_1_92' title="bbox 435 4612 1969 4682; baseline 0.004 -19"><span class='ocrx_word' id='word_1_689' title='bbox 435 4623 611 4666; x_wconf 85' lang='lat' dir='ltr'><strong>autem</strong></span> <span class='ocrx_word' id='word_1_690' title='bbox 631 4613 727 4676; x_wconf 87' lang='lat' dir='ltr'><strong>,.si</strong></span> <span class='ocrx_word' id='word_1_691' title='bbox 756 4612 1091 4676; x_wconf 87' lang='lat' dir='ltr'><strong>ostendatur,</strong></span> <span class='ocrx_word' id='word_1_692' title='bbox 1121 4615 1265 4680; x_wconf 91' lang='lat' dir='ltr'><strong>quod</strong></span> <span class='ocrx_word' id='word_1_693' title='bbox 1301 4615 1458 4682; x_wconf 89' lang='lat' dir='ltr'><strong>primi</strong></span> <span class='ocrx_word' id='word_1_694' title='bbox 1485 4616 1700 4670; x_wconf 87' lang='lat' dir='ltr'><strong>illorum</strong></span> <span class='ocrx_word' id='word_1_695' title='bbox 1743 4617 1969 4671; x_wconf 65' lang='lat' dir='ltr'><strong>Graeco-</strong></span> 
     </span>
    </p>
   </div>
   <div class='ocr_carea' id='block_1_93' title="bbox 437 4702 1977 4770">
    <p class='ocr_par' dir='ltr' id='par_1_93' title="bbox 437 4702 1977 4770">
     <span class='ocr_line' id='line_1_93' title="bbox 437 4702 1977 4770; baseline 0.005 -15"><span class='ocrx_word' id='word_1_696' title='bbox 437 4717 579 4767; x_wconf 86' lang='lat' dir='ltr'><strong>rum,</strong></span> <span class='ocrx_word' id='word_1_697' title='bbox 609 4702 701 4770; x_wconf 90' lang='lat' dir='ltr'><strong>qui</strong></span> <span class='ocrx_word' id='word_1_698' title='bbox 739 4717 798 4756; x_wconf 90' lang='lat' dir='ltr'><strong>se</strong></span> <span class='ocrx_word' id='word_1_699' title='bbox 826 4711 1215 4770; x_wconf 83' lang='lat' dir='ltr'><strong>separaverunt</strong></span> <span class='ocrx_word' id='word_1_700' title='bbox 1239 4718 1265 4756; x_wconf 90' lang='lat' dir='ltr'><strong>a</strong></span> <span class='ocrx_word' id='word_1_701' title='bbox 1290 4704 1602 4758; x_wconf 87' lang='lat' dir='ltr'><strong>Latinorum</strong></span> <span class='ocrx_word' id='word_1_702' title='bbox 1637 4710 1977 4763; x_wconf 88' lang='lat' dir='ltr'><strong>communio-</strong></span> 
     </span>
    </p>
   </div>
   <div class='ocr_carea' id='block_1_94' title="bbox 437 4792 1974 4864">
    <p class='ocr_par' dir='ltr' id='par_1_94' title="bbox 437 4792 1974 4864">
     <span class='ocr_line' id='line_1_94' title="bbox 437 4792 1974 4864; baseline 0.006 -20"><span class='ocrx_word' id='word_1_703' title='bbox 437 4807 525 4856; x_wconf 88' lang='lat' dir='ltr'><strong>ne,</strong></span> <span class='ocrx_word' id='word_1_704' title='bbox 559 4805 664 4844; x_wconf 90' lang='lat' dir='ltr'><strong>non</strong></span> <span class='ocrx_word' id='word_1_705' title='bbox 693 4793 918 4851; x_wconf 86' lang='lat' dir='ltr'><strong>ratione.</strong></span> <span class='ocrx_word' id='word_1_706' title='bbox 944 4792 1036 4845; x_wconf 89' lang='lat' dir='ltr'><strong>sed</strong></span> <span class='ocrx_word' id='word_1_707' title='bbox 1068 4793 1300 4858; x_wconf 88' lang='lat' dir='ltr'><strong>quadam</strong></span> <span class='ocrx_word' id='word_1_708' title='bbox 1328 4793 1685 4850; x_wconf 75' lang='lat' dir='ltr'><strong>inrationabili</strong></span> <span class='ocrx_word' id='word_1_709' title='bbox 1723 4799 1974 4864; x_wconf 87' lang='lat' dir='ltr'><strong>passione</strong></span> 
     </span>
    </p>
   </div>
   <div class='ocr_carea' id='block_1_95' title="bbox 438 4881 1973 4951">
    <p class='ocr_par' dir='ltr' id='par_1_95' title="bbox 438 4881 1973 4951">
     <span class='ocr_line' id='line_1_95' title="bbox 438 4881 1973 4951; baseline 0.008 -20"><span class='ocrx_word' id='word_1_710' title='bbox 438 4881 540 4931; x_wconf 90' lang='lat' dir='ltr'><strong>hoc</strong></span> <span class='ocrx_word' id='word_1_711' title='bbox 567 4881 710 4947; x_wconf 89' lang='lat' dir='ltr'><strong>passi</strong></span> <span class='ocrx_word' id='word_1_712' title='bbox 741 4881 909 4934; x_wconf 86' lang='lat' dir='ltr'><strong>sunt?</strong></span> <span class='ocrx_word' id='word_1_713' title='bbox 935 4895 1107 4933; x_wconf 89' lang='lat' dir='ltr'><strong>nonne</strong></span> <span class='ocrx_word' id='word_1_714' title='bbox 1138 4890 1190 4934; x_wconf 87' lang='lat' dir='ltr'><strong>et</strong></span> <span class='ocrx_word' id='word_1_715' title='bbox 1220 4882 1295 4934; x_wconf 82' lang='lat' dir='ltr'><strong>ita</strong></span> <span class='ocrx_word' id='word_1_716' title='bbox 1339 4884 1668 4948; x_wconf 77' lang='lat' dir='ltr'><strong>patefactum</strong></span> <span class='ocrx_word' id='word_1_717' title='bbox 1715 4892 1840 4951; x_wconf 85' lang='lat' dir='ltr'><strong>erit,</strong></span> <span class='ocrx_word' id='word_1_718' title='bbox 1873 4892 1973 4944; x_wconf 88' lang='lat' dir='ltr'><strong>hos</strong></span> 
     </span>
    </p>
   </div>
   <div class='ocr_carea' id='block_1_96' title="bbox 431 4971 1975 5043">
    <p class='ocr_par' dir='ltr' id='par_1_96' title="bbox 431 4971 1975 5043">
     <span class='ocr_line' id='line_1_96' title="bbox 431 4971 1975 5043; baseline 0.008 -23"><span class='ocrx_word' id='word_1_719' title='bbox 431 4981 558 5022; x_wconf 81' lang='lat' dir='ltr'><strong>esse</strong></span> <span class='ocrx_word' id='word_1_720' title='bbox 586 4971 1000 5024; x_wconf 72' lang='lat' dir='ltr'><strong>schismaticos?</strong></span> <span class='ocrx_word' id='word_1_721' title='bbox 1027 4981 1084 5023; x_wconf 88' lang='lat' dir='ltr'><strong>at</strong></span> <span class='ocrx_word' id='word_1_722' title='bbox 1113 4986 1242 5024; x_wconf 85' lang='lat' dir='ltr'><strong>vero</strong></span> <span class='ocrx_word' id='word_1_723' title='bbox 1273 4973 1405 5026; x_wconf 86' lang='lat' dir='ltr'><strong>nihil</strong></span> <span class='ocrx_word' id='word_1_724' title='bbox 1435 4974 1509 5037; x_wconf 84' lang='lat' dir='ltr'><strong>ita</strong></span> <span class='ocrx_word' id='word_1_725' title='bbox 1556 4985 1802 5043; x_wconf 87' lang='lat' dir='ltr'><strong>apertum</strong></span> <span class='ocrx_word' id='word_1_726' title='bbox 1861 4981 1975 5032; x_wconf 81' lang='lat' dir='ltr'><strong>ﬂeri</strong></span> 
     </span>
    </p>
   </div>
   <div class='ocr_carea' id='block_1_97' title="bbox 438 5059 1971 5128">
    <p class='ocr_par' dir='ltr' id='par_1_97' title="bbox 438 5059 1971 5128">
     <span class='ocr_line' id='line_1_97' title="bbox 438 5059 1971 5128; baseline 0.01 -21"><span class='ocrx_word' id='word_1_727' title='bbox 438 5067 635 5122; x_wconf 81' lang='lat' dir='ltr'><strong>potest.</strong></span> <span class='ocrx_word' id='word_1_728' title='bbox 676 5059 1031 5112; x_wconf 79' lang='lat' dir='ltr'><strong>Considerare</strong></span> <span class='ocrx_word' id='word_1_729' title='bbox 1053 5061 1291 5114; x_wconf 82' lang='lat' dir='ltr'><strong>enimita</strong></span> <span class='ocrx_word' id='word_1_730' title='bbox 1316 5073 1547 5128; x_wconf 88' lang='lat' dir='ltr'><strong>oportet,</strong></span> <span class='ocrx_word' id='word_1_731' title='bbox 1579 5066 1643 5118; x_wconf 91' lang='lat' dir='ltr'><strong>ad</strong></span> <span class='ocrx_word' id='word_1_732' title='bbox 1663 5067 1971 5122; x_wconf 88' lang='lat' dir='ltr'><strong>evitandum</strong></span> 
     </span>
    </p>
   </div>
   <div class='ocr_carea' id='block_1_98' title="bbox 441 5147 1976 5222">
    <p class='ocr_par' dir='ltr' id='par_1_98' title="bbox 441 5147 1976 5222">
     <span class='ocr_line' id='line_1_98' title="bbox 441 5147 1976 5222; baseline 0.009 -25"><span class='ocrx_word' id='word_1_733' title='bbox 441 5147 835 5202; x_wconf 86' lang='lat' dir='ltr'><strong>rationabiliter</strong></span> <span class='ocrx_word' id='word_1_734' title='bbox 863 5151 1050 5202; x_wconf 87' lang='lat' dir='ltr'><strong>matris</strong></span> <span class='ocrx_word' id='word_1_735' title='bbox 1086 5148 1454 5205; x_wconf 79' lang='lat' dir='ltr'><strong>Ecclesiarum</strong></span> <span class='ocrx_word' id='word_1_736' title='bbox 1516 5157 1976 5222; x_wconf 87' lang='lat' dir='ltr'><strong>communionem,</strong></span> 
     </span>
    </p>
   </div>
   <div class='ocr_carea' id='block_1_99' title="bbox 441 5236 1976 5307">
    <p class='ocr_par' dir='ltr' id='par_1_99' title="bbox 441 5236 1976 5307">
     <span class='ocr_line' id='line_1_99' title="bbox 441 5236 1976 5307; baseline 0.007 -19"><span class='ocrx_word' id='word_1_737' title='bbox 441 5239 545 5288; x_wconf 89' lang='lat' dir='ltr'><strong>duo</strong></span> <span class='ocrx_word' id='word_1_738' title='bbox 577 5236 851 5304; x_wconf 78' lang='lat' dir='ltr'><strong>oporteva</strong></span> <span class='ocrx_word' id='word_1_739' title='bbox 887 5243 1192 5294; x_wconf 69' lang='lat' dir='ltr'><strong>neceSSario</strong></span> <span class='ocrx_word' id='word_1_740' title='bbox 1214 5255 1502 5295; x_wconf 85' lang='lat' dir='ltr'><strong>occurrere</strong></span> <span class='ocrx_word' id='word_1_741' title='bbox 1538 5261 1552 5296; x_wconf 87' lang='lat'><strong>:</strong></span> <span class='ocrx_word' id='word_1_742' title='bbox 1595 5259 1785 5307; x_wconf 88' lang='lat' dir='ltr'><strong>unum,</strong></span> <span class='ocrx_word' id='word_1_743' title='bbox 1843 5255 1976 5300; x_wconf 84' lang='lat' dir='ltr'><strong>tunc</strong></span> 
     </span>
    </p>
   </div>
   <div class='ocr_carea' id='block_1_100' title="bbox 443 5327 1978 5404">
    <p class='ocr_par' dir='ltr' id='par_1_100' title="bbox 443 5327 1978 5404">
     <span class='ocr_line' id='line_1_100' title="bbox 443 5327 1978 5404; baseline 0.009 -28"><span class='ocrx_word' id='word_1_744' title='bbox 443 5327 692 5392; x_wconf 87' lang='lat' dir='ltr'><strong>primitus</strong></span> <span class='ocrx_word' id='word_1_745' title='bbox 717 5329 982 5394; x_wconf 69' lang='lat' dir='ltr'><strong>incepisse</strong></span> <span class='ocrx_word' id='word_1_746' title='bbox 1012 5329 1310 5385; x_wconf 79' lang='lat' dir='ltr'><strong>Romanam</strong></span> <span class='ocrx_word' id='word_1_747' title='bbox 1338 5331 1634 5385; x_wconf 75' lang='lat' dir='ltr'><strong>Ecclesium</strong></span> <span class='ocrx_word' id='word_1_748' title='bbox 1687 5336 1885 5404; x_wconf 88' lang='lat' dir='ltr'><strong>aliquid</strong></span> <span class='ocrx_word' id='word_1_749' title='bbox 1913 5340 1978 5390; x_wconf 91' lang='lat' dir='ltr'><strong>de</strong></span> 
     </span>
    </p>
   </div>
   <div class='ocr_carea' id='block_1_101' title="bbox 444 5415 1976 5490">
    <p class='ocr_par' dir='ltr' id='par_1_101' title="bbox 444 5415 1976 5490">
     <span class='ocr_line' id='line_1_101' title="bbox 444 5415 1976 5490; baseline 0.008 -24"><span class='ocrx_word' id='word_1_750' title='bbox 444 5415 781 5482; x_wconf 72' lang='lat' dir='ltr'><strong>dogmatibus</strong></span> <span class='ocrx_word' id='word_1_751' title='bbox 803 5419 922 5471; x_wconf 85' lang='lat' dir='ltr'><strong>lldei</strong></span> <span class='ocrx_word' id='word_1_752' title='bbox 949 5434 1134 5484; x_wconf 89' lang='lat' dir='ltr'><strong>sapere</strong></span> <span class='ocrx_word' id='word_1_753' title='bbox 1161 5429 1214 5471; x_wconf 90' lang='lat' dir='ltr'><strong>et</strong></span> <span class='ocrx_word' id='word_1_754' title='bbox 1236 5418 1623 5486; x_wconf 81' lang='lat' dir='ltr'><strong>dogmatizare,</strong></span> <span class='ocrx_word' id='word_1_755' title='bbox 1662 5423 1802 5489; x_wconf 86' lang='lat' dir='ltr'><strong>quod</strong></span> <span class='ocrx_word' id='word_1_756' title='bbox 1829 5427 1976 5490; x_wconf 88' lang='lat' dir='ltr'><strong>prius</strong></span> 
     </span>
    </p>
   </div>
   <div class='ocr_carea' id='block_1_102' title="bbox 445 5505 1976 5573">
    <p class='ocr_par' dir='ltr' id='par_1_102' title="bbox 445 5505 1976 5573">
     <span class='ocr_line' id='line_1_102' title="bbox 445 5505 1976 5573; baseline 0.008 -17"><span class='ocrx_word' id='word_1_757' title='bbox 445 5518 616 5571; x_wconf 72' lang='lat' dir='ltr'><strong>neque</strong></span> <span class='ocrx_word' id='word_1_758' title='bbox 650 5505 898 5567; x_wconf 88' lang='lat' dir='ltr'><strong>docebat,</strong></span> <span class='ocrx_word' id='word_1_759' title='bbox 935 5523 1103 5573; x_wconf 83' lang='lat' dir='ltr'><strong>neque</strong></span> <span class='ocrx_word' id='word_1_760' title='bbox 1129 5509 1409 5561; x_wconf 81' lang='lat' dir='ltr'><strong>sentiebat.</strong></span> <span class='ocrx_word' id='word_1_761' title='bbox 1469 5509 1772 5565; x_wconf 87' lang='lat' dir='ltr'><strong>Secundum</strong></span> <span class='ocrx_word' id='word_1_762' title='bbox 1807 5527 1887 5568; x_wconf 87' lang='lat' dir='ltr'><strong>est</strong></span> <span class='ocrx_word' id='word_1_763' title='bbox 1912 5517 1976 5570; x_wconf 90' lang='lat' dir='ltr'><strong>il-</strong></span> 
     </span>
    </p>
   </div>
   <div class='ocr_carea' id='block_1_103' title="bbox 446 5592 1978 5669">
    <p class='ocr_par' dir='ltr' id='par_1_103' title="bbox 446 5592 1978 5669">
     <span class='ocr_line' id='line_1_103' title="bbox 446 5592 1978 5669; baseline 0.01 -26"><span class='ocrx_word' id='word_1_764' title='bbox 446 5592 558 5655; x_wconf 83' lang='lat' dir='ltr'><strong>lud,</strong></span> <span class='ocrx_word' id='word_1_765' title='bbox 585 5592 794 5644; x_wconf 87' lang='lat' dir='ltr'><strong>noviter</strong></span> <span class='ocrx_word' id='word_1_766' title='bbox 821 5592 1242 5660; x_wconf 84' lang='lat' dir='ltr'><strong>dogmatizatum</strong></span> <span class='ocrx_word' id='word_1_767' title='bbox 1295 5597 1364 5646; x_wconf 90' lang='lat' dir='ltr'><strong>ita</strong></span> <span class='ocrx_word' id='word_1_768' title='bbox 1394 5609 1453 5647; x_wconf 88' lang='lat' dir='ltr'><strong>se</strong></span> <span class='ocrx_word' id='word_1_769' title='bbox 1483 5597 1677 5652; x_wconf 83' lang='lat' dir='ltr'><strong>habere</strong></span> <span class='ocrx_word' id='word_1_770' title='bbox 1733 5607 1978 5669; x_wconf 89' lang='lat' dir='ltr'><strong>opposite</strong></span> 
     </span>
    </p>
   </div>
   <div class='ocr_carea' id='block_1_104' title="bbox 444 5684 1962 5753">
    <p class='ocr_par' dir='ltr' id='par_1_104' title="bbox 444 5684 1962 5753">
     <span class='ocr_line' id='line_1_104' title="bbox 444 5684 1962 5753; baseline 0.011 -21"><span class='ocrx_word' id='word_1_771' title='bbox 444 5693 496 5733; x_wconf 87' lang='lat' dir='ltr'><strong>et</strong></span> <span class='ocrx_word' id='word_1_772' title='bbox 525 5692 879 5752; x_wconf 82' lang='lat' dir='ltr'><strong>repugnanter</strong></span> <span class='ocrx_word' id='word_1_773' title='bbox 919 5684 1118 5753; x_wconf 87' lang='lat' dir='ltr'><strong>aliquid</strong></span> <span class='ocrx_word' id='word_1_774' title='bbox 1157 5699 1341 5737; x_wconf 86' lang='lat' dir='ltr'><strong>eorum</strong></span> <span class='ocrx_word' id='word_1_775' title='bbox 1401 5700 1522 5752; x_wconf 67' lang='lat' dir='ltr'><strong>quae</strong></span> <span class='ocrx_word' id='word_1_776' title='bbox 1571 5691 1650 5742; x_wconf 87' lang='lat' dir='ltr'><strong>vel</strong></span> <span class='ocrx_word' id='word_1_777' title='bbox 1690 5691 1742 5744; x_wconf 90' lang='lat' dir='ltr'><strong>in</strong></span> <span class='ocrx_word' id='word_1_778' title='bbox 1810 5708 1962 5750; x_wconf 86' lang='lat' dir='ltr'><strong>sacra</strong></span> 
     </span>
    </p>
   </div>
   <div class='ocr_carea' id='block_1_105' title="bbox 2078 4526 3616 4606">
    <p class='ocr_par' dir='ltr' id='par_1_105' title="bbox 2078 4526 3616 4606">
     <span class='ocr_line' id='line_1_105' title="bbox 2078 4526 3616 4606; baseline -0.006 -19"><span class='ocrx_word' id='word_1_779' title='bbox 2078 4540 2224 4606; x_wconf 87' lang='lat' dir='ltr'><strong>quod</strong></span> <span class='ocrx_word' id='word_1_780' title='bbox 2253 4535 2512 4604; x_wconf 84' lang='lat' dir='ltr'><strong>synodico</strong></span> <span class='ocrx_word' id='word_1_781' title='bbox 2547 4547 2762 4585; x_wconf 92' lang='lat' dir='ltr'><strong>canone</strong></span> <span class='ocrx_word' id='word_1_782' title='bbox 2797 4530 3135 4598; x_wconf 85' lang='lat' dir='ltr'><strong>prohibente,</strong></span> <span class='ocrx_word' id='word_1_783' title='bbox 3162 4527 3398 4579; x_wconf 90' lang='lat' dir='ltr'><strong>adimere</strong></span> <span class='ocrx_word' id='word_1_784' title='bbox 3418 4526 3616 4592; x_wconf 87' lang='lat' dir='ltr'><strong>aliquid</strong></span> 
     </span>
    </p>
   </div>
   <div class='ocr_carea' id='block_1_106' title="bbox 2079 4615 3619 4690">
    <p class='ocr_par' dir='ltr' id='par_1_106' title="bbox 2079 4615 3619 4690">
     <span class='ocr_line' id='line_1_106' title="bbox 2079 4615 3619 4690; baseline -0.006 -13"><span class='ocrx_word' id='word_1_785' title='bbox 2079 4622 2160 4679; x_wconf 82' lang='lat' dir='ltr'><strong>vel</strong></span> <span class='ocrx_word' id='word_1_786' title='bbox 2191 4625 2387 4678; x_wconf 90' lang='lat' dir='ltr'><strong>addere</strong></span> <span class='ocrx_word' id='word_1_787' title='bbox 2418 4623 2538 4675; x_wconf 80' lang='lat' dir='ltr'><strong>ﬁdei</strong></span> <span class='ocrx_word' id='word_1_788' title='bbox 2574 4620 2848 4690; x_wconf 82' lang='lat' dir='ltr'><strong>Symbolo,</strong></span> <span class='ocrx_word' id='word_1_789' title='bbox 2880 4619 2956 4670; x_wconf 90' lang='lat' dir='ltr'><strong>illi</strong></span> <span class='ocrx_word' id='word_1_790' title='bbox 2990 4618 3058 4671; x_wconf 91' lang='lat' dir='ltr'><strong>ab</strong></span> <span class='ocrx_word' id='word_1_791' title='bbox 3089 4631 3218 4670; x_wconf 89' lang='lat' dir='ltr'><strong>ausa</strong></span> <span class='ocrx_word' id='word_1_792' title='bbox 3277 4616 3473 4682; x_wconf 91' lang='lat' dir='ltr'><strong>aliquid</strong></span> <span class='ocrx_word' id='word_1_793' title='bbox 3524 4615 3619 4668; x_wconf 88' lang='lat' dir='ltr'><strong>ad-</strong></span> 
     </span>
    </p>
   </div>
   <div class='ocr_carea' id='block_1_107' title="bbox 2070 4712 2874 4768">
    <p class='ocr_par' dir='ltr' id='par_1_107' title="bbox 2070 4712 2874 4768">
     <span class='ocr_line' id='line_1_107' title="bbox 2070 4712 2874 4768; baseline -0.01 0"><span class='ocrx_word' id='word_1_794' title='bbox 2070 4717 2199 4768; x_wconf 90' lang='lat' dir='ltr'><strong>dere</strong></span> <span class='ocrx_word' id='word_1_795' title='bbox 2256 4713 2448 4765; x_wconf 86' lang='lat' dir='ltr'><strong>tncrito</strong></span> <span class='ocrx_word' id='word_1_796' title='bbox 2486 4712 2874 4762; x_wconf 87' lang='lat' dir='ltr'><strong>discesserunt.</strong></span> 
     </span>
    </p>
   </div>
   <div class='ocr_carea' id='block_1_108' title="bbox 2144 4785 3619 4874">
    <p class='ocr_par' dir='ltr' id='par_1_108' title="bbox 2144 4785 3619 4874">
     <span class='ocr_line' id='line_1_108' title="bbox 2144 4785 3619 4874; baseline -0.009 -17"><span class='ocrx_word' id='word_1_797' title='bbox 2144 4805 2380 4874; x_wconf 76' lang='lat' dir='ltr'><strong>Primum</strong></span> <span class='ocrx_word' id='word_1_798' title='bbox 2405 4801 2548 4854; x_wconf 92' lang='lat' dir='ltr'><strong>enim</strong></span> <span class='ocrx_word' id='word_1_799' title='bbox 2569 4801 2749 4851; x_wconf 90' lang='lat' dir='ltr'><strong>nullus</strong></span> <span class='ocrx_word' id='word_1_800' title='bbox 2778 4798 2899 4850; x_wconf 86' lang='lat' dir='ltr'><strong>talis</strong></span> <span class='ocrx_word' id='word_1_801' title='bbox 2919 4811 3091 4849; x_wconf 85' lang='lat' dir='ltr'><strong>canon</strong></span> <span class='ocrx_word' id='word_1_802' title='bbox 3123 4795 3174 4847; x_wconf 87' lang='lat' dir='ltr'><strong>in</strong></span> <span class='ocrx_word' id='word_1_803' title='bbox 3233 4785 3478 4847; x_wconf 86' lang='lat' dir='ltr'><strong>conciliis</strong></span> <span class='ocrx_word' id='word_1_804' title='bbox 3537 4794 3619 4844; x_wconf 89' lang='lat' dir='ltr'><strong>in-</strong></span> 
     </span>
    </p>
   </div>
   <div class='ocr_carea' id='block_1_109' title="bbox 2075 4884 3616 4949">
    <p class='ocr_par' dir='ltr' id='par_1_109' title="bbox 2075 4884 3616 4949">
     <span class='ocr_line' id='line_1_109' title="bbox 2075 4884 3616 4949; baseline -0.008 -1"><span class='ocrx_word' id='word_1_805' title='bbox 2075 4894 2306 4948; x_wconf 90' lang='lat' dir='ltr'><strong>venitur.</strong></span> <span class='ocrx_word' id='word_1_806' title='bbox 2334 4891 2534 4946; x_wconf 88' lang='lat' dir='ltr'><strong>Deinde</strong></span> <span class='ocrx_word' id='word_1_807' title='bbox 2571 4903 2677 4940; x_wconf 92' lang='lat' dir='ltr'><strong>non</strong></span> <span class='ocrx_word' id='word_1_808' title='bbox 2711 4898 2836 4940; x_wconf 89' lang='lat' dir='ltr'><strong>ante</strong></span> <span class='ocrx_word' id='word_1_809' title='bbox 2887 4887 3146 4946; x_wconf 84' lang='lat' dir='ltr'><strong>schisma,</strong></span> <span class='ocrx_word' id='word_1_810' title='bbox 3178 4899 3281 4937; x_wconf 94' lang='lat' dir='ltr'><strong>non</strong></span> <span class='ocrx_word' id='word_1_811' title='bbox 3347 4885 3399 4936; x_wconf 93' lang='lat' dir='ltr'><strong>in</strong></span> <span class='ocrx_word' id='word_1_812' title='bbox 3457 4884 3616 4949; x_wconf 89' lang='lat' dir='ltr'><strong>hujus</strong></span> 
     </span>
    </p>
   </div>
   <div class='ocr_carea' id='block_1_110' title="bbox 2077 4974 3614 5050">
    <p class='ocr_par' dir='ltr' id='par_1_110' title="bbox 2077 4974 3614 5050">
     <span class='ocr_line' id='line_1_110' title="bbox 2077 4974 3614 5050; baseline -0.01 -14"><span class='ocrx_word' id='word_1_813' title='bbox 2077 4984 2361 5050; x_wconf 88' lang='lat' dir='ltr'><strong>principio,</strong></span> <span class='ocrx_word' id='word_1_814' title='bbox 2393 4996 2493 5032; x_wconf 87' lang='lat' dir='ltr'><strong>non</strong></span> <span class='ocrx_word' id='word_1_815' title='bbox 2525 4978 2684 5045; x_wconf 87' lang='lat' dir='ltr'><strong>paulo</strong></span> <span class='ocrx_word' id='word_1_816' title='bbox 2716 4985 2858 5042; x_wconf 93' lang='lat' dir='ltr'><strong>post,</strong></span> <span class='ocrx_word' id='word_1_817' title='bbox 2887 4976 2981 5028; x_wconf 92' lang='lat' dir='ltr'><strong>sed</strong></span> <span class='ocrx_word' id='word_1_818' title='bbox 3007 4974 3194 5026; x_wconf 90' lang='lat' dir='ltr'><strong>multis</strong></span> <span class='ocrx_word' id='word_1_819' title='bbox 3215 4987 3335 5041; x_wconf 89' lang='lat' dir='ltr'><strong>post</strong></span> <span class='ocrx_word' id='word_1_820' title='bbox 3365 4974 3466 5026; x_wconf 90' lang='lat' dir='ltr'><strong>hoc</strong></span> <span class='ocrx_word' id='word_1_821' title='bbox 3514 4988 3614 5023; x_wconf 91' lang='lat' dir='ltr'><strong>an-</strong></span> 
     </span>
    </p>
   </div>
   <div class='ocr_carea' id='block_1_111' title="bbox 2078 5063 3616 5138">
    <p class='ocr_par' dir='ltr' id='par_1_111' title="bbox 2078 5063 3616 5138">
     <span class='ocr_line' id='line_1_111' title="bbox 2078 5063 3616 5138; baseline -0.008 -14"><span class='ocrx_word' id='word_1_822' title='bbox 2078 5075 2181 5138; x_wconf 88' lang='lat' dir='ltr'><strong>nis,</strong></span> <span class='ocrx_word' id='word_1_823' title='bbox 2217 5071 2452 5125; x_wconf 87' lang='lat' dir='ltr'><strong>Ecclesia</strong></span> <span class='ocrx_word' id='word_1_824' title='bbox 2485 5068 2746 5130; x_wconf 79' lang='lat' dir='ltr'><strong>Romana,</strong></span> <span class='ocrx_word' id='word_1_825' title='bbox 2779 5081 2898 5118; x_wconf 89' lang='lat' dir='ltr'><strong>cum</strong></span> <span class='ocrx_word' id='word_1_826' title='bbox 2931 5080 3024 5132; x_wconf 88' lang='lat' dir='ltr'><strong>per</strong></span> <span class='ocrx_word' id='word_1_827' title='bbox 3073 5065 3267 5118; x_wconf 82' lang='lat' dir='ltr'><strong>multas</strong></span> <span class='ocrx_word' id='word_1_828' title='bbox 3293 5067 3438 5131; x_wconf 84' lang='lat' dir='ltr'><strong>prius</strong></span> <span class='ocrx_word' id='word_1_829' title='bbox 3475 5063 3616 5123; x_wconf 72' lang='lat' dir='ltr'><strong>lcga—</strong></span> 
     </span>
    </p>
   </div>
   <div class='ocr_carea' id='block_1_112' title="bbox 2074 5156 3610 5218">
    <p class='ocr_par' dir='ltr' id='par_1_112' title="bbox 2074 5156 3610 5218">
     <span class='ocr_line' id='line_1_112' title="bbox 2074 5156 3610 5218; baseline -0.008 -2"><span class='ocrx_word' id='word_1_830' title='bbox 2074 5165 2245 5218; x_wconf 90' lang='lat' dir='ltr'><strong>tiones</strong></span> <span class='ocrx_word' id='word_1_831' title='bbox 2275 5164 2338 5215; x_wconf 89' lang='lat' dir='ltr'><strong>de</strong></span> <span class='ocrx_word' id='word_1_832' title='bbox 2393 5161 2576 5214; x_wconf 91' lang='lat' dir='ltr'><strong>eodem</strong></span> <span class='ocrx_word' id='word_1_833' title='bbox 2636 5159 2848 5211; x_wconf 72' lang='lat' dir='ltr'><strong>Grmcos</strong></span> <span class='ocrx_word' id='word_1_834' title='bbox 2897 5158 3271 5211; x_wconf 84' lang='lat' dir='ltr'><strong>admonuisset</strong></span> <span class='ocrx_word' id='word_1_835' title='bbox 3313 5165 3365 5206; x_wconf 91' lang='lat' dir='ltr'><strong>et</strong></span> <span class='ocrx_word' id='word_1_836' title='bbox 3402 5156 3610 5204; x_wconf 84' lang='lat' dir='ltr'><strong>hortata</strong></span> 
     </span>
    </p>
   </div>
   <div class='ocr_carea' id='block_1_113' title="bbox 2073 5243 3613 5307">
    <p class='ocr_par' dir='ltr' id='par_1_113' title="bbox 2073 5243 3613 5307">
     <span class='ocr_line' id='line_1_113' title="bbox 2073 5243 3613 5307; baseline -0.007 -3"><span class='ocrx_word' id='word_1_837' title='bbox 2073 5253 2263 5307; x_wconf 79' lang='lat' dir='ltr'><strong>fuisset</strong></span> <span class='ocrx_word' id='word_1_838' title='bbox 2288 5267 2317 5303; x_wconf 86' lang='lat' dir='ltr'><strong>a</strong></span> <span class='ocrx_word' id='word_1_839' title='bbox 2354 5251 2646 5305; x_wconf 82' lang='lat' dir='ltr'><strong>deterrimo</strong></span> <span class='ocrx_word' id='word_1_840' title='bbox 2677 5250 2965 5302; x_wconf 84' lang='lat' dir='ltr'><strong>schismate</strong></span> <span class='ocrx_word' id='word_1_841' title='bbox 2987 5247 3282 5306; x_wconf 88' lang='lat' dir='ltr'><strong>discedere,</strong></span> <span class='ocrx_word' id='word_1_842' title='bbox 3312 5254 3368 5295; x_wconf 91' lang='lat' dir='ltr'><strong>ut</strong></span> <span class='ocrx_word' id='word_1_843' title='bbox 3388 5257 3490 5294; x_wconf 91' lang='lat' dir='ltr'><strong>non</strong></span> <span class='ocrx_word' id='word_1_844' title='bbox 3520 5243 3613 5294; x_wconf 81' lang='lat' dir='ltr'><strong>ha-</strong></span> 
     </span>
    </p>
   </div>
   <div class='ocr_carea' id='block_1_114' title="bbox 2075 5330 3611 5405">
    <p class='ocr_par' dir='ltr' id='par_1_114' title="bbox 2075 5330 3611 5405">
     <span class='ocr_line' id='line_1_114' title="bbox 2075 5330 3611 5405; baseline -0.008 -11"><span class='ocrx_word' id='word_1_845' title='bbox 2075 5344 2192 5396; x_wconf 89' lang='lat' dir='ltr'><strong>buit</strong></span> <span class='ocrx_word' id='word_1_846' title='bbox 2220 5341 2551 5398; x_wconf 89' lang='lat' dir='ltr'><strong>obedientes,</strong></span> <span class='ocrx_word' id='word_1_847' title='bbox 2583 5340 2814 5405; x_wconf 83' lang='lat' dir='ltr'><strong>denique</strong></span> <span class='ocrx_word' id='word_1_848' title='bbox 2834 5337 3121 5390; x_wconf 88' lang='lat' dir='ltr'><strong>concilium</strong></span> <span class='ocrx_word' id='word_1_849' title='bbox 3152 5347 3313 5398; x_wconf 91' lang='lat' dir='ltr'><strong>super</strong></span> <span class='ocrx_word' id='word_1_850' title='bbox 3363 5331 3461 5382; x_wconf 92' lang='lat' dir='ltr'><strong>hoc</strong></span> <span class='ocrx_word' id='word_1_851' title='bbox 3508 5330 3611 5383; x_wconf 91' lang='lat' dir='ltr'><strong>sibi</strong></span> 
     </span>
    </p>
   </div>
   <div class='ocr_carea' id='block_1_115' title="bbox 2074 5419 3612 5487">
    <p class='ocr_par' dir='ltr' id='par_1_115' title="bbox 2074 5419 3612 5487">
     <span class='ocr_line' id='line_1_115' title="bbox 2074 5419 3612 5487; baseline -0.01 -2"><span class='ocrx_word' id='word_1_852' title='bbox 2074 5432 2445 5486; x_wconf 87' lang='lat' dir='ltr'><strong>obedientibus</strong></span> <span class='ocrx_word' id='word_1_853' title='bbox 2503 5431 2761 5483; x_wconf 79' lang='lat' dir='ltr'><strong>celebrari</strong></span> <span class='ocrx_word' id='word_1_854' title='bbox 2827 5427 3047 5486; x_wconf 79' lang='lat' dir='ltr'><strong>iaciens,</strong></span> <span class='ocrx_word' id='word_1_855' title='bbox 3101 5423 3206 5473; x_wconf 90' lang='lat' dir='ltr'><strong>hoc</strong></span> <span class='ocrx_word' id='word_1_856' title='bbox 3254 5423 3306 5471; x_wconf 89' lang='lat' dir='ltr'><strong>in</strong></span> <span class='ocrx_word' id='word_1_857' title='bbox 3357 5419 3612 5487; x_wconf 86' lang='lat' dir='ltr'><strong>Symbolo</strong></span> 
     </span>
    </p>
   </div>
   <div class='ocr_carea' id='block_1_116' title="bbox 2074 5508 3609 5579">
    <p class='ocr_par' dir='ltr' id='par_1_116' title="bbox 2074 5508 3609 5579">
     <span class='ocr_line' id='line_1_116' title="bbox 2074 5508 3609 5579; baseline -0.008 -4"><span class='ocrx_word' id='word_1_858' title='bbox 2074 5538 2180 5575; x_wconf 93' lang='lat' dir='ltr'><strong>non</strong></span> <span class='ocrx_word' id='word_1_859' title='bbox 2219 5522 2488 5573; x_wconf 90' lang='lat' dir='ltr'><strong>immerito</strong></span> <span class='ocrx_word' id='word_1_860' title='bbox 2528 5521 2751 5572; x_wconf 87' lang='lat' dir='ltr'><strong>addidit.</strong></span> <span class='ocrx_word' id='word_1_861' title='bbox 2784 5514 3044 5579; x_wconf 86' lang='lat' dir='ltr'><strong>Quoniam</strong></span> <span class='ocrx_word' id='word_1_862' title='bbox 3081 5509 3126 5561; x_wconf 90' lang='lat' dir='ltr'><strong>si</strong></span> <span class='ocrx_word' id='word_1_863' title='bbox 3155 5508 3408 5570; x_wconf 85' lang='lat' dir='ltr'><strong>similiter</strong></span> <span class='ocrx_word' id='word_1_864' title='bbox 3461 5518 3609 5562; x_wconf 81' lang='lat' dir='ltr'><strong>tanta</strong></span> 
     </span>
    </p>
   </div>
   <div class='ocr_carea' id='block_1_117' title="bbox 2073 5597 3610 5676">
    <p class='ocr_par' dir='ltr' id='par_1_117' title="bbox 2073 5597 3610 5676">
     <span class='ocr_line' id='line_1_117' title="bbox 2073 5597 3610 5676; baseline -0.008 -12"><span class='ocrx_word' id='word_1_865' title='bbox 2073 5612 2498 5664; x_wconf 88' lang='lat' dir='ltr'><strong>Christianorum</strong></span> <span class='ocrx_word' id='word_1_866' title='bbox 2527 5624 2654 5676; x_wconf 85' lang='lat' dir='ltr'><strong>gens</strong></span> <span class='ocrx_word' id='word_1_867' title='bbox 2678 5612 2921 5672; x_wconf 87' lang='lat' dir='ltr'><strong>negasset</strong></span> <span class='ocrx_word' id='word_1_868' title='bbox 2968 5615 3073 5652; x_wconf 88' lang='lat' dir='ltr'><strong>non</strong></span> <span class='ocrx_word' id='word_1_869' title='bbox 3106 5614 3223 5651; x_wconf 86' lang='lat' dir='ltr'><strong>csse</strong></span> <span class='ocrx_word' id='word_1_870' title='bbox 3253 5597 3443 5651; x_wconf 79' lang='lat' dir='ltr'><strong>Filium</strong></span> <span class='ocrx_word' id='word_1_871' title='bbox 3493 5615 3610 5652; x_wconf 86' lang='lat' dir='ltr'><strong>utn-</strong></span> 
     </span>
    </p>
   </div>
   <div class='ocr_carea' id='block_1_118' title="bbox 2076 5689 3614 5768">
    <p class='ocr_par' dir='ltr' id='par_1_118' title="bbox 2076 5689 3614 5768">
     <span class='ocr_line' id='line_1_118' title="bbox 2076 5689 3614 5768; baseline -0.006 -15"><span class='ocrx_word' id='word_1_872' title='bbox 2076 5701 2422 5768; x_wconf 84' lang='lat' dir='ltr'><strong>nipotcntcm,</strong></span> <span class='ocrx_word' id='word_1_873' title='bbox 2445 5700 2522 5751; x_wconf 82' lang='lat' dir='ltr'><strong>vel</strong></span> <span class='ocrx_word' id='word_1_874' title='bbox 2553 5699 2931 5755; x_wconf 74' lang='lat' dir='ltr'><strong>viviﬁcantem,</strong></span> <span class='ocrx_word' id='word_1_875' title='bbox 2971 5700 3022 5745; x_wconf 91' lang='lat' dir='ltr'><strong>et</strong></span> <span class='ocrx_word' id='word_1_876' title='bbox 3051 5689 3229 5742; x_wconf 59' lang='lat' dir='ltr'><strong>multa</strong></span> <span class='ocrx_word' id='word_1_877' title='bbox 3287 5691 3614 5746; x_wconf 87' lang='lat' dir='ltr'><strong>adderentur</strong></span> 
     </span>
    </p>
   </div>
  </div>
