4450 6440
859 392 995 455 1307

1927 406 2168 465 BARLA
2183 406 2320 465 AM!
2359 406 2455 467 DE
2495 405 2913 466 SEMINARIA

3903 407 4044 468 i308

856 506 1093 574 quotidie
1115 506 1239 562 huic
1265 507 1491 577 heresi;
1521 520 1666 569 certe
1712 531 1817 570 non
1843 529 2050 574 careret
2069 523 2298 583 ratione.
2351 523 2396 576 si
2432 527 2475 581 Α
2506 523 2729 584 tollitur,
2762 523 2845 574 vel
2880 534 3067 574 eorum
3092 532 3211 589 qua
3244 517 3299 573 in
3327 517 3617 588 Evangelia
3669 517 4040 578 continentur,

858 598 924 650 de
951 597 1053 652 hoc
1076 599 1190 653 sani
1225 598 1519 655 Christiani
1545 606 1610 659 ad
1643 606 1990 664 refellendam
2058 613 2306 666 haeresim
2339 614 2391 666 in

858 684 1188 753 Symboloid
1215 701 1493 754 ponerent.
1521 691 1673 747 Nulla
1699 695 1880 764 itaque
1927 705 2257 766 prmedente
2311 719 2395 757 ra-

862 774 1052 829 tionali
1076 789 1258 840 causa,
1292 779 1363 832 ob
1389 796 1553 847 quam
1585 784 1745 850 primi
1769 786 1844 840 illi
1871 802 1900 840 a
1926 798 2099 845 matre
2123 792 2395 846 Ecclesia-

860 877 979 916 rum
1007 877 1065 915 se
1097 879 1514 933 segregaverunt
1545 910 1561 934 ,
1597 882 1803 926 certum
1821 885 1924 939 est,
1978 879 2123 945 quod
2154 890 2207 932 et
2241 883 2314 934 illi
2342 893 2398 937 et

861 965 1049 1007 omnes
1085 954 1179 1019 qui
1208 956 1330 1010 illos
1351 960 1522 1012 secuti
1562 973 1710 1024 sunt,
1732 966 1918 1030 procul
1943 968 2106 1021 dubio
2135 970 2399 1024 schisma-

863 1039 952 1093 tici
979 1052 1123 1096 sunt.
1159 1044 1343 1099 Nullos
1365 1049 1505 1101 enim
1539 1052 1674 1106 alios
1722 1055 2048 1121 appellamus
2100 1059 2400 1113 scliismati-

862 1144 974 1194 ros,
997 1133 1239 1188 nisiillos
1261 1138 1353 1204 qui
1384 1140 1856 1208 principalioribus
1887 1157 1940 1197 et
1970 1146 2314 1211 dignioribus
2337 1151 2394 1204 in

865 1215 1098 1273 Ecclesia
1126 1221 1614 1288 dogmatizantihus
1636 1232 1884 1298 opposite
1909 1248 1966 1285 se
2000 1234 2281 1300 habentes,
2333 1236 2400 1290 ad

864 1306 1068 1373 aliquid
1110 1324 1296 1364 eorum
1329 1329 1448 1382 qua
1470 1319 1629 1372 veiin
1686 1337 1839 1375 sacra
1895 1322 2173 1392 Scriptura
2217 1336 2402 1392 aperte

863 1393 1139 1458 dicuntur,
1176 1399 1260 1452 vel
1290 1400 1342 1454 in
1383 1407 1720 1470 generalibus
1748 1411 1994 1464 conciliis
2026 1427 2280 1478 expresse
2311 1415 2403 1466 de-

867 1484 1150 1541 terminata
1174 1501 1320 1551 sunt.
1341 1491 1422 1545 vel
1456 1508 1485 1545 a
1514 1504 1620 1549 tota
1649 1498 1884 1554 Ecclesia
1908 1504 2265 1556 communiter
2287 1518 2404 1558 cre-

864 1573 1087 1638 duntur,
1119 1590 1148 1630 a
1208 1580 1381 1633 debita
1428 1582 1532 1635 illis
1575 1589 1846 1641 credentis
1889 1601 1942 1644 et
1995 1594 2400 1657 communione,

865 1672 1083 1729 propter
1103 1669 1390 1732 quamdam
1426 1672 1582 1725 aliam
1615 1677 1917 1741 passionem
1949 1681 2255 1747 discedunt,
2289 1685 2403 1738 sive

2494 614 2576 666 vel
2611 628 2797 667 eorum
2832 627 2952 680 quva
2977 613 3030 664 in
3061 620 3170 663 toto
3197 611 3462 678 symbolo-
3497 609 3770 669 dicuntur,
3806 605 3885 659 vel
3941 619 4041 660 eo-

2494 718 2635 765 rum,
2670 716 2784 769 quae
2817 715 2910 756 uer
2943 700 3157 765 aliquod
3183 707 3386 765 septem
3411 698 3761 751 conciliorum
3791 711 4041 760 expresse

2494 793 2846 847 determinata
2875 801 3017 843 sunt.
3061 790 3236 854 Quare
3260 795 3314 841 et
3351 788 3620 855 quomodo
3647 787 3874 854 idipsum
3931 801 4037 840 non

2496 881 2908 936 concluderetur
2946 893 3039 945 per
3073 879 3252 945 aliqua
3309 890 3476 930 sacra:
3528 875 3817 940 Scriptura
3872 875 4035 935 dicta,

2498 986 2671 1038 neque
2711 986 2804 1037 per
2832 979 3046 1022 sanctos
3064 966 3274 1034 aliquos
3299 965 3598 1018 traderetur
3630 982 3644 1018 :
3675 965 3764 1018 sed
3783 965 4035 1030 quoniam

2498 1075 2685 1114 eorum
2720 1073 2837 1126 quae
2876 1059 2930 1110 in
2962 1054 3254 1124 Evangelia
3279 1055 3361 1108 vel
3387 1056 3441 1107 in
3474 1054 3721 1110 conciliis
3745 1061 3892 1112 sunt.
3929 1068 4032 1105 non

2499 1148 2724 1202 destruit
2749 1147 3040 1214 quidquam
3070 1145 3171 1196 hoc
3189 1142 3378 1210 dogma
3418 1156 3434 1194 :
3496 1151 3644 1195 certe
3665 1137 3908 1194 Romana
3939 1139 4038 1191 Ec-

2500 1239 2662 1293 clesia
2701 1239 2801 1290 hor.
2829 1236 3041 1299 dicens,
3063 1249 3235 1302 neque
3263 1234 3315 1286 in
3343 1231 3708 1302 Evangelium,
3763 1246 3933 1297 neque
3981 1231 4036 1283 in

2501 1327 2727 1381 concilia
2759 1334 2966 1392 peccat.
3001 1323 3095 1378 [iis
3128 1338 3256 1391 ergo
3301 1325 3390 1392 qui
3419 1337 3446 1375 a
3474 1323 3854 1375 communione
3917 1319 4038 1388 ejus

2505 1415 2691 1468 matris
2717 1413 3023 1468 essistentis
3053 1412 3355 1472 discedunt,
3386 1409 3526 1461 nulla
3580 1410 3664 1461 vel
3699 1423 3761 1461 es
3793 1407 4040 1472 Evange-

2502 1501 2598 1564 lio,
2626 1502 2704 1553 vel
2738 1515 2801 1554 ex
2825 1499 3069 1553 conciliis
3102 1496 3377 1551 excusatio
3399 1495 3557 1562 hujus
3578 1496 3895 1563 acquiritur.
3935 1491 4042 1545 Ne-

2504 1603 2608 1653 que
2627 1601 2757 1656 ergo
2783 1586 2997 1638 aliunde
3036 1585 3384 1652 proveniente
3412 1584 3490 1636 eis
3535 1584 3639 1636 alia
3688 1585 4040 1638 excusatione

2505 1677 2868 1731 necessarium
2930 1683 3032 1736 est,
3090 1672 3465 1727 schismaticos
3515 1672 3662 1734 ipsos
3694 1685 3836 1730 esse,
3895 1681 3947 1722 ct
4011 1684 4040 1722 a

868 1753 1021 1806 multi
1036 1755 1149 1846 sive
1181 1760 1335 1823 pauci
1366 1761 1510 1825 sint;
1539 1763 1673 1817 nihil
1713 1767 1854 1819 enim
1880 1769 2120 1831 interest.
2142 1773 2395 1838 quoniam
2429 1786 2474 1846 Β
2501 1767 2761 1823 catholica
2789 1759 3048 1820 cecidisse
3082 1763 3341 1817 Ecclesia.
3379 1762 3483 1815 Sed
3536 1772 3595 1814 ut
3644 1762 4040 1828 apertissimum

868 1857 974 1896 ¹¹⁰¹³
1002 1845 1338 1898 ¹¹³¹¹¹ίίίι¹⁴¹ίηθ
1362 1860 1415 1902 ει
1439 1853 1729 1915 Ρόιιοίιειιθ.
1759 1858 1853 1909 Sed
1882 1861 2136 1926 pmdicta
2196 1863 2405 1918 ratione
2504 1859 2555 1911 id
2591 1858 2701 1919 ﬁat,
2735 1856 2994 1922 ponendae
3016 1861 3142 1908 sunt
3169 1854 3317 1920 juxta
3353 1865 3411 1905 se
3435 1851 3809 1919 cogitationes,
3833 1862 3884 1903 et
3927 1863 4044 1904 ser-

867 1931 1242 1987 scbismaticus
1294 1945 1535 2001 notatur,
1561 1945 1816 2007 quoniam
1886 1958 1939 1999 et
1969 1950 2023 2000 hi
2074 1952 2405 2018 complentes

863 2018 1007 2086 jure,
1048 2027 1099 2072 et
1134 2021 1233 2076 hoc
1257 2025 1472 2077 nomine
1505 2027 1651 2094 digni
1689 2031 1856 2084 habiti
1894 2045 2073 2088 erunt.
2107 2038 2211 2088 Aut
2247 2039 2408 2106 igitur

870 2111 1174 2172 ostendant.
1210 2113 1338 2179 quid
1374 2112 1584 2170 Latinis
1641 2118 1949 2175 dicentibus
2012 2125 2283 2190 contingit
2341 2142 2405 2182 es

869 2211 1118 2252 sermone
1160 2199 1416 2267 ipsorum,
1487 2209 1797 2264 necessario
1847 2211 2107 2280 Spiritum
2157 2227 2404 2269 sanetum

868 2300 976 2341 non
1008 2291 1294 2353 procedere
1325 2308 1389 2346 ex
1423 2293 1602 2358 Patre,
1627 2307 1683 2352 ut
1716 2301 1785 2353 ita
1814 2303 2054 2367 tollatur,
2092 2314 2146 2360 et
2172 2307 2315 2373 quod
2347 2309 2400 2360 in

871 2376 1148 2444 Syanbolo,
1170 2393 1222 2434 et
1252 2385 1395 2449 quod
1428 2385 1482 2438 in
1529 2388 1816 2457 Evangelia
1842 2393 2065 2457 dicitur,
2123 2405 2178 2449 et
2210 2411 2240 2451 a
2297 2405 2408 2451 tota

875 2465 1114 2522 Ectiesia
1175 2474 1449 2537 creditur;
1513 2489 1604 2528 aut
1635 2479 1678 2530 si
1749 2481 1851 2534 hoc
1905 2483 2238 2551 impossibile
2303 2496 2407 2552 est,

877 2555 1050 2610 sciant
1077 2573 1136 2613 se
1167 2569 1318 2624 extra
1352 2567 1674 2620 catholicam
1691 2568 1985 2624 Ecclesiam
2011 2589 2151 2638 esse,
2176 2584 2230 2627 et
2259 2577 2410 2630 nullo

877 2659 907 2698 a
932 2646 1292 2703 schismaticis
1317 2651 1549 2706 diii'erre.

943 2734 1206 2800 Quoniam
1238 2755 1362 2792 vero
1411 2742 1511 2807 ipsi
1537 2745 1775 2814 undique
1803 2752 2087 2817 coarctati,
2134 2762 2412 2820 postremo

880 2833 946 2884 ad
973 2833 1320 2902 Evangelium
1342 2846 1393 2889 et
1414 2838 1480 2892 ad
1522 2849 1724 2906 septem
1760 2846 2027 2910 generalia
2054 2847 2280 2901 concilia
2336 2863 2412 2901 re-

877 2921 1166 2988 fugientes,
1197 2935 1390 2993 putant
1420 2943 1482 2983 es
1518 2930 1623 2985 illis
1662 2934 2069 2989 excusationem
2101 2938 2415 2993 schismatis

875 3012 977 3064 sibi
1004 3013 1282 3067 invenire:
1331 3017 1617 3071 dicendum
1669 3023 1858 3088 estad
1901 3037 2031 3077 eos:
2082 3023 2138 3077 8i
2170 3026 2414 3091 quidem,

2508 1960 2595 1998 mo
2615 1948 2685 1997 ita
2709 1945 2776 1998 sit
2801 1944 3205 1997 concludendus
3234 1959 3249 1996 :

2578 2030 2813 2082 Peccans
2844 2037 2931 2082 est
2961 2030 3105 2081 circa
3137 2029 3348 2097 pietatis
3383 2032 3654 2099 dogmata,
3691 2044 3852 2096 (luem
3876 2037 4047 2094 etpa-

2506 2119 2945 2188 radogmatistam
2970 2126 3022 2170 et
3051 2119 3361 2171 haereticum
3402 2135 3688 2184 vocamus;
3744 2120 3836 2187 qui
3904 2117 4045 2185 sapit

2508 2222 2563 2267 et
2615 2213 2771 2265 docet
2825 2207 3025 2276 aliquid
3054 2207 3126 2261 ita
3150 2209 3392 2275 opposite
3427 2223 3484 2262 se
3514 2210 3713 2262 habena
3749 2209 3814 2261 ad
3844 2208 4047 2275 aliquid

2506 2316 2692 2356 eorum
2753 2315 2874 2367 quas
2925 2299 3006 2353 vel
3064 2300 3118 2350 in
3169 2311 3322 2353 sacra
3389 2297 3661 2365 Scriptura
3717 2305 3897 2364 aperte
3961 2297 4044 2350 di-

2509 2403 2724 2454 cuntur,
2759 2389 2840 2443 vel
2901 2403 2994 2456 per
3034 2389 3250 2457 aliquod
3307 2389 3633 2454 generalium
3690 2386 4041 2440 conciliorum

2511 2478 3131 2548 expressedeterminata
3164 2488 3310 2538 sunt,
3365 2486 3564 2530 utcum
3614 2476 3716 2529 hoc
3768 2476 3858 2537 sit,
3913 2474 4043 2527 illud

2511 2569 2751 2633 tollatur,
2777 2577 2830 2621 et
2886 2568 3015 2621 illud
3049 2583 3171 2621 cum
3193 2568 3284 2632 sit,
3313 2569 3411 2620 hoc
3437 2581 3543 2619 non
3575 2568 3745 2635 possit
3773 2581 3912 2621 esse.
3981 2569 4051 2618 At

2512 2674 2638 2713 vero
2675 2659 2916 2714 Ecclesia
2967 2657 3209 2710 Romana
3246 2657 3378 2710 nihil
3411 2657 3714 2725 hujusmodi
3770 2656 3909 2722 sapit
3959 2654 4045 2708 vel

2513 2746 2688 2800 docet.
2729 2745 2845 2800 Non
2874 2761 3001 2814 ergo
3058 2746 3201 2798 circa
3252 2744 3468 2812 pietatis
3524 2743 3770 2811 dogmata
3840 2749 4042 2806 peccat.

2513 2838 2692 2903 Quare
2713 2851 2882 2904 neque
2905 2836 3384 2904 paradogmatizat,
3421 2848 3593 2902 neque
3649 2834 3882 2901 aliquam
3937 2833 4046 2886 ba.

2515 2931 2680 2981 resim
2713 2926 2958 2987 incurrit,
2989 2931 3040 2976 et
3104 2923 3478 2991 dignissimum
3535 2929 3590 2974 et
3640 2920 4050 2975 dominantissi-

2519 3029 2665 3068 mum
2701 3023 2755 3064 et
2780 3012 3290 3079 prlncipalissimum
3310 3020 3364 3064 et
3424 3025 3689 3065 summum
3716 3020 3770 3064 et
3815 3011 4051 3078 primum

877 3102 1298 3173 oamici,matre
1314 3105 1674 3161 Ecclesiarum
1697 3121 1951 3176 peccante
1966 3112 2123 3164 velin
2175 3111 2416 3179 Evange—
2438 3118 2483 3177 ο
2514 3103 2691 3156 locum
2724 3101 2775 3153 ίη
2809 3109 2921 3153 tota
2938 3098 3174 3152 Εοοιθδῖι
3225 3099 3454 3152 Ilabell“?
3476 3137 3492 3162 s
3557 3112 3701 3152 nunc
3751 3099 4052 3153 Orientales

878 3188 1034 3252 lium,
1050 3191 1129 3243 vel
1147 3192 1198 3244 in
1219 3195 1460 3258 concilia,
1475 3196 1576 3261 ipsi
1595 3197 1663 3250 ab
1683 3211 1742 3249 ea
1761 3200 2027 3264 receditls,
2051 3210 2194 3255 reete
2213 3199 2417 3255 facitis:

881 3283 925 3333 si
947 3296 1076 3335 vero
1100 3282 1189 3335 illa
1215 3283 1344 3336 nihil
1372 3294 1646 3355 peccante,
1671 3287 1750 3339 vel
1772 3287 1823 3339 in
1865 3285 2233 3356 Evangelium,
2264 3289 2343 3344 vel
2367 3289 2418 3342 in

881 3370 1106 3423 concilia
1127 3407 1144 3432 ,
1169 3371 1269 3439 ipsi
1313 3372 1661 3428 nihilominus
1682 3377 1799 3442 ejus
1817 3379 2076 3432 recusatis
2094 3381 2424 3434 communio-

887 3472 1030 3522 nem,
1059 3461 1263 3514 nullum
1305 3473 1451 3516 certe
1480 3464 1633 3518 vobis
1659 3466 1740 3519 vel
1777 3481 1837 3520 es
1892 3467 2180 3534 Evangelia
2240 3471 2320 3523 vel
2355 3486 2421 3525 ex

884 3552 1127 3607 conciliis
1155 3554 1468 3623 sulragium
1510 3558 1723 3620 penitus
1749 3567 1850 3610 est.
1906 3558 2043 3627 Ergo
2100 3563 2421 3626 perquiren-

883 3644 1010 3696 dum
1036 3653 1117 3698 est
1151 3642 1452 3710 diligenter,
1491 3645 1620 3710 quid
1648 3655 1729 3697 est
1761 3647 1812 3696 in
1847 3644 2215 3715 Evangelium,
2252 3649 2334 3700 vel
2363 3649 2418 3700 in

883 3733 1112 3788 concilia
1133 3747 1358 3800 peccare
1385 3733 1408 3784 i
1433 3732 1576 3798 quod
1607 3733 1653 3785 si
1681 3734 1960 3807 putabitis,
1984 3748 2205 3800 peccare
2229 3735 2284 3798 in
2312 3736 2424 3789 haec

886 3837 1023 3882 esse.
1055 3822 1372 3887 simpliciter
1396 3822 1575 3874 dicere
1608 3822 1812 3890 aliquid
1841 3831 1895 3876 et
1961 3823 2324 3890 dogmatizare
2357 3824 2423 3877 de

889 3911 1020 3971 Deo,
1053 3909 1192 3977 quod
1229 3919 1514 3978 utrumque
1542 3924 1648 3963 non
1708 3912 1980 3966 invenitur
2033 3914 2114 3966 vel
2141 3913 2194 3967 in
2246 3914 2425 3973 Evan-e

888 3999 1047 4067 gelio,
1075 4001 1158 4054 vel
1188 4000 1242 4054 in
1276 4002 1537 4066 conciliis,
1566 4002 1681 4056 sive
1697 4003 2029 4057 contrarium
2051 4003 2312 4058 estalicui
2335 4018 2426 4057 eo-

891 4104 1009 4142 rum
1033 4105 1152 4159 que
1176 4090 1249 4144 ibi
1282 4091 1566 4145 manifeste
1584 4090 1855 4156 feruntur,
1886 4093 1999 4146 sive
2033 4095 2292 4158 non;hoc
2313 4106 2426 4146 mo-

890 4182 960 4234 do
985 4181 1142 4234 etiam
1179 4196 1367 4234 omnes
1393 4183 1483 4249 qui
1515 4182 1579 4233 de
1608 4181 1715 4235 Deo
1739 4182 1985 4235 scribunt
2009 4183 2180 4235 sancti
2231 4182 2286 4234 in
2334 4197 2424 4235 ea-

889 4269 1011 4322 dem
1058 4277 1299 4336 peccant.
1331 4267 1446 4321 Non
1477 4269 1650 4321 solum
1692 4270 1833 4322 enim
1894 4270 2333 4334 innumerabilia}
2359 4271 2424 4322 de

893 4356 1003 4409 Deo
1033 4355 1215 4408 dicunt
1246 4362 1299 4408 et
1332 4354 1697 4423 dogmatizant
1717 4394 1732 4416 .
1757 4370 1878 4423 quas
1901 4357 2064 4410 verbo
2099 4357 2153 4409 in
2189 4357 2424 4425 Evange-

2526 3191 2752 3243 minoris
2777 3199 2831 3242 et
2854 3187 3157 3241 humilioris
3189 3187 3507 3240 exsistentes
3535 3187 3590 3238 in
3641 3197 3749 3240 tota
3810 3188 4053 3241 Ecclesia

2533 3292 2588 3338 et
2616 3281 2894 3350 dignitatis
2925 3287 2978 3332 et
3012 3279 3209 3346 gradus
3236 3286 3290 3331 et
3314 3277 3545 3342 ordinis,
3580 3292 3608 3329 a
3642 3275 3914 3330 debitoilli
3957 3277 4056 3328 ho-

2522 3386 2655 3426 nore
2690 3379 2742 3425 et
2765 3368 3087 3431 obedientia,
3114 3376 3169 3422 et
3193 3366 3575 3420 communione
3619 3365 3923 3419 discedunt.
3986 3362 4056 3416 At

2524 3477 2654 3516 vero
2684 3474 2875 3516 Otnnes
2911 3461 3219 3527 quicunque
3248 3457 3300 3508 in
3329 3455 3564 3509 Ecclesia
3620 3454 3843 3507 minoris
3873 3462 3927 3506 et
3951 3454 4054 3506 bu-

2532 3549 2764 3604 milioris
2783 3548 3105 3603 exsistentes
3131 3545 3428 3614 dignitatis,
3444 3545 3638 3612 gradus
3660 3553 3712 3596 et
3731 3544 3955 3600 ordinis.
3977 3540 4059 3594 di-

2524 3635 3359 3707 gnioribus,dominantioribus,
3391 3633 3881 3702 principalioribus,
3912 3631 4059 3696 prio-

2525 3729 2694 3792 ribus,
2725 3726 3095 3793 superioribus
3147 3725 3201 3776 ln
3264 3724 3521 3783 Ecclesia,
3563 3723 3695 3774 nihil
3740 3723 3790 3774 in
3841 3721 4056 3788 pictatis

2524 3817 2865 3886 dogmatibus
2889 3815 3255 3882 peccantibus.
3311 3814 3517 3865 nullam
3568 3812 3833 3865 heresim
3875 3812 4055 3863 incur-

2523 3909 2783 3971 rentibus,
2822 3921 2851 3959 a
2882 3905 3062 3959 debita
3097 3905 3205 3958 illis
3263 3902 3583 3961 reverentia,
3624 3900 3952 3961 obedientla,
4004 3908 4060 3952 et

2524 3995 2901 4052 communione
2920 3992 3202 4047 discedunt
3234 4029 3250 4053 ,
3296 3988 3672 4059 proculdubio
3728 3987 4059 4040 scbismatici

2525 4081 2967 4150 sunt.Contingit
3013 4093 3142 4148 ergo
3167 4079 3262 4131 bos
3313 4076 3624 4130 necessario
3681 4073 4060 4128 schismaticos

2526 4189 2670 4229 nunc
2687 4187 2827 4237 esse,
2851 4172 2992 4240 quod
3019 4175 3120 4232 est,
3175 4175 3452 4235 separatos
3514 4179 3633 4218 esse
3691 4177 3720 4215 a
3793 4162 4059 4216 catholica

2529 4264 2786 4318 Ecclesia.

2602 4354 2709 4408 Sed
2749 4352 2983 4406 fortasse
3034 4350 3165 4403 dicit
3189 4346 3388 4414 aliquis
3428 4345 3739 4414 ambigens:
3772 4344 3830 4398 Si
3881 4341 4065 4397 amisit

893 4446 991 4505 lia,
1031 4445 1114 4496 vel
1151 4443 1203 4496 in
1231 4445 1476 4498 conciliis
1499 4460 1601 4498 non
1623 4445 2005 4500 inveniuntur:
2031 4461 2216 4500 verum
2261 4447 2423 4499 etiam
2460 4434 2507 4489 υ
2532 4458 2683 4498 suam
2717 4442 3076 4508 integritatem
3111 4445 3164 4490 et
3191 4436 3570 4504 perfectionem
3600 4433 3860 4492 Ecclesia.
3883 4432 4058 4486 ethoc

897 4535 1064 4589 rnulta
1091 4533 1294 4596 dicunt,
1327 4549 1446 4602 quas
1475 4549 1648 4602 neque
1676 4551 1767 4601 per
1797 4549 2017 4589 sensum
2071 4549 2258 4590 eorum
2307 4548 2428 4603 qua:

900 4625 974 4677 ibi
1013 4633 1156 4686 sunt,
1188 4625 1433 4678 concludi
1467 4626 1664 4678 valent.
1691 4625 1808 4678 Non
1825 4639 1958 4694 ergo
1995 4637 2222 4693 peccare
2241 4633 2329 4680 est
2372 4625 2428 4675 in

902 4716 992 4767 illa
1016 4715 1329 4781 simpliciter
1361 4714 1562 4777 dicere,
1589 4729 1707 4782 quae
1727 4714 1798 4768 ibi
1829 4715 2275 4782 qualitercunque
2325 4728 2432 4767 non

891 4803 1282 4867 :"tnveniuntur;
1306 4805 1397 4857 sed
1427 4804 1728 4856 addendum
1752 4813 1856 4867 est,
1887 4805 1934 4857 si
1994 4803 2105 4857 sint
2171 4811 2225 4856 et
2274 4817 2436 4870 repu-

904 4891 1122 4960 guantia
1154 4891 1276 4946 illis.
1300 4891 1478 4954 Quare
1544 4907 1770 4959 peccare
1832 4892 1886 4945 in
1943 4891 2034 4944 illa
2090 4898 2196 4954 est,
2254 4889 2436 4943 dicere

892 4978 1105 5047 .aiiquid
1132 4981 1369 5044 opposite
1385 4994 1444 5032 se
1474 4982 1677 5033 habens
1707 4979 1869 5034 alicui
1893 4995 2082 5034 eorum
2102 4993 2222 5046 qua
2274 4978 2342 5031 ab
2367 4977 2432 5031 ii-

907 5073 974 5124 iis
1002 5071 1273 5138 dicuntur,
1295 5076 1352 5118 ut
1369 5069 1590 5121 alterum
1617 5085 1712 5137 per
1737 5071 1970 5123 alterum
2005 5067 2309 5123 necessario
2333 5068 2438 5122 toi-

906 5165 1072 5217 latur.
1108 5157 1172 5212 Et
1207 5159 1306 5211 hoc
1325 5157 1498 5210 solum
1529 5167 1630 5221 est,
1655 5164 1797 5227 quod
1825 5159 2318 5229 paradogmatisare
2341 5172 2439 5227 ap-

910 5255 1191 5321 peliamus.
1221 5249 1295 5303 ita
1327 5247 1470 5300 enim
1493 5246 1831 5301 solummodo
1850 5263 2072 5316 peccare
2131 5251 2187 5303 in
2215 5243 2440 5317 dogma-

914 5355 985 5407 ta,
1027 5344 1078 5397 in
1141 5337 1637 5410 paradogmatizare
1676 5337 1918 5402 deﬁnito,
1961 5354 2150 5394 omnes
2204 5339 2299 5408 qui
2339 5353 2444 5391 us-

911 5445 1072 5499 quam
1090 5430 1286 5498 aliquid
1310 5432 1378 5483 de
1397 5427 1510 5484 Deo
1537 5417 1812 5493 dixerunt,
1870 5427 2223 5497 inculpablies
2263 5427 2446 5482 dimit-

912 5535 1111 5580 tentus.

987 5615 1051 5663 ,τι
1080 5624 1175 5676 ve:
1195 5629 1205 5658 ι
1227 5609 1465 5662 Romana
1503 5609 1762 5674 Ecclesia,
1794 5617 1850 5662 et
1863 5621 1927 5662 ea
1953 5605 2090 5661 Filio
2156 5606 2446 5674 procedere

912 5701 1445 5770 Eji‘ritutnsnctum
1499 5699 1728 5764 dicente,
1758 5697 1890 5752 nihil
1945 5698 2157 5766 penitus
2200 5712 2294 5766 per
2346 5699 2446 5751 hoc

2537 4548 2644 4588 non
2671 4548 2735 4586 ex
2762 4531 2983 4583 minima
3035 4535 3208 4598 parte,
3235 4524 3497 4591 siquidem
3515 4524 3752 4590 quinque
3781 4522 3898 4588 ejus
3917 4521 4065 4588 prin-

2535 4620 2851 4688 cipaliorum
2888 4616 3141 4684 partlmn,
3184 4628 3214 4666 a
3257 4612 3455 4682 quibus
3507 4619 3760 4678 tanquam
3816 4609 4064 4661 sensibus

2533 4708 2878 4782 quibusdam,
2902 4704 3212 4757 universum
3239 4703 3356 4772 ejus
3371 4713 3572 4768 corpus
3586 4697 3908 4766 completum
3922 4706 4064 4764 erat,

2534 4809 2764 4868 quatuor
2799 4798 2960 4865 lapsa:
2987 4801 3129 4856 sunt,
3166 4792 3340 4860 prima
3378 4804 3503 4844 vero
3527 4799 3734 4842 tantum
3761 4785 4018 4840 remansit
4047 4801 4062 4837 :

2535 4889 2807 4956 quomodo
2839 4885 2909 4939 de
2939 4891 3133 4938 cetero
3164 4893 3270 4934 non
3304 4877 3571 4932 exsistens
3597 4877 3829 4944 integra,
3879 4876 4067 4928 catho-

2539 4977 2640 5047 ijpa
2673 4985 2778 5040 est,
2815 4973 2900 5029 vel
2932 4971 3091 5037 cujus
3115 4967 3348 5037 amplius
3372 4965 3616 5047 corporis
3667 4963 3902 5018 Ecclesia
3957 4961 4068 5015 Bo-

2539 5043 2697 5120 mana
2719 5069 3011 5131 caputest,
3045 5072 3112 5113 ex
3140 5069 3251 5126 quo
3274 5054 3404 5108 illud
3457 5043 3597 5120 quod
3643 5052 3798 5105 initio
3851 5053 4061 5105 unitum

2537 5164 2656 5210 erat
2687 5152 2760 5214 ei,
2799 5146 3048 5204 discessit
3067 5147 3133 5200 ab
3154 5158 3241 5208 ea,
3278 5140 3358 5195 vel
3383 5138 3655 5208 quomodo
3679 5138 3912 5191 letaliter
3951 5137 4071 5189 viva

2539 5239 2895 5310 nepotes"

2610 5333 2692 5389 Ad
2741 5334 2857 5388 hcc
2893 5330 3128 5400 primum
3175 5323 3392 5394 quidem
3445 5327 3656 5390 oportet
3699 5318 4068 5383 considerare,

2543 5423 2686 5494 quod
2711 5423 2758 5477 sl
2791 5421 2914 5490 quis
2944 5419 3129 5473 eadem
3164 5414 3280 5483 ipsa
3299 5412 3553 5477 obiiceret
3576 5409 3643 5463 ad
3665 5409 3812 5479 ipsos
3835 5410 4072 5472 Cra-os,

2545 5513 2638 5584 qui
2661 5512 2851 5566 dicunt
2878 5523 2937 5564 se
2966 5507 3115 5562 solos
3143 5504 3198 5557 ia
3243 5501 3354 5555 Ide
3382 5502 3582 5563 vivere,
3621 5507 3676 5554 et
3718 5514 3784 5553 es
3835 5512 3896 5551 se
3943 5495 4076 5550 aclis

2547 5602 2866 5671 completam
2890 5611 3010 5652 esse
3040 5592 3362 5649 catholicam
3408 5589 3725 5653 Ecclesium
3753 5588 3929 5656 capite
3955 5600 4077 5650 per-

2549 5694 2683 5759 dito,
2713 5706 2830 5758 qua:
2857 5689 3046 5756 utique
3066 5684 3167 5753 ipsi
3199 5683 3263 5737 ad
3295 5682 3543 5737 similiter
3597 5681 3663 5733 ad
3717 5691 3809 5732 eos
3859 5673 4076 5743 objecta
