4450 6440
445 395 579 458 i309

1746 401 1896 461 PRO
1925 402 2244 464 LATINIS.

3469 401 3604 464 1310

443 519 871 586 napo-disserat.
899 518 1016 575 hoc
1069 519 1228 574 nobis
1257 519 1432 573 multo
1479 517 1858 574 rationabilius
1902 516 1969 572 ad
1996 515 2045 575 Δ
2070 519 2470 573 communicant
2508 518 2762 574 Ecclesia
2794 516 3050 570 Romana:
3096 514 3476 570 schismaticos
3511 531 3610 584 ap.

442 609 557 663 hnc
581 611 760 667 dicere
781 610 1084 667 conveniet.

512 696 998 766 Deindesiquidem
1020 699 1268 753 animalis
1321 701 1626 770 exemplum
1679 702 1837 770 sequi
1874 715 1976 754 vo-

443 787 725 847 luerimus.
753 802 861 842 non
890 790 1073 855 utique
1109 804 1292 842 verum
1347 799 1451 850 est.
1511 792 1730 858 propter
1781 791 1973 844 borum

445 879 682 934 schisma
715 881 1025 932 universum
1061 881 1312 934 Ecclesiae
1333 895 1532 948 corpus
1550 894 1580 932 a
1596 881 1769 948 capite
1798 879 1978 932 dicere

447 969 782 1024 discessisse.
802 969 977 1037 Caput
1000 969 1143 1024 enim
1201 968 1454 1022 Ecclesiae
1513 978 1619 1032 est,
1679 984 1782 1021 nou
1830 977 1978 1022 totus

449 1057 710 1113 Occidens
737 1073 790 1112 et
813 1059 1152 1126 Septentrio;
1186 1059 1274 1111 sed
1305 1059 1475 1112 solius
1533 1058 1683 1110 urbis
1725 1056 1980 1111 Romamn

454 1146 690 1206 Ecclesia
704 1149 844 1205 hanc
878 1149 1035 1202 habet
1062 1149 1395 1214 dignitatem.
1425 1149 1525 1199 Tot
1556 1161 1683 1199 vero
1713 1155 1766 1198 et
1820 1155 1980 1198 tantm

453 1238 570 1295 alite
602 1237 856 1294 Ecclesia:
883 1235 1251 1291 Occidentales
1299 1247 1352 1291 et
1403 1236 1883 1304 Septentrionales.
1929 1245 1983 1290 et

455 1328 557 1381 alia
578 1342 772 1395 genera
794 1341 1050 1394 purorum
1077 1325 1505 1380 Christianorum
1541 1335 1699 1378 terra:
1743 1325 1909 1378 ﬁrmat
1932 1333 1984 1377 et

455 1417 752 1475 insularum
807 1431 927 1468 cum
975 1431 1040 1468 ea
1086 1424 1482 1474 remanserunt,
1535 1423 1592 1467 ut
1660 1415 1710 1465 bi
1765 1415 1980 1480 quidem

456 1519 644 1561 omnes
676 1505 1093 1570 correspondere
1113 1505 1326 1556 valeant
1351 1504 1564 1570 reliquo
1599 1503 1846 1556 animalis
1865 1515 1988 1554 cor-

463 1596 953 1665 pori,etcontinuo
994 1597 1350 1662 capitlunito.
1399 1595 1616 1648 "ivero
1667 1594 1987 1661 patriarchae

462 1690 552 1756 qui
577 1703 694 1741 eam
722 1690 1054 1756 reliquerunt
1077 1725 1091 1749 ,
1119 1684 1374 1739 manuum
1407 1687 1485 1738 vel
1520 1686 1710 1753 pedum
1767 1697 1989 1750 prepar-

463 1778 660 1829 tionem
691 1777 918 1827 habeant
942 1790 957 1827 :
984 1787 1103 1840 qua
1124 1774 1333 1826 abscisa
1351 1787 1393 1825 ‘a
1422 1785 1674 1838 corpore,
1732 1770 1844 1836 ipsa
1871 1770 1988 1836 qui-

2076 609 2232 675 pello.
2268 610 2375 678 Ego
2403 625 2530 663 vero
2563 618 2692 677 puto
2724 623 2809 662 me
2852 606 3226 660 rationabilius
3259 605 3513 658 admirari
3545 606 3612 658 de

2078 706 2149 759 te,
2188 699 2441 766 quoniam
2462 696 2837 751 admirandum
2861 703 3040 763 putas,
3071 694 3115 746 si
3139 695 3232 760 qui
3263 694 3356 746 illo
3391 695 3613 748 nomine

2077 794 2362 849 vocantur,
2408 788 2563 853 cujus
2604 785 2964 838 deﬁnitionem
3003 782 3237 851 perfecte
3283 785 3611 850 suscipiunt.

2080 873 2210 926 Nam
2249 877 2295 928 si
2331 875 2562 928 volueris
2594 873 2795 936 videre,
2826 887 2943 940 quae
2973 881 3055 924 est
3085 871 3418 924 schismatici
3449 873 3607 930 ratio.

2081 965 2318 1018 invenies
2353 965 2491 1018 hanc
2539 964 2605 1016 iis
2635 963 2727 1030 qui
2760 978 2787 1016 a
2832 977 2916 1015 me
2953 959 3280 1014 schismalici
3331 969 3628 1022 vocanturr

2083 1053 2433 1106 nihilominus
2480 1067 2641 1121 quam
2703 1052 2938 1104 hominis
2974 1049 3238 1102 rationem
3289 1061 3615 1115 congruere;

2086 1144 2220 1212 Ergo
2246 1144 2347 1197 hoc
2368 1143 2437 1196 sit
2468 1142 2874 1196 ostendendum.

2151 1232 2284 1286 Cum
2317 1233 2496 1300 itaque
2538 1233 2590 1284 in
2636 1231 2871 1286 Ecclesia
2902 1230 2991 1288 alii
3021 1229 3142 1284 aliis
3171 1229 3282 1281 sint
3322 1227 3610 1281 dominan-

2088 1323 2272 1385 tiores,
2305 1320 2728 1387 principaliores,
2754 1329 2807 1373 et
2836 1321 3157 1387 superiores,
3191 1319 3286 1377 illi,
3317 1319 3407 1384 qui
3443 1320 3614 1370 mino-

2088 1413 2164 1464 ris
2191 1407 2244 1462 et
2266 1409 2569 1462 humilioris
2595 1412 2912 1462 exsistentes
2943 1408 3169 1469 ordinis,
3195 1416 3249 1460 et
3278 1409 3469 1470 quibus
3495 1423 3619 1459 con-

2088 1499 2232 1551 venit
2261 1499 2364 1550 sub
2391 1499 2634 1550 dominio
2665 1498 2895 1549 aliorum
2921 1511 3067 1555 esse.
3098 1505 3151 1548 et
3179 1496 3331 1566 sequi
3360 1496 3518 1556 alios,
3554 1497 3620 1548 de

2091 1588 2454 1640 nulla'hmresi
2487 1587 2742 1641 habentes
2764 1586 2907 1652 iuste
2933 1600 3185 1639 accusare
3210 1587 3461 1652 majores,
3486 1584 3622 1637 divi-

2091 1675 2225 1728 dunt
2253 1690 2310 1728 se
2340 1676 2406 1728 ab
2437 1675 2646 1727 illorum
2690 1675 2742 1726 iu
2776 1674 3033 1742 religione
3075 1674 3332 1728 societate
3358 1712 3372 1734 ,
3411 1688 3530 1724 mox
3567 1674 3621 1725 in

2094 1779 2150 1817 se
2177 1764 2308 1830 ipsis
2329 1763 2658 1816 schismaticl
2690 1762 2928 1816 condunt
2961 1764 3241 1815 rationem.
3275 1762 3404 1814 Nam
3437 1769 3488 1813 et
3519 1762 3622 1828 ipsi

464 1868 586 1922 dem
614 1865 682 1919 de
707 1831 1027 1918 necessitate
1072 1869 1281 1914 mortua
1306 1870 1453 1922 sunt,
1487 1831 1699 1927 corpori
1729 1831 1854 1910 vero
1883 1831 1988 1910 non
2021 1831 2060 1885 Β
2093 1854 2156 1905 ad
2187 1853 2387 1905 nullam
2417 1853 2602 1912 aliam,
2623 1867 2785 1919 quam
2812 1852 2953 1904 hanc
2971 1852 3332 1904 deﬁnitionem
3360 1852 3625 1919 aspicien-

465 1969 677 2021 semper
709 1954 982 2006 interitum
1011 1953 1207 2006 ferunt.
1235 1950 1383 2014 Item,
1422 1965 1593 2018 neque
1622 1949 1762 2002 sicut
1797 1949 1850 2001 in
1873 1950 1990 2001 ani-

467 2045 719 2108 malibue,‘
743 2044 863 2096 loco
893 2049 1268 2109 corruptorum
1304 2040 1691 2104 membrorum,
1715 2040 1992 2107 caputalia

466 2137 698 2189 cendere
733 2134 918 2201 nequit
939 2172 954 2196 ,
986 2134 1060 2186 ita
1095 2147 1315 2200 quoque
1343 2133 1397 2185 in
1434 2133 1669 2186 Ecclesia
1698 2140 1783 2186 est
1819 2150 1835 2186 :
1900 2133 1992 2186 sed

469 2222 1365 2298 sempercapiti,.loeolahentium,
1425 2223 1551 2275 licet
1581 2223 1682 2275 alia
1742 2222 1993 2284 condere,

469 2325 529 2370 ut
552 2330 762 2383 semper
787 2315 962 2383 ipsum
985 2312 1198 2366 sitcum
1254 2312 1462 2377 integro
1484 2325 1728 2377 corpore.
1782 2308 1996 2362 Scimus

469 2406 634 2465 enim,
669 2405 812 2471 quod
836 2415 970 2469 papa
1005 2400 1225 2468 quidem
1239 2406 1613 2466 potestereare
1642 2397 1995 2464 patriarchas.

471 2490 792 2558 patriarcha.-
814 2501 944 2540 vero
959 2501 1147 2554 papam
1179 2500 1365 2537 creare
1384 2500 1490 2537 non
1513 2493 1758 2551 possunt.
1791 2485 1855 2536 Et
1880 2485 1999 2538 ideo

475 2581 529 2632 hi
586 2578 807 2644 quidem
852 2589 1130 2641 nunquam
1188 2576 1290 2627 hoc
1330 2583 1714 2627 tentaverunt:
1769 2576 1998 2629 Romani

473 2683 600 2721 vero
629 2666 907 2735 pontiﬁces
934 2673 1055 2716 ante
1078 2663 1306 2716 schisma
1335 2663 1646 2716 videnturet
1674 2663 2000 2730 deponentes

473 2768 524 2812 et
544 2765 916 2826 promoventes
945 2754 1299 2807 Patriarchas.

545 2848 684 2915 [iugo
711 2846 962 2913 quoniam
986 2842 1115 2896 nihil
1144 2842 1386 2909 opposite
1409 2856 1470 2895 se
1495 2843 1698 2895 habens
1750 2841 1992 2907 Evange-

477 2936 569 2999 lio,
599 2935 683 2987 vel
711 2934 953 2987 conciliis
978 2934 1116 3001 sapit
1153 2931 1233 2985 vel
1289 2930 1462 2991 docet,
1519 2937 1679 2998 prout
1725 2937 2001 2983 ostensum

476 3035 581 3087 est,
611 3039 717 3076 non
739 3022 920 3076 amisit
944 3023 1129 3090 utique
1157 3019 1372 3075 creandi
1394 3019 1726 3087 patriarchas
1774 3026 2007 3085 potesta-

477 3096 662 3181 temet
682 3113 955 3164 virtutem.

550 3200 687 3270 Ergo
717 3215 840 3254 cum
866 3200 920 3253 hi
956 3197 1272 3268 patriarcha
1296 3197 1497 3262 absque
1520 3195 1626 3247 ulla
1656 3195 1866 3248 ratione
1890 3195 2006 3248 dis-

479 3291 772 3345 cessissent
801 3290 1002 3351 abillo,
1027 3297 1084 3341 et
1114 3288 1166 3338 in
1199 3300 1385 3338 eorum
1407 3285 1735 3337 dimeesibus
1793 3284 2006 3336 habita-

480 3389 600 3434 rent
632 3379 786 3431 multi
803 3375 1096 3430 Christiani
1127 3373 1260 3425 uniti
1293 3372 1390 3432 illi,
1430 3373 1518 3424 illo
1547 3371 1778 3437 singulis
1812 3371 2006 3422 borum

484 3485 513 3524 a
543 3469 804 3537 principio
820 3466 1051 3518 habente
1082 3463 1236 3531 hujus
1252 3461 1454 3528 justam
1501 3467 1819 3526 potestatem
1878 3473 2007 3511 con-

485 3555 1047 3620 stituendicongruum
1077 3550 1453 3618 patriarchaut,
1503 3548 1737 3601 Ecclesia
1787 3547 2005 3614 quidem

491 3645 725 3700 Romana
755 3643 945 3709 capitis
967 3643 1227 3694 rationem
1253 3640 1475 3699 habens.
1497 3647 1550 3691 et
1574 3638 1691 3690 loco
1719 3635 2006 3689 labentium

488 3734 846 3788 membrorum
880 3731 983 3783 alia
1023 3744 1234 3797 semper
1261 3729 1529 3790 condens,
1563 3736 1618 3779 et
1645 3727 1763 3776 viva
1824 3723 2011 3790 utique

486 3833 588 3883 est,
606 3823 936 3889 etintegrum
958 3820 1218 3886 reliquum
1242 3832 1438 3885 corpus
1462 3815 1667 3868 unitum
1686 3813 1790 3866 sibi
1814 3812 2008 3864 habet:

487 3927 581 3967 eos
607 3926 749 3974 vero,
780 3911 872 3978 qui
905 3925 1028 3964 eam
1056 3909 1428 3970 deseruerunt,
1467 3905 1586 3959 sine
1615 3904 1788 3970 capite
1816 3903 1881 3955 de
1907 3916 2009 3954 caa-

489 4011 604 4055 tero
633 4010 683 4054 et
705 4010 944 4053 mortuos
973 4013 1094 4052 esse
1151 4011 1372 4050 necesse
1392 4005 1494 4049 est.
1538 3994 1715 4057 Quare
1751 3992 1795 4046 si
1850 4000 2011 4059 putas

489 4091 986 4144 necessariumesse
1046 4085 1388 4156 generalibus
1445 4081 1688 4136 conciliis
1725 4081 1789 4132 ad
1849 4081 2014 4133 totius

489 4178 955 4245 complementum,
994 4187 1046 4231 et
1074 4187 1300 4245 quatuor
1328 4175 1584 4226 interesse
1643 4170 2000 4238 patriarchas,

492 4266 751 4320 etaudias
786 4275 907 4333 post
963 4264 1200 4318 sebisma
1236 4260 1504 4330 generalia
1559 4259 1736 4326 aliqua
1785 4257 2014 4310 concilia

492 4369 585 4422 per
607 4368 796 4421 papam
815 4367 938 4408 esse
957 4352 1093 4404 facta
1121 4368 1135 4402 :
1155 4350 1261 4401 noli
1282 4362 1541 4416 qurerere,
1569 4358 1746 4399 utrum
1767 4353 1821 4398 et
1837 4345 2015 4398 schis-

2091 1949 2190 1999 tes.
2220 1954 2313 1991 eos
2343 1939 2433 2006 qui
2479 1939 2682 1990 evitant
2729 1938 2870 2005 apud
2904 1952 2961 1990 se
2994 1937 3250 2004 majorem
3282 1935 3625 1988 communio-

2091 2043 2238 2088 nem,
2259 2028 2635 2081 schismaticos
2658 2027 2959 2094 appellant;
2991 2025 3176 2092 quales
3203 2033 3254 2077 et
3283 2033 3336 2075 tu
3368 2037 3469 2073 non
3497 2037 3629 2088 pau-

2093 2131 2185 2171 cos
2220 2118 2327 2170 scis
2351 2118 2408 2170 in
2435 2126 2685 2183 regnante
2714 2117 2948 2177 civitate,
2981 2113 3166 2167 eodem
3197 2113 3434 2173 nomine,
3472 2126 3630 2178 prop-

2094 2216 2174 2259 ter
2204 2222 2346 2260 nunc
2394 2206 2737 2273 assignatam
2771 2207 3054 2261 rationem,
3092 2203 3159 2254 ab
3187 2201 3307 2254 aliis
3338 2202 3534 2252 vocari.
3563 2199 3629 2251 At

2093 2308 2221 2347 vero
2262 2293 2504 2344 Romana
2537 2290 2774 2343 Ecclesia
2812 2289 3182 2347 senissimum,
3227 2285 3623 2353 principalissi-

2097 2396 2265 2438 mum.
2290 2392 2343 2434 et
2387 2394 2656 2433 summum
2691 2380 2746 2430 in
2794 2377 3058 2429 catholica
3109 2375 3345 2427 Ecclesia
3399 2375 3628 2426 habente

2097 2476 2342 2544 gradum,
2395 2472 2450 2523 bi
2481 2470 2707 2522 minoris
2743 2467 3063 2520 exsistentes
3097 2475 3149 2517 et
3176 2463 3449 2516 inferioris
3480 2463 3627 2514 ordi-

2098 2565 2183 2616 nis
2215 2600 2229 2624 .
2268 2564 2320 2617 in
2357 2570 2560 2615 tantum
2588 2559 2799 2626 fugiunt
2836 2557 2976 2608 illius
3001 2556 3456 2611 communionem,
3483 2551 3625 2617 quod

2100 2668 2274 2720 neque
2297 2651 2414 2718 ejus
2439 2647 2797 2703 sacerdotium
2827 2654 3015 2712 putant
3038 2647 3219 2694 verum
3245 2656 3362 2693 esse
3382 2640 3630 2692 sacerdo-

2100 2743 2257 2803 tium,
2303 2755 2478 2806 neque
2515 2739 2569 2790 in
2612 2735 2993 2790 ecclesiasticis
3032 2730 3386 2785 sacramentis
3446 2728 3635 2779 volunt

2101 2830 2175 2881 illi
2199 2828 2600 2881 communicare
2636 2843 2651 2877 :
2681 2837 2842 2892 atque
2873 2825 3051 2890 plures
3074 2835 3261 2874 eorum
3283 2821 3440 2871 etiam
3471 2815 3633 2870 simul

2101 2919 2381 2975 cnmedere
2423 2915 2736 2981 simpliciter
2773 2913 2952 2964 cibum
2993 2925 3114 2962 cum
3168 2923 3433 2975 quoquam
3479 2907 3631 2960 Lati-

2104 3019 2298 3058 norum
2338 3011 2612 3055 verentur.
2657 2999 2796 3067 Ergo
2828 2998 2878 3050 si
2921 2995 3153 3048 Ecclesia
3205 2996 3291 3046 illa
3338 2996 3631 3055 incidente,

2029 3119 2072 3174 ο
2113 3095 2253 3161 quod
2296 3093 2455 3155 absit,
2487 3092 2540 3143 in
2583 3088 2817 3142 haeretici
2850 3085 3134 3147 rationem,
3176 3083 3228 3135 hi
3261 3082 3330 3134 ab
3369 3097 3430 3133 ea
3461 3082 3634 3133 absti-

2112 3192 2254 3243 nent,
2289 3177 2776 3248 irreprehensibilis
2813 3183 2894 3228 est
2923 3171 3210 3240 separatio,
3244 3179 3296 3222 et
3320 3168 3637 3222 schismati-

2107 3287 2298 3325 eorum
2341 3269 2567 3322 rationis
2612 3263 3087 3334 impereeptibilis:
3126 3261 3170 3314 si
3207 3274 3332 3312 vero
3374 3257 3462 3310 illa
3494 3257 3638 3309 nulla

2108 3361 2301 3414 haeresi
2326 3361 2616 3425 conjuncta
2667 3359 2720 3408 bi
2753 3356 2965 3423 fugiunt
3011 3354 3129 3418 ejus
3177 3349 3634 3408 communionem,

2106 3466 2240 3519 pure
2275 3451 2330 3501 in
2351 3453 2607 3502 rationem
2637 3443 2967 3498 schismatici
3003 3440 3268 3494 incidunt.
3309 3438 3446 3505 Ergo
3478 3451 3629 3504 quac-

2109 3540 2331 3591 reudum
2353 3547 2452 3601 est,
2477 3551 2634 3604 quem
2663 3534 3003 3587 nominamus
3024 3529 3356 3590 bmreticum,
3377 3527 3462 3579 cui
3489 3540 3641 3578 com.

2107 3632 2391 3678 muntcare
2432 3625 2488 3676 in
2535 3623 2718 3689 aliquo
2745 3621 2999 3673 delictum
3049 3627 3174 3670 est:
3212 3617 3262 3668 in
3317 3615 3466 3667 nullo
3513 3628 3640 3666 vero

2108 3712 2524 3771 communium,
2559 3725 2666 3762 non
2714 3709 2884 3763 solum
2915 3704 3386 3773 irrcprehensibile
3408 3711 3512 3763 est,
3544 3716 3637 3754 ve-

2111 3819 2232 3857 rum
2265 3803 2428 3854 etiam
2460 3799 2823 3852 necessarium
2860 3812 2873 3847 :
2904 3805 2958 3849 et
2999 3810 3153 3862 quem
3183 3803 3302 3861 post
3333 3794 3556 3859 primam
3587 3800 3654 3844 et:

2109 3893 2396 3948 secundant
2440 3888 2862 3941 admonitionem
2892 3892 3122 3948 oportet,
3171 3883 3463 3935 secundum
3498 3882 3658 3944 Apo-.

2111 3980 2308 4035 stolum
2345 3977 2413 4030 ad
2444 3975 2643 4036 Titum,
2669 3988 2766 4026 nos
2806 3971 3090 4024 evitare".
3126 3969 3269 4020 Illius
3303 3970 3485 4034 igitur,
3533 3966 3625 4033 qui

2113 4073 2184 4124 ita
2208 4069 2407 4122 dicitur
2436 4064 2742 4125 haereticus,
2779 4059 3062 4128 quarenda
3093 4057 3161 4108 sit
3214 4055 3370 4116 ratio,
3403 4064 3462 4106 ut
3492 4055 3636 4106 scia-

2113 4177 2256 4221 mus,
2293 4169 2476 4212 utrum
2505 4153 2754 4210 convenit
2783 4150 2981 4217 aliquid
3013 4147 3131 4215 ejus
3154 4143 3408 4197 Romanae
3446 4143 3649 4195 Eccle~

2115 4248 2227 4301 sise.
2252 4245 2384 4298 Cum
2409 4257 2536 4296 vero
2564 4243 2702 4294 idem
2724 4241 2792 4292 sit
2819 4237 3122 4290 haeretis-um
3141 4237 3270 4285 lesse
3300 4239 3353 4283 ct
3379 4229 3642 4297 paradog.

2119 4337 2412 4398 matistam,
2445 4343 2497 4386 et
2524 4345 2745 4399 peccare
2769 4328 2910 4382 circa
2946 4325 3153 4393 pietatis
3177 4325 3423 4387 dogmata
3454 4339 3468 4373 ι
3498 4333 3652 4386 quie-

495 4410 1023 4511 inatici'patriarchte
1045 4441 1146 4492 illis
1179 4410 1534 4490 interfuerunt
1561 4451 1576 4488 :
1605 4436 1697 4488 sed
1728 4435 1774 4488 si
1802 4449 2018 4487 eorum-a
2049 4424 2091 4478 υ
2123 4426 2344 4478 tendum
2379 4435 2480 4486 eat,
2516 4425 2638 4490 quis
2663 4429 2746 4474 est
2770 4417 3217 4487 paradogmatista
3241 4413 3263 4466 ?
3289 4422 3340 4464 et
3373 4410 3493 4479 quis
3525 4425 3648 4478 pec-

495 4531 618 4585 dem
651 4533 1073 4600 patriarcharum
1101 4528 1208 4581 lide
1227 4527 1457 4578 viventes
1489 4537 1541 4577 et
1565 4525 1699 4576 uniti
1728 4538 1834 4577 suo
1854 4525 2016 4590 capiti

495 4623 812 4690 patriarcha:
836 4619 1213 4678 interfuerunt,
1247 4631 1350 4668 non
1376 4624 1585 4683 oportet
1605 4615 1725 4681 plus
1749 4615 1848 4666 hoc
1868 4628 2019 4680 quae-

498 4713 566 4767 ri.
592 4711 872 4764 Gcneralia
918 4712 1061 4762 enim
1117 4706 1345 4760 concilia
1397 4719 1500 4756 non
1547 4719 1608 4755 ex
1663 4703 1936 4754 bereticis
1968 4710 2020 4753 et

498 4798 878 4859 schismatinis,
926 4797 1019 4849 sed
1047 4801 1113 4847 et
1166 4793 1477 4845 orthodoxis
1504 4802 1556 4844 et
1608 4790 1859 4843 Ecclesiae
1907 4790 2019 4841 uni-

501 4892 567 4942 tls
597 4885 774 4954 colligi
807 4885 1016 4937 debent.
1048 4882 1171 4934 llaec
1201 4881 1316 4941 tibi,
1350 4894 1383 4932 ο
1442 4881 1674 4932 amicum
1732 4879 1859 4929 mihi
1926 4893 2018 4929 ca-

499 4988 612 5046 put,
642 4973 966 5045 respOndere
993 4973 1132 5025 Deus
1161 4971 1324 5023 dedit.
1381 4968 1473 5021 Det
1519 4978 1696 5022 autem
1751 4969 1864 5036 ipse
1920 4966 2020 5020 tibi

501 5069 725 5135 reliqua.

500 5195 741 5267 Epistula
763 5194 986 5267 ejusdem
1017 5191 1215 5246 domini
1251 5187 1518 5267 auriganti
1543 5185 1619 5267 9d
1645 5186 1885 5267 Alesiam
1912 5184 2018 5267 Cu-

573 5255 846 5326 locltetuin,
871 5265 923 5313 in
949 5277 1048 5329 qua
1100 5258 1316 5311 ostendit
1364 5255 1567 5329 Graeci
1601 5255 2014 5329 nonobedientcs

571 5322 1092 5384 Romamn-Ecclesia
1137 5342 1246 5379 case
1271 5340 1395 5393 ,πολ
1421 5324 1588 5375 solum
1634 5322 2016 5384 schismelicus,

570 5415 746 5456 mm
769 5400 927 5455 etiam
951 5397 1235 5451 (erraticas.

570 5510 764 5564 Audivi
785 5519 839 5564 te
865 5507 1118 5562 admirari
1147 5506 1212 5560 de
1235 5517 1338 5567 me,
1362 5501 1614 5572 quoniam
1649 5514 1743 5556 eos
1774 5500 1867 5568 qui
1907 5515 2015 5556 non

578 5691 620 5722 "
646 5689 751 5744 Tit.
772 5705 853 5755 tu,
892 5685 980 5741 i0.

2123 4523 2209 4570 cat
2230 4513 2373 4568 circa
2406 4513 2618 4578 pietatis
2649 4511 2895 4578 dogmata
2919 4508 2944 4560 γ

2196 4606 2382 4670 Itaque
2408 4616 2528 4654 cum
2567 4601 2669 4652 tria
2701 4599 2832 4658 sint,
2884 4613 2912 4648 a
2942 4596 3138 4664 quibus
3168 4594 3427 4646 habemus
3457 4591 3646 4658 hujus-

2125 4694 2266 4746 modi
2294 4694 2562 4759 dogmata,
2587 4704 2775 4748 unum,
2798 4687 2975 4739 divina
3004 4685 3297 4748 Scriptura,
3328 4682 3649 4754 secundum,

2128 4779 2449 4833 universalia
2464 4776 2715 4837 concilia,
2743 4773 2979 4831 tertium,
3004 4772 3176 4822 sancti
3192 4770 3362 4822 nostri
3381 4771 3646 4831 doctores,

2125 4870 2214 4937 qui
2242 4877 2359 4933 post
2387 4865 2654 4934 apostolos
2677 4875 2883 4914 sacram
2916 4859 3066 4910 nobis
3085 4866 3448 4923 exposuerunt
3473 4857 3651 4921 Scripo

2123 4967 2303 5010 turam
2337 4973 2350 5008 :
2383 4957 2426 5008 si
2465 4956 2614 5007 illum
2651 4949 2960 5002 vocabimus
2990 4947 3325 5010 haereticum,
3351 4947 3440 5014 qui
3474 4945 3655 5011 quod‘

2124 5063 2338 5116 cunque
2379 5046 2462 5098 vel
2491 5046 2557 5096 de
2591 5042 2717 5103 Deo,
2749 5038 2833 5091 sel
2860 5037 2926 5090 de
2970 5038 3074 5090 alio
3107 5039 3296 5105 quovis
3331 5037 3466 5102 sapit
3489 5044 3542 5084 et
3564 5032 3648 5082 di-

2125 5141 2193 5193 cit
2219 5177 2234 5199 ,
2271 5138 2412 5204 quod
2441 5147 2617 5200 neque
2642 5131 2696 5182 in
2723 5143 2872 5182 sacra
2900 5126 3196 5192 Scriptura,
3229 5141 3398 5190 neque
3425 5127 3474 5173 in
3515 5133 3648 5171 con-

2122 5228 2283 5286 ciliis,
2314 5237 2484 5290 neque
2520 5221 2573 5273 in
2612 5219 2888 5272 doctorum
2918 5216 3131 5278 scriptis
3157 5215 3393 5265 tutaliter
3432 5208 3650 5260 inveni-

2124 5325 2230 5374 tur,
2265 5326 2371 5362 non
2427 5309 2560 5361 bene
2591 5304 2984 5358 nominabimus
3008 5320 3021 5367 ;
3048 5303 3168 5368 quia
3198 5314 3288 5365 per
3317 5299 3453 5350 hanc
3481 5298 3643 5349 ratio-

2127 5417 2250 5456 nem
2283 5399 2448 5453 etiam
2498 5395 2653 5448 multi
2687 5402 2991 5446 nostrorum
3020 5397 3326 5441 sanctorum
3361 5387 3650 5440 doctorum

2125 5490 2359 5546 ba-retici
2387 5494 2598 5542 essent:
2630 5481 2966 5549 Areopagita,
2996 5476 3300 5547 Theologus
3351 5477 3658 5548 Nysscnus.
