4450 6440
887 401 1012 462 1311

1934 408 2081 466 BAR
2095 409 2178 465 LA
2191 407 2226 463 Α
2241 405 2325 466 MI
2364 405 2460 463 DE
2501 403 2776 463 SEMINA
2789 405 2912 461 BIA

3885 400 4022 465 1312

884 524 1099 568 sanctus
1136 513 1501 579 Augustinus:
1535 515 1626 583 qui
1659 529 1762 568 non
1810 517 1983 570 solum
2027 519 2147 570 talia
2193 517 2397 576 dicunt.
2429 520 2471 574 Α
2503 515 2658 578 Filio,
2705 516 2968 582 contingit
3015 518 3336 575 necessario,
3382 513 3603 565 minime
3635 514 3920 578 procedere
3950 530 4015 565 ex

885 618 1003 669 qua‘
1035 616 1202 668 neque
1232 617 1322 668 per
1363 616 1578 654 sensum
1619 604 1736 655 aliis
1767 607 2136 657 conveniunt:
2168 605 2269 656 alia
2308 619 2401 670 pe-

887 694 1030 743 nitus
1058 691 1388 752 exsistcntia,
1430 691 1555 743 licet
1586 707 1692 752 non
1720 695 1982 761 Opposita.
2021 693 2130 745 Non
2155 707 2280 760 ergo
2305 693 2402 744 hac

889 781 1092 831 ratione
1125 780 1429 831 liaareticum
1461 781 1856 846 cogtmscimus,
1891 783 2045 848 cujus
2075 781 2406 833 communio-

887 883 1009 920 nem
1047 868 1309 933 fugiemus
1337 884 1351 919 :
1384 869 1475 919 sed
1508 877 1560 919 et
1596 883 1742 930 eum,
1771 871 1861 936 qui
1908 873 2034 931 alia,
2064 878 2253 937 praeter
2284 884 2403 922 om-

889 973 985 1010 nes
1012 958 1164 1020 alios,
1196 957 1260 1008 de
1293 959 1479 1023 quavis
1509 973 1565 1010 re
1596 959 1742 1020 dicit,
1775 959 1900 1010 dum
1934 948 2199 1011 contraria
2226 968 2278 1011 et
2306 974 2405 1025 0p-

891 1046 1059 1111 posita
1091 1045 1380 1110 suppositis
1409 1060 1513 1096 non
1547 1046 1696 1108 dicit,
1728 1048 1963 1099 nondum
2001 1056 2249 1114 tauquam
2297 1048 2405 1098 ha:-

892 1133 1112 1181 reticum
1137 1131 1572 1183 admoneblmus.
1608 1131 1791 1198 Neque
1825 1134 1965 1185 enim
1996 1143 2176 1200 peccat
2206 1135 2258 1185 in
2291 1148 2406 1184 ma-

895 1219 1087 1279 nifesta
1130 1217 1398 1285 dogmata,
1446 1221 1536 1286 qui
1593 1234 1653 1271 ea
1693 1237 1795 1272 non
1825 1222 1981 1273 tollit.
2031 1223 2095 1273 At
2122 1236 2247 1274 vero
2275 1231 2328 1274 et
2363 1223 2405 1274 si

893 1307 1014 1372 quis
1035 1307 1166 1359 nihil
1196 1307 1406 1372 penitus
1430 1321 1612 1369 eorum
1637 1323 1754 1375 quae
1784 1309 1833 1360 in
1859 1324 2006 1362 sacra
2029 1308 2299 1376 Scriptura
2325 1310 2407 1362 vel

895 1397 946 1446 in
983 1396 1222 1448 conciliis
1255 1405 1399 1457 sunt,
1435 1410 1797 1457 commovens,
1841 1406 2016 1450 tamen
2083 1397 2238 1450 alicui
2286 1414 2410 1451 san-

893 1491 1098 1533 ctorum
1117 1482 1392 1534 doctorum
1419 1485 1480 1533 de
1506 1484 1694 1548 quovis
1713 1484 1969 1543 dissonat.
1991 1484 2128 1537 hunc
2154 1485 2406 1538 audacem

893 1572 1171 1636 quem-lam
1198 1580 1248 1622 et
1265 1579 1762 1636 praesumptuosum,
1785 1574 1837 1621 et
1862 1571 2057 1622 elatum
2089 1579 2140 1623 et
2170 1571 2290 1622 talia
2313 1585 2410 1622 no-

894 1659 1240 1720 minabintus,
1266 1659 1568 1710 hmreticum
1594 1657 1834 1710 minime.
1864 1657 2129 1720 Quoniam
2155 1674 2250 1725 per
2272 1661 2409 1710 hanc

893 1758 1106 1811 quoque
1140 1744 1423 1802 rationem,
1465 1744 1620 1794 multi
1674 1755 1978 1796 sanctorum
2027 1755 2205 1797 essent
2241 1745 2410 1798 haere-

897 1834 1006 1893 tici,
1042 1832 1132 1898 qui
1160 1833 1213 1882 in
1254 1832 1436 1884 multis
1461 1842 1511 1883 et
1548 1833 1752 1896 magnis
1785 1833 1884 1884 sibi
1918 1833 2148 1885 invicem
2200 1841 2410 1886 contra-

897 1921 974 1970 ria
999 1920 1201 1970 dicunt.
1222 1919 1354 1970 Nam
1374 1920 1437 1970 de
1461 1920 1568 1984 ipsa
1593 1921 1934 1985 processione
1962 1921 2193 1987 Spiritus
2215 1923 2409 1984 sancti,

898 2007 996 2072 ipsi
1028 2007 1196 2066 aiunt,
1245 2007 1386 2077 quod
1435 2005 1813 2068 Damascenus,
1848 2007 1933 2059 ubi
1985 2009 2132 2072 dicit,
2173 2008 2247 2060 Ex
2280 2008 2412 2061 Filio

901 2097 1130 2161 Spiritus
1158 2098 1441 2162 procedere
1474 2111 1577 2148 non
1619 2095 1838 2156 dicitur,
1893 2098 2048 2163 sapit,
2080 2098 2222 2164 quod
2270 2097 2415 2150 nullo

901 2187 1055 2237 modo
1087 2187 1196 2252 ipse
1227 2195 1307 2238 est
1336 2201 1396 2238 ex
1429 2186 1582 2239 Filio.

968 2275 1193 2328 Sanctus
1226 2290 1350 2327 vero
1370 2277 1617 2344 Cyrillus,
1646 2280 1734 2346 qui
1761 2282 1940 2333 multis
1965 2281 2118 2333 annis
2152 2289 2274 2332 ante
2295 2295 2414 2331 eum

903 2365 1020 2424 fuit,
1057 2367 1107 2416 in
1139 2380 1382 2418 sermone
1403 2366 1467 2418 de
1498 2366 1714 2432 Spiritu,
1739 2370 1790 2421 in
1826 2371 1981 2422 dictis
2009 2371 2120 2423 suis
2154 2371 2416 2424 thesauris

906 2453 1097 2517 septies
1120 2453 1192 2503 ait
1223 2452 1477 2518 Spiritum
1509 2466 1746 2508 sanctum
1776 2472 1839 2509 ex
1865 2459 1996 2510 Filio
2022 2467 2074 2510 et
2104 2474 2222 2512 esse
2252 2469 2303 2511 et
2328 2474 2420 2511 ex-

907 2538 1112 2601 sistere,
1155 2549 1204 2591 et
1231 2541 1485 2605 prodire:
1527 2545 1806 2609 assignans
1845 2556 1892 2598 et
1934 2548 2072 2598 dicta
2105 2547 2416 2614 Scripturae,

907 2642 968 2678 ex
998 2629 1190 2694 quibus
1217 2629 1266 2680 id
1304 2630 1476 2694 ipsum
1508 2631 1855 2684 intellexerat.
1898 2634 2125 2688 Sanctus
2153 2650 2278 2687 vero
2307 2636 2419 2686 Au-

909 2716 1175 2779 gustinus,
1200 2717 1373 2769 adhuc
1409 2718 1675 2784 antiquior
1707 2719 1808 2772 hoc
1837 2722 2118 2785 exsistens,
2148 2724 2198 2774 in
2232 2738 2329 2775 suo
2358 2725 2420 2775 de

909 2802 1165 2855 'l’rinitate
1195 2807 1426 2871 negotio,
1468 2818 1517 2857 et
1545 2807 1704 2859 nimis
1737 2808 1949 2875 longum
1978 2810 2041 2862 de
2078 2810 2177 2864 hoc
2205 2822 2420 2877 proten-

912 2895 989 2946 dit
1024 2908 1344 2955 sermonem,
1395 2903 1446 2948 et
1476 2897 1526 2948 in
1567 2905 1779 2964 quarto,
1815 2907 1868 2950 et
1925 2899 1976 2950 in
2009 2901 2219 2967 quinto,
2269 2910 2321 2955 et
2369 2902 2420 2954 in

914 2983 1101 3047 quinto
1131 2982 1338 3034 decimo
1371 2984 1504 3036 libro
1537 2985 1774 3050 ejusdem
1803 2988 2019 3052 negotii.
2051 2987 2188 3050 Quid
2219 2989 2422 3055 igitur?

2501 604 2656 658 Patre
2679 622 2694 668 ;
2718 604 2807 656 sed
2834 605 3008 670 potius
3033 603 3336 656 necessario
3357 601 3650 654 confertur.
3672 598 3803 652 Nam
3825 602 3867 654 si
3895 616 4020 667 pro—

2503 691 2644 742 cedit
2670 700 2806 742 etes
2847 690 3001 751 Filio,
3039 689 3126 754 qui
3169 690 3347 742 omnia
3380 703 3712 757 quaecunque
3740 688 3923 748 habet,
3953 703 4020 741 ex

2504 777 2658 829 Patre
2697 778 2849 830 habet
2875 816 2888 837 ,
2928 779 3166 843 procedit
3197 791 3321 845 ergo
3351 788 3403 831 et
3434 792 3494 830 es
3526 776 3703 830 Patre.
3753 774 3866 828 Non
3895 790 4023 844 ergo

2504 867 2728 927 tollitur,
2753 867 2892 932 quod
2927 866 3084 918 simul
3114 867 3364 920 trahitur.

2574 956 2637 1006 At
2672 969 2800 1007 vero
2841 968 3013 1017 neque
3042 955 3180 1006 aliud
3213 970 3396 1007 eorum
3442 971 3556 1023 quae
3596 955 3648 1009 in
3687 971 3835 1010 sacra
3873 957 4026 1008 Scri-

2506 1053 2662 1111 ptura
2688 1044 2766 1093 vel
2799 1046 3037 1096 conciliis
3055 1054 3198 1104 sunt,
3223 1045 3441 1106 tollitur,
3459 1059 3521 1098 ex
3549 1060 3613 1098 eo
3639 1047 3782 1113 quod
3805 1047 4024 1108 dicitur,

2507 1144 2558 1186 et
2588 1149 2652 1184 ex
2686 1133 2818 1186 Filio
2854 1134 3143 1201 procedere
3176 1134 3430 1199 Spiritum
3459 1143 3723 1187 sanctum.
3760 1133 3872 1186 Non
3896 1148 4026 1201 ergo

2508 1223 2797 1273 secundum
2829 1224 2927 1273 hoc
2960 1222 3142 1273 incidit
3169 1221 3220 1272 in
3258 1223 3628 1275 haereticorum
3655 1224 3914 1276 rationem
3938 1223 4030 1276 illa

2508 1309 2762 1361 Ecclesia.
2794 1313 2859 1361 At
2884 1323 3058 1376 neque
3091 1325 3181 1375 per
3206 1324 3475 1375 azymum.

2577 1396 2811 1450 Primum
2843 1399 2982 1449 enim
3018 1398 3145 1448 nulli
3178 1398 3405 1451 concilio
3439 1412 3531 1464 per
3558 1398 3662 1450 hoc
3691 1398 4027 1458 adversatur,

2509 1486 2761 1552 quoniam
2817 1486 3024 1537 nullum
3083 1486 3147 1537 de
3207 1486 3308 1536 hoc
3368 1485 3567 1552 aliquid
3625 1487 4028 1538 determinavit.

2511 1572 2705 1624 Deinde
2750 1587 2918 1639 neque
2949 1585 3112 1624 sacrae
3159 1572 3444 1639 Scriptura
3488 1588 3580 1639 per
3615 1573 3716 1625 hoc
3748 1581 4030 1642 repugnat.

2509 1659 2692 1711 Etnon
2719 1659 2819 1712 hoc
2840 1673 2978 1711 nunc
2996 1660 3134 1719 dico,
3163 1662 3284 1726 quia
3315 1660 3465 1726 panis
3505 1660 3610 1720 ille,
3640 1674 3794 1726 quem
3828 1660 4038 1713 sacrifi-

2507 1749 2647 1802 cavit
2666 1747 2938 1819 Dominns,
2959 1762 3175 1815 azymus
3189 1756 3300 1800 erat
3319 1785 3333 1810 ,
3355 1760 3406 1801 et
3421 1763 3661 1816 azymum
3684 1749 3735 1800 in
3760 1748 4036 1814 Scriptura

2511 1836 2646 1900 gerit
2680 1835 2960 1900 imaginem
3009 1834 3330 1886 sinceritatis
3369 1843 3419 1886 et
3459 1834 3736 1896 veritatis;
3785 1835 3874 1886 sed
3901 1834 4032 1884 illud

2513 1922 2709 1975 suﬂicit
2743 1937 2905 1984 nunc,
2951 1923 3090 1987 quod
3120 1923 3296 1973 divina
3335 1923 3610 1989 Scriptura
3640 1936 3830 1990 panem
3861 1920 4038 1972 nomi-

2515 2024 2672 2068 nante
2698 2023 2750 2066 et
2782 2028 3022 2080 azymum
3051 2022 3102 2064 et
3119 2012 3583 2074 fermentatum,et
3603 2027 3865 2079 nusquam
3884 2011 4039 2077 jubet

2517 2105 2616 2154 hoc
2670 2101 2751 2153 vel
2778 2100 2904 2151 illud
2931 2098 3198 2160 distincte,
3229 2108 3372 2150 certe
3403 2108 3589 2150 neuter
3617 2098 3908 2164 Scriptura:
3935 2113 4038 2163 pu-

2517 2199 2660 2259 gnat,
2711 2205 2880 2256 neque
2924 2189 3168 2256 azymita,
3222 2201 3389 2255 neque
3441 2185 3845 2240 fermentarius.
3918 2188 4035 2241 Non

2516 2281 2658 2332 enim
2693 2278 2832 2346 quod
2887 2277 3266 2330 nonnullorum
3316 2284 3399 2328 est
3429 2277 3713 2328 stultorum
3758 2275 4038 2338 dicemus,

2517 2372 2656 2437 quod
2693 2371 2780 2422 ille
2811 2377 2894 2421 est
2944 2368 3293 2420 inanimatus.
3328 2367 3516 2419 Omnis
3563 2367 3704 2418 enim
3754 2366 3906 2431 panis
3940 2380 4035 2416 sua

2518 2461 2726 2512 ratione
2755 2459 3079 2512 inanimatus
3110 2467 3211 2518 est,
3236 2469 3287 2508 et
3318 2455 3497 2508 nullus
3527 2455 3831 2506 animatus:
3857 2451 4037 2503 divina

2518 2563 2644 2603 vero
2672 2549 2868 2600 virtute
2897 2561 3188 2599 conversus
3217 2559 3555 2612 nequaquam
3585 2542 3932 2602 inanimatus,
3957 2539 4040 2592 vel

2522 2636 2753 2689 totaliter
2804 2634 3105 2688 substantia
3134 2633 3306 2700 panis,
3361 2633 3453 2683 sed
3488 2632 3603 2683 viva
3654 2643 3779 2681 caro
3815 2628 4041 2681 viventis

2519 2726 2737 2788 Christi,
2768 2725 2856 2790 qui
2889 2737 3101 2775 carnem
3133 2733 3184 2774 et
3209 2721 3438 2773 animam
3463 2719 3771 2771 rationalem
3800 2726 3853 2769 et
3883 2717 4043 2770 intel-

2523 2815 2800 2867 lectualem
2852 2827 2914 2865 ex
2964 2811 3119 2874 nobis
3147 2824 3243 2877 pro
3279 2809 3435 2861 nobis
3490 2808 3802 2874 assumpsit.
3857 2804 4039 2870 Neque

2521 2918 2646 2970 ergo
2675 2917 2766 2969 per
2786 2900 3180 2968 processionem
3209 2897 3462 2964 Spiritus,
3491 2907 3663 2961 neque
3683 2908 3774 2960 per
3793 2906 4038 2960 azymum

2525 2991 2612 3042 illa
2645 2990 2876 3041 Ecclesia
2922 2987 3058 3040 cadit
3098 2987 3149 3037 in
3201 2983 3525 3037 schismatici
3562 2983 3822 3062 rationein
3859 2997 3875 3032 :
3905 2993 4041 3045 quo-

914 3069 1229 3121 llaereticum
1267 3071 1615 3124 nominabunt
1653 3072 2060 3134 Damascenum,
2116 3075 2221 3126 illis
2273 3087 2425 3138 supe-
2452 3092 2493 3146 (ς
2525 3079 2666 3128 niam
2701 3091 2791 3140 per
2824 3083 3068 3126 neutrum
3112 3072 3247 3123 tollit
3285 3073 3578 3138 quidquam
3609 3068 4042 3122 manifestorum.

918 3158 1148 3210 rioribus
1195 3173 1250 3210 se
1285 3162 1579 3211 secundum
1628 3159 1771 3223 ipsos
1799 3161 2253 3212 contradicentem
2288 3179 2302 3213 :
2342 3163 2423 3214 vel

916 3250 1094 3315 potius
1125 3257 1176 3300 et
1205 3263 1262 3300 se
1297 3250 1439 3314 ipsos
1485 3249 1668 3300 iisdem
1699 3252 1898 3301 sanctis
1922 3251 2085 3303 tantis
2115 3251 2273 3303 rebus
2298 3265 2425 3304 con-

917 3338 1251 3399 tt'adicentes,
1289 3353 1352 3388 an
1386 3339 1640 3389 minime?
1672 3341 1849 3390 Potest
1880 3353 2004 3406 ergo
2037 3340 2175 3401 fieri,
2207 3341 2346 3406 quod
2379 3343 2424 3396 is

917 3427 1004 3490 qui
1050 3425 1246 3477 sanctis
1290 3426 1354 3477 dc
1400 3425 1504 3478 Deo
1549 3426 1814 3490 dissonat,
1857 3426 2090 3479 nondum
2141 3429 2212 3481 sit
2257 3429 2425 3482 haere—

919 3515 1070 3566 licus.

981 3603 1109 3666 Quis
1126 3617 1249 3670 ergo
1279 3603 1556 3656 hmreticus
1574 3614 1652 3657 est
1668 3612 1732 3671 et
1754 3605 2200 3672 paradogmatista
2223 3607 2244 3657 ‘l
2267 3621 2424 3672 quem

917 3697 1032 3750 post
1063 3692 1238 3740 binam
1267 3690 1685 3742 admonitionem
1719 3691 2022 3756 fugietnus?
2052 3708 2116 3744 an
2150 3703 2295 3745 certe
2318 3693 2426 3756 ille,

915 3776 1004 3840 qui
1045 3779 1183 3842 sapit
1205 3787 1256 3828 et
1283 3777 1414 3829 dicit
1446 3777 1645 3844 aliquid
1680 3779 1730 3829 in
1756 3779 2116 3845 dogmatibus.
2156 3781 2224 3832 ita
2257 3795 2425 3848 θυμοί

917 3865 1074 3915 situm
1100 3859 1257 3916 alicui
1283 3880 1464 3917 eorum
1488 3881 1606 3932 quae
1627 3867 1706 3918 vel
1733 3866 1784 3918 in
1808 3881 1957 3919 sacra
1982 3868 2256 3935 Scriptura
2281 3883 2431 3934 aper-

920 3959 968 4000 te
995 3949 1269 4010 dicuntur,
1317 3953 1392 4003 vel
1425 3953 1476 4004 in
1506 3954 1845 4020 generalibus
1892 3954 2140 4006 conciliis
2178 3969 2430 4022 expresse

918 4039 1260 4091 determinata
1307 4039 1451 4104 sunt,
1487 4051 1543 4092 ut
1567 4057 1685 4093 cum
1715 4043 1814 4094 hoc
1842 4044 1929 4104 sit,
1962 4043 2179 4094 tollatur
2206 4044 2352 4106 illud,
2378 4053 2432 4097 et

919 4143 1038 4178 cum
1078 4128 1203 4180 illud
1235 4130 1322 4190 sit,
1353 4143 1457 4180 non
1490 4131 1655 4195 possit
1701 4130 1799 4182 hoc
1829 4145 1947 4183 esse
1976 4148 1990 4183 :
2028 4141 2187 4199 atque
2218 4133 2336 4185 talis
2364 4135 2429 4184 ad

923 4215 1009 4266 illa
1038 4220 1384 4281 repugnantia
1415 4225 1496 4268 est
1515 4232 1577 4267 es
1605 4232 1666 4268 ea
1691 4231 1808 4282 quae
1835 4219 2163 4284 vituperatur
2194 4221 2428 4274 haeresis.

923 4302 1014 4354 Ille
1043 4317 1167 4354 vero
1193 4304 1283 4368 qui
1319 4301 1419 4355 tale
1449 4305 1650 4371 aliquid
1685 4321 1856 4372 neque
1887 4307 2121 4374 loquitur
2148 4324 2321 4377 neque
2349 4327 2434 4364 sa-

923 4393 1018 4457 pit,
1067 4392 1116 4442 in
1156 4393 1259 4442 alio
1309 4408 1431 4444 vero
1475 4397 1665 4460 quovis
1705 4407 1906 4461 peccat,
1951 4401 2319 4454 admonendus
2353 4411 2433 4455 est
2466 4381 2506 4435 θ

923 4479 1158 4543 quidem,
1194 4481 1297 4532 alio
1327 4484 1539 4535 nomine
1587 4485 1915 4550 nominatus,
1953 4503 2058 4539 non
2106 4497 2283 4542 tamen
2316 4501 2433 4544 tan-

926 4582 1081 4632 quam
1117 4568 1394 4623 haereticus
1423 4569 1725 4638 fugiendus.

993 4658 1154 4723 Igitur
1177 4674 1295 4712 cum
1332 4661 1439 4713 hzec
1467 4662 1535 4714 sit
1572 4663 1658 4714 illa
1687 4664 1822 4715 ratio
1846 4680 1946 4732 qua
1977 4666 2258 4722 hereticus
2285 4677 2439 4720 nota-

927 4753 1030 4804 tur,
1062 4746 1330 4800 videamus
1360 4750 1587 4816 qualiter
1635 4766 1693 4805 se
1732 4754 1887 4806 habet
1920 4754 1985 4806 ad
2026 4771 2142 4808 eam
2196 4755 2435 4809 Romana

928 4827 1182 4880 Ecclesia.

997 4913 1109 4963 Duo
1137 4926 1280 4972 sunt.
1310 4933 1423 4981 qure
1455 4921 1568 4984 ejus
1601 4935 1915 4977 accusantes
1948 4925 2088 4990 iuste
2115 4927 2266 4977 aiunt
2292 4941 2348 4978 se
2371 4927 2436 4979 ab

925 5016 983 5051 ca
1021 5001 1200 5050 dividi.
1232 5000 1404 5054 Unum
1430 5011 1566 5072 quod
1594 5011 1720 5062 dicit
1755 5011 2009 5077 Spiritum
2041 5022 2283 5064 sanctum
2316 5028 2437 5078 pro-

928 5089 1116 5141 cedere
1153 5097 1204 5140 ct
1231 5103 1293 5141 es
1326 5090 1478 5142 Filio.
1515 5095 1664 5145 Aliud
1704 5101 1842 5162 quod
1877 5115 1968 5166 per
1992 5114 2174 5162 azima
2202 5101 2437 5154 coniicit.

927 5182 1110 5249 Atper
1150 5181 1378 5246 primum
1417 5183 1543 5233 nihil
1576 5199 1757 5237 eorum
1789 5205 1907 5254 quae
1947 5190 1999 5240 in
2035 5188 2309 5256 Scriptura
2355 5193 2436 5243 vel

932 5272 983 5320 in
1015 5272 1256 5325 conciliis
1288 5283 1433 5335 sunt,
1481 5274 1635 5327 tollit.
1681 5275 1892 5328 Dicente
1936 5280 2076 5329 enim
2105 5292 2256 5331 sacra
2287 5280 2436 5332 Scri-

929 5369 1103 5424 ptura,
1139 5364 1279 5425 quod
1301 5380 1363 5416 ex
1400 5365 1553 5416 Patre
1580 5365 1818 5431 procedit
1855 5365 2088 5432 Spiritus
2113 5381 2351 5428 sanctus.
2388 5382 2439 5421 et

927 5449 1167 5501 conciliis
1191 5451 1436 5505 omnibus
1457 5452 1505 5503 id
1531 5454 1702 5518 ipsum
1733 5454 2309 5528 dicentibuskRomna
2343 5456 2440 5510 Ec-

927 5535 1087 5587 clesie
1112 5537 1291 5590 dicens
1322 5549 1373 5590 et
1399 5556 1458 5592 ex
1492 5540 1647 5603 Filio,
1674 5556 1778 5593 non
1803 5543 2108 5608 oppositum
2137 5545 2335 5611 aliquid
2364 5545 2434 5596 illi

929 5623 1072 5687 dicit,
1109 5636 1276 5693 neque
1306 5629 1447 5696 ejicit
1477 5632 1623 5683 illud.
1657 5630 1768 5685 Non
1800 5634 1938 5684 enim
1964 5634 2004 5684 si
2034 5634 2265 5700 prOCcdit
2295 5644 2343 5687 et
2373 5650 2433 5687 es

2520 3164 2732 3218 Atvero
2779 3170 2995 3228 propter
3032 3162 3143 3212 hac
3195 3160 3328 3220 sola,
3379 3167 3433 3211 et
3466 3174 3571 3210 non
3610 3168 3826 3226 propter
3870 3160 4038 3221 aliud.

2522 3253 2670 3303 aiunt
2705 3267 2760 3304 se
2783 3251 2943 3302 dividi
2968 3250 3033 3300 ab
3056 3249 3166 3300 illa.
3199 3247 3311 3300 Non
3340 3261 3467 3313 ergo
3499 3247 3593 3299 illa
3620 3245 3854 3300 Ecclesia
3879 3248 4042 3300 hare-

2522 3325 2646 3394 tica'
2666 3349 2744 3394 est
2772 3355 2862 3406 per
2889 3340 2997 3401 illa,
3031 3346 3245 3405 propter
3277 3352 3395 3404 quae
3427 3336 3526 3401 ipsi
3549 3337 3736 3388 dicunt
3755 3351 3812 3389 se
3837 3335 4042 3389 divisos

2522 3445 2684 3484 esse:
2728 3431 2850 3497 quia
2889 3429 3180 3482 secundum
3214 3442 3275 3480 ea
3309 3427 3361 3478 in
3415 3426 3772 3479 definitionem
3809 3425 4043 3477 haeretici

2522 3531 2627 3569 non
2652 3516 2812 3568 cadit.
2833 3513 3016 3565 Restat
3043 3527 3168 3579 ergo
3195 3512 3291 3564 hos
3313 3511 3687 3564 schismaticos
3716 3523 3837 3561 esse
3861 3523 4045 3562 neces-

2524 3605 2688 3664 sario,
2736 3603 2986 3670 quoniam
3023 3601 3350 3653 definitionis
3385 3599 3861 3652 schismaticorum
3907 3598 4043 3649 nihil

2526 3693 2800 3745 omittunt.
2853 3690 3188 3758 Quapropter
3221 3690 3346 3753 hoc,
3378 3697 3438 3740 ut
3469 3698 3619 3754 puto,
3660 3701 3765 3739 non
3815 3687 4046 3754 amplius

2527 3776 2833 3827 miraberis.

2597 3863 2666 3915 Ut
2695 3870 2872 3914 autem
2902 3874 3072 3928 neque
3110 3859 3154 3912 si
3186 3859 3455 3912 audiveris
3491 3875 3575 3913 me
3611 3860 3920 3915 haereticum
3961 3875 4048 3914 vo-

2529 3963 2650 4003 care
2682 3964 2800 4001 eum
2831 3948 2919 4015 qui
2956 3961 3019 4000 ex
3046 3947 3159 4000 solo
3189 3947 3347 3999 Patre
3377 3948 3572 4000 asserit
3603 3949 3890 4014 procedere
3923 3949 4047 4015 Spi-

2532 4038 2691 4090 ritum
2723 4047 2989 4098 sanctum,
3039 4036 3320 4089 admireris
3348 4054 3362 4089 :
3405 4031 3524 4088 volo
3555 4035 3649 4087 tibi
3677 4049 3729 4089 et
3774 4037 3929 4104 hujus
3964 4053 4050 4091 ra-

2531 4119 2728 4180 tionem
2767 4127 3063 4193 assignare.

2602 4215 2916 4267 Dicebamus
2950 4213 3217 4281 superius,
3251 4213 3559 4267 haereticum
3583 4228 3703 4267 esse
3724 4229 3848 4268 eum
3875 4217 3968 4284 qui
3995 4219 4050 4269 in

2532 4305 2870 4372 dogmatibus
2902 4304 3114 4370 pietatis
3159 4304 3296 4370 sapit
3337 4303 3540 4369 aliquid
3566 4313 3620 4356 et
3647 4304 3778 4358 dicit
3806 4306 4052 4371 opposite

2535 4397 2837 4455 sechabens,
2881 4394 2961 4446 vel
3001 4393 3065 4444 ad
3097 4394 3324 4444 divinam
3359 4392 3716 4458 Scripturam,
3754 4393 3836 4445 vel
3863 4394 3928 4446 ad
3959 4407 4051 4459 ge-

2536 4484 2713 4535 nerale
2743 4481 3049 4535 concilium.
3075 4482 3141 4533 At
3167 4495 3292 4532 vero
3327 4495 3494 4533 sacra:
3528 4479 3820 4548 Scriptura:
3847 4496 4051 4549 pugna-

2535 4572 2579 4623 ri
2624 4572 2903 4636 dupliciter
2929 4578 3049 4621 est:
3095 4568 3178 4620 vel
3227 4582 3348 4620 cum
3377 4568 3576 4635 aliquis
3604 4579 3748 4622 recte
3777 4569 4048 4636 intelligit,

2536 4658 2674 4724 quod
2701 4659 2771 4709 ait
2799 4658 3098 4724 Scriptura,
3130 4665 3183 4709 et
3211 4657 3260 4708 id
3293 4658 3467 4722 ipsum
3493 4657 3745 4724 praponit
3777 4659 4050 4711 contraria

2536 4745 2608 4795 illi
2649 4744 2846 4805 dicere,
2876 4744 3147 4796 aestimans
3191 4743 3332 4794 illam
3371 4742 3796 4810 mentiri;un
3833 4745 4054 4796 minime

2536 4834 2943 4898 estChristiani;
2972 4833 3052 4884 vel
3097 4847 3343 4885 asserens
3376 4831 3707 4898 Scripturam
3739 4832 3959 4884 omnino
3994 4845 4054 4885 se

2537 4925 2796 4989 venerari,
2821 4925 2958 4976 dicta
2980 4923 3115 4990 ejus.
3137 4923 3332 4990 quibus
3354 4923 3693 4986 contradicit,
3716 4922 3866 4975 aliter
3887 4932 4069 4989 quam'

2537 5016 2732 5064 veritas
2763 5027 2818 5065 se
2852 5013 3031 5072 habet,
3074 5012 3319 5076 intelligit
3350 5021 3402 5062 et
3428 5011 3672 5076 exponit,
3707 5009 3850 5076 quod
3874 5011 4048 5062 solum

2537 5114 2614 5158 est
2645 5087 2900 5155 haeretici.
2927 5103 3064 5172 Ergo
3091 5115 3209 5153 cum
3243 5099 3578 5150 inveniamus
3613 5097 3842 5162 aliquem
3871 5097 4050 5158 talem,

2537 5203 2858 5260 pugnantem
2881 5183 3094 5259 quidem
3125 5190 3316 5242 divina
3341 5189 3655 5255 Scriptura,
3685 5202 3790 5239 non
3817 5199 4055 5256 pugnare

2537 5297 2663 5334 vero
2693 5288 3040 5343 asserentem,
3065 5277 3128 5330 ad
3164 5276 3303 5344 quod
3339 5289 3435 5328 nos
3457 5275 3716 5343 judicium
3740 5274 4050 5338 referentes,

2540 5371 2899 5422 indubitanter
2929 5369 3181 5428 sciemus,
3215 5364 3356 5430 quod
3385 5372 3652 5431 pugnatur
3679 5374 3729 5415 et
3751 5365 3894 5432 juste
3933 5374 4056 5432 post

2539 5459 2714 5510 binam
2759 5456 3176 5509 admonitionem
3219 5454 3388 5520 ipsum
3435 5452 3835 5506 devitabimus!
3864 5454 3945 5504 An
3986 5452 4053 5503 ad

2539 5548 2760 5615 plures?
2807 5545 2905 5597 Sed
2940 5545 3029 5611 qui
3079 5543 3268 5595 melius
3297 5551 3349 5593 et
3398 5542 3705 5609 diligentius
3749 5541 4057 5608 intelligunt

2537 5651 2742 5687 sacram
2777 5634 3126 5699 Scripturam,
3159 5634 3437 5697 pauciores
3459 5639 3602 5683 sunt.
3631 5629 3710 5682 Au
3744 5630 3809 5681 ad
3841 5629 3938 5680 hos
3960 5630 4052 5694 qui
