4450 6440
452 338 575 393 idlh‘
1732 336 1877 393 PBG
1906 336 2223 397 LATINIS.

3453 336 3572 395 t3M

437 466 488 501 ir.
523 448 714 501 divinis
753 447 1107 512 sapientiores
1134 456 1186 500 et
1216 454 1379 515 magis
1414 445 1605 500 eruditi
1659 458 1782 500 sunt
1864 448 1957 503 sed
1985 448 2029 503 Α
2054 464 2194 511 cent,
2222 450 2468 517 legitimis
2494 451 2835 518 pontiﬁcibus
2856 461 2909 505 et
2934 456 3191 506 canonice
3216 452 3563 505 saecrdctintr

436 540 660 589 fortasse
693 536 781 585 ille
810 549 949 587 unus
992 544 1076 586 es:
1107 537 1345 589 omnium
1380 534 1805 601 sapientissiiztus
1845 552 1858 583 :
1903 542 1957 586 et

438 636 607 696 potes:
639 627 750 677 beri
789 606 843 677 ut
870 626 922 679 id
950 626 1124 693 ipsum
1156 626 1429 680 verissime
1463 625 1698 677 omnium
1730 622 1843 688 ipse
1876 622 1957 673 in-

438 716 659 781 teiligat.
692 716 772 767 An
801 716 866 767 ad
892 716 1162 780 digniores
1195 723 1249 767 et
1276 716 1701 768 dominantiores
1730 723 1782 766 et
1810 728 1955 779 prin-

441 802 757 870 ~ipnliores?
805 804 896 856 sed
930 806 1003 855 ait
1034 805 1311 871 Scriptura
1342 823 1353 857 :
1388 804 1440 856 Si
1472 806 1627 856 luerit
1667 804 1953 855 retelatum

434 893 747 946 novissimo.
776 892 931 944 sileat
962 894 1194 958 primus.
1232 890 1378 943 Unde
1407 906 1510 943 non
1540 904 1748 955 semper
1776 901 1955 941 neces-

432 984 635 1036 sarium
671 994 755 1036 est
792 984 971 1035 verius
1000 984 1294 1050 intelligere
1325 998 1466 1041 eum,
1496 981 1587 1046 qui
1622 980 1822 1043 primus
1850 986 1949 1025 est.

422 1071 508 1120 An
544 1074 605 1122 2d
634 1084 749 1131 eos,
794 1070 886 1136 qui
930 1080 1199 1134 nunquam
1259 1070 1391 1121 aiias
1432 1067 1675 1119 heresim
1718 1065 1947 1128 aliquam

433 1160 769 1209 incurrerunt
797 1158 819 1207 τ
846 1159 938 1211 sed
973 1173 1304 1224 unaquaeque
1335 1158 1587 1212 Ecclesia.
1617 1168 1733 1221 qute
1764 1150 1949 1214 primi-

435 1256 519 1297 tus
547 1246 597 1297 in
627 1247 861 1314 aliquam
893 1249 1135 1300 haeresim
1175 1249 1381 1308 incidit,
1425 1246 1784 1312 superioribus
1814 1259 1949 1295 tein-

434 1334 654 1401 peribos
704 1336 966 1389 catholica
1001 1352 1213 1404 semper
1244 1345 1375 1389 erat.
1406 1333 1582 1397 Quare
1610 1341 1780 1399 potest
1836 1334 1949 1407 ﬁeri

428 1437 546 1475 eain
574 1438 693 1488 quae
718 1425 864 1490 prius
888 1440 1099 1493 semper
1130 1426 1420 1478 orthodoxa
1446 1433 1580 1485 erat,
1613 1412 1949 1488 postmodum

431 1517 481 1562 in
522 1513 763 1563 haeresim
793 1516 1003 1565 cadere.
1042 1515 1121 1565 An
1177 1516 1240 1565 ad
1272 1524 1487 1565 sanctos
1517 1512 1824 1571 nonnullos,
1858 1512 1946 1577 qui

432 1609 589 1665 prout
616 1616 713 1653 nos
756 1602 1007 1665 dicimus,
1036 1602 1339 1667 Scriptores
1374 1600 1683 1669 exponunt?
1710 1600 1812 1652 Sed
1842 1600 1949 1651 for-

433 1704 573 1744 tasse
608 1701 662 1743 et
700 1692 787 1771 hic
847 1694 932 1745 cui
988 1694 1427 1753 cmztratlicinius,
1483 1706 1701 1743 sanctus
1732 1700 1830 1743 est.
1887 1690 1951 1741 Et

430 1774 887 1846 quemadmodum
925 1782 978 1832 in
1007 1782 1109 1829 illi.
1146 1781 1231 1831 alii
1256 1782 1372 1832 aliis
1404 1782 1849 1840 contradicentes,
1875 1790 1953 1832 ta-

433 1884 553 1921 men
586 1870 818 1925 haaretici
853 1886 956 1922 non
987 1878 1131 1931 suut,
1168 1871 1235 1921 ita
1270 1879 1321 1922 et
1372 1870 1486 1923 hic.
1524 1872 1705 1923 ltestat
1732 1883 1859 1938 ergo
1887 1869 1951 1922 ad

422 1956 690 2021 judicium
722 1958 981 2025 generalis
1011 1958 1225 2010 concilii
1259 1972 1549 2020 recurrere.
1581 1958 1648 2010 At
1677 1960 1719 2011 si
1759 1960 1953 2011 videri-

435 2060 554 2097 niua
582 2046 731 2099 illum
764 2046 936 2114 ipsum
970 2061 1186 2101 sensum
1214 2047 1577 2101 determinans
1601 2050 1952 2115 quorumdam

429 2135 693 2188 dictorum
729 2135 1025 2203 Scriptura:
1080 2138 1163 2189 cui
1210 2147 1588 2205 repugnantem
1618 2152 1834 2191 sensum
1869 2137 1953 2188 hic

431 2226 753 2291 ilogtnatizat
792 2235 848 2278 et
875 2233 1033 2280 tenet.
1064 2227 1409 2279 indubitabile
1437 2226 1658 2278 omnino
1688 2225 1743 2276 iit
1778 2227 1948 2290 ipsum

429 2315 736 2365 liaaretieum
790 2329 930 2367 esse.
966 2315 1101 2381 Ergo
1136 2316 1179 2366 si
1212 2314 1336 2381 quis
1380 2315 1482 2364 tale
1532 2314 1582 2364 in
1616 2313 1951 2378 dogmatibus

425 2402 577 2465 dicit,
613 2412 669 2453 ut,
699 2414 801 2454 non
838 2417 1000 2453 unum
1036 2404 1111 2453 vel
1144 2403 1273 2463 .luo,
1299 2403 1389 2452 sed
1414 2401 1591 2459 omuia
1628 2414 1784 2464 supra
1811 2400 1949 2452 dicta

424 2495 478 2535 et
510 2486 757 2549 generale
780 2485 1060 2537 concilium
1081 2486 1132 2533 i::
1164 2487 1491 2537 contrarium
1515 2497 1858 2549 concurrant,
1886 2501 1949 2540 ac

426 2573 477 2625 in
513 2574 877 2639 praijtnlicium
907 2576 1065 2627 simul
1100 2578 1338 2627 vinnium
1373 2585 1627 2645 appareat
1660 2579 1833 2641 ipsum
1865 2594 1950 2633 sa-

423 2677 527 2716 crm
560 2662 850 2729 Scriptura
887 2679 1120 2731 pug-nare
1153 2680 1165 2715 :
1199 2666 1283 2719 hic
1311 2676 1387 2719 est
1425 2668 1663 2720 omnium
1721 2669 1950 2723 manife-

424 2754 693 2805 stissimus
728 2754 1029 2807 haereticus.
1082 2753 1184 2807 Se-‘l
1238 2756 1328 2822 qui
1360 2755 1491 2808 dicit
1527 2770 1591 2809 ex
1632 2757 1748 2809 solo
1792 2754 1948 2808 Patre

425 2840 708 2906 procedere
740 2842 997 2907 Spiritum
1029 2851 1297 2906 sanctum,
1327 2845 1442 2896 talis
1472 2856 1571 2898 est.
1594 2884 1609 2907 ,

1985 1749 2026 1805 Β

2060 542 2373 592 hanentibus
2391 544 2665 593 οιιιιδιὶιειι
2694 551 2731 593 )t
2749 542 2957 594 Ordinat
2978 542 3197 594 cuilibet
3221 557 3401 593 earum
3423 558 3575 592 sun-ni

2056 631 2428 696 patriarcham.
2489 630 2683 681 tieintle
2719 642 2835 696 post
2880 632 3072 682 multos
3120 644 3286 681 annos
3335 630 3579 697 geiierale

2056 718 2335 770 concilium
2362 714 2654 773 celebrans.
2679 724 2740 766 de
2758 719 2942 769 eodem
2968 721 3079 783 ipsi;
3097 718 3332 768 omnium
3354 731 3577 767 assensu

2056 802 2306 862 declarat,
2345 804 2443 854 hoc
2493 817 2585 869 per
2617 804 2951 868 Srrip'uram
3000 794 3266 862 concludi,
3320 802 3577 867 Spitlttttt

2056 903 2295 943 sanctum
2324 905 2385 942 ex
2415 890 2567 944 Patre
2599 891 2858 959 Filioque.
2887 904 3136 958 tanquam
3158 909 3215 944 ex
3248 908 3351 943 uno
3380 892 3576 957 prim-i-

2054 981 2160 1047 pio,
2190 982 2494 1046 procedere.
2526 980 2871 1048 Qnapmpter,
2899 985 2988 1045 qui
3028 985 3127 1035 hcc
3159 990 3333 1047 negat,
3367 991 3417 1033 et
3445 995 3573 1031 cono

2056 1079 2273 1121 trartum
2311 1070 2464 1135 sapit,
2504 1072 2767 1137 generalis
2797 1072 2902 1140 jam
2939 1073 3146 1123 concilii
3177 1071 3378 1135 judicio
3411 1083 3576 1121 sacra:

2054 1157 2343 1212 S’Il’ililhi‘iﬂ
2371 1171 2586 1224 pugnat.
2625 1158 2685 1211 Et
2725 1171 2999 1227 propterea
3036 1162 3084 1212 in
3118 1162 3346 1211 hazret‘tm
3388 1160 3577 1210 deﬁni-

2053 1248 2250 1299 tionem
2284 1247 2562 1301 manifeste
2591 1250 2843 1304 incidens.
2878 1265 3044 1316 purus
3069 1251 3345 1301 hmreticus
3368 1256 3469 1299 est.

2123 1334 2247 1388 liazc
2270 1349 2443 1388 autem
2474 1345 2525 1388 et
2559 1338 2624 1388 ad
2657 1347 2706 1390 te
2730 1340 2924 1396 scribo.
2952 1350 3001 1391 et
3037 1338 3102 1390 ad
3129 1339 3262 1390 alios
3297 1338 3435 1396 ilico,
3470 1352 3573 1388 non

2055 1423 2429 1477 malevolentia
2447 1424 2643 1492 aliqua,
2657 1434 2709 1478 et
2728 1427 3133 1484 contumeliose,
3153 1427 3241 1477 sed
3266 1426 3573 1492 cupiditate,

2054 1522 2113 1564 ut
2134 1512 2367 1564 Ecclesia
2390 1511 2589 1566 Christi
2616 1515 2851 1575 uniatur,
2876 1522 2926 1565 et
2958 1514 3020 1565 ad
3048 1514 3275 1580 seipsam
3300 1514 3495 1570 redeat,
3526 1520 3576 1563 et

2053 1614 2237 1653 omnes
2256 1600 2549 1653 Christiani
2578 1602 2627 1653 in
2657 1600 2759 1653 lide
2774 1611 2825 1654 et
2855 1602 3073 1653 veritate
3096 1602 3572 1666 idipSllnlSdplanl.

2053 1699 2105 1741 et
2124 1688 2401 1742 charitatis
2431 1689 2642 1742 vinculo
2669 1690 2767 1743 sibi
2792 1691 3015 1742 invicem
3044 1690 3397 1755 capulentur:
3434 1687 3575 1754 quod

2058 1790 2113 1830 ut
2141 1790 2265 1845 puto
2298 1794 2401 1831 non
2442 1779 2493 1830 in
2524 1781 2737 1848 longum
2786 1780 3044 1842 eveniret.
3075 1781 3118 1833 si
3153 1781 3263 1831 haic
3298 1779 3426 1835 sola.
3459 1792 3577 1845 qua:

2053 1868 2146 1921 tibi
2183 1868 2380 1927 scribo,
2420 1866 2470 1918 in
2508 1877 2737 1918 mentem
2768 1868 3019 1918 omnibus
3063 1868 3324 1919 venirent.
3368 1865 3495 1917 Nam
3530 1865 3575 1917 si

2052 1972 2368 2025 persuasum
2400 1956 2591 2009 fuisset
2619 1956 2697 2009 eis
2725 1957 2775 2008 in
2811 1971 2918 2023 quo
2950 1956 3088 2008 malo
3115 1967 3259 2019 sunt,
3294 1956 3445 2008 facile
3475 1956 3576 2007 uti-

2052 2061 2155 2113 que
2188 2055 2240 2098 et
2271 2043 2433 2111 ltu'jus
2466 2045 2835 2097 liberationem
2865 2054 3181 2109 qurererent.
3201 2045 3376 2108 Quare
3419 2045 3571 2103 nihil,

2050 2146 2105 2185 ut
2132 2135 2357 2194 instituo,
2386 2135 2786 2186 benevolentius
2817 2148 2911 2197 pro
2945 2134 3193 2185 omnibus
3218 2135 3575 2185 communiter

2052 2224 2160 2274 iieri
2198 2230 2388 2288 potest,
2420 2236 2578 2288 quam
2617 2222 2660 2274 si
2690 2224 2813 2273 talia
2845 2223 2908 2273 ad
2943 2235 3035 2274 eos
3062 2221 3314 2273 dicantur
3353 2232 3406 2273 ct
3435 2220 3570 2273 scri-

2048 2312 2260 2364 bantur.

2051 2419 2294 2483 Eiusdem
2325 2418 2521 2471 domini
2554 2418 2846 2478 Barlaami,
2864 2418 3090 2484 ε’ρὶεῶρὶ
3108 2417 3430 2484 Gyracensis.
3449 2431 3569 2481 pro-

2122 2490 2259 2540 batio
2286 2504 2372 2551 per
2409 2504 2612 2553 sacram
2650 2487 2997 2550 Scriptorum.
3029 2487 3163 2553 quod
3192 2487 3416 2549 Sit-ritus
3445 2501 3568 2535 san-

2116 2567 2226 2608 ctus
2250 2547 2297 2608 et
2326 2572 2389 2608 ea;
2421 2547 2561 2607 Filio
2590 2567 2685 2619 est,
2708 2547 3133 2624 quemadmodum
3159 2567 3203 2606 et
3233 2547 3295 2605 ea;
3326 2554 3497 2604 Patre.

2112 2667 2339 2719 Domino
2367 2677 2553 2721 nostro
2585 2664 2710 2717 Jesu
2750 2664 2964 2717 Christo
3006 2664 3225 2731 jubente
3256 2663 3413 2714 nobis
3454 2675 3571 2727 per-

2044 2758 2273 2809 scrutari
2322 2754 2647 2821 Scri-pturas,
2670 2755 2784 2821 tluo
2814 2753 2935 2804 hinc
2966 2752 3336 2817 intelligimus.
3368 2748 3568 2810 Unum,

2042 2844 2181 2909 quod
2239 2820 2453 2908 pietatis,
2499 2820 2747 2908 dogmata
2777 2834 3021 2893 itoiTSola
3058 2852 3181 2892 sunt
3221 2841 3327 2901 illa,
3357 2854 3473 2907 qua:
3503 2853 3566 2890 ex

489 2930 552 2983 Et
585 2936 640 2983 ut
668 2945 758 2997 per
788 2905 1040 2997 praedicta
1072 2933 1248 2985 omnia
1284 2905 1672 2987 transeamu‘s-z
1704 2935 1941 2990 Primum
2042 2905 2219 2983 verbis
2240 2905 2381 2996 ipsis
2417 2905 2720 2981 immediate
2747 2942 2775 2979 a
2809 2927 3084 2993 Scriptura
3121 2905 3447 2989 traduntur,
3476 2942 3569 2979 vc-

424 3020 466 3072 si
498 3021 616 3086 quis
642 3022 829 3087 quaerit
858 3031 909 3074 et
936 3023 1178 3088 proponit
1206 3022 1433 3087 plurium
1466 2996 1943 3093 jlgdicium.}iqui-
1963 3006 2015 3064 ς
2048 3033 2165 3071 rum
2186 3019 2343 3071 etiam
2373 3028 2498 3069 sunt
2528 3002 2650 3079 a'lia,
2670 3030 2786 3083 quae
2811 3029 2903 3082 per
2925 3030 3135 3067 sensum
3160 3014 3422 3067 dictorum
3452 3032 3568 3081 per-

424 3110 541 3161 dam
562 3110 742 3175 plures
769 3110 916 3170 dicit,
941 3123 1042 3161 non
1068 3110 1223 3162 rudes
1245 3121 1296 3161 et
1322 3111 1637 3171 “litteratas.
1665 3116 1752 3165 sed
1774 3112 1950 3180 legen-
1985 3120 2007 3165 \
2046 3107 2408 3160 scrutantibus
2445 3106 2595 3158 nobis
2616 3104 2944 3157 olucescunt.
2978 3103 3132 3156 Aliud
3158 3114 3258 3165 est,
3294 3106 3435 3171 quod
3470 3108 3568 3160 de-

427 3209 502 3251 tes
534 3214 742 3253 sacram
777 3197 1107 3264 Scripturam
1136 3206 1187 3250 et
1217 3199 1537 3250 intellectum
1571 3202 1827 3252 lectorum
1860 3211 1945 3252 ut-

420 3304 631 3355 cunque
671 3296 976 3353 sequentes.
1008 3300 1111 3335 non
1148 3270 1326 3349 utique
1352 3286 1603 3355 inveniet
1635 3288 1719 3337 hic
1750 3296 1825 3339 tot
1870 3298 1949 3339 ta-

422 3382 515 3439 les,
543 3354 929 3441 qootccntenie
952 3374 1135 3424 taline.
1174 3373 1224 3423 in
1262 3354 1604 3427 illisinveniri
1636 3384 1879 3441 possunt.

2044 3198 2248 3250 bitores
2268 3210 2473 3253 sumus,
2506 3208 2607 3245 non
2640 3193 2751 3247 sola
2784 3208 2901 3260 qua:
2926 3192 3100 3244 verbis
3131 3203 3369 3259 prompte
3400 3193 3568 3261 signi-

2044 3283 2272 3335 ﬁcantur
2305 3292 2503 3339 tenere,
2540 3296 2721 3333 verum
2756 3282 2921 3334 etiam
2962 3282 3046 3333 illa
3076 3297 3192 3347 qua:
3226 3297 3317 3348 per
3349 3296 3566 3334 sensum

1974 3381 1978 3385 ’
2040 3383 2221 3421 eorum
2248 3378 2543 3434 emergunt.
2580 3366 2712 3417 Nam
2758 3362 2809 3418 si
2832 3377 3019 3432 praeter
3048 3382 3108 3419 ea
3144 3384 3261 3434 qua:
3294 3370 3455 3423 verbo
3491 3372 3566 3423 si-

488 3460 544 3514 Si
580 3475 709 3517 vero
756 3460 1141 3525 sapientiorutn
1170 3460 1222 3511 in
1258 3459 1449 3512 divinis
1477 3469 1529 3513 et
1560 3461 1727 3529 magis
1760 3461 1943 3515 erudi-
1985 3450 2008 3532 Χ
2042 3458 2378 3527 gnilicantur,
2408 3472 2513 3508 non
2534 3466 2788 3524 apparent
2821 3466 2873 3508 et
2901 3458 3000 3508 alia
3026 3472 3086 3507 ex
3118 3459 3378 3511 dictorum
3404 3475 3564 3515 sensu

422 3560 596 3603 torum
624 3550 883 3618 judicium
915 3547 1158 3616 praefers,
1193 3548 1241 3600 in
1274 3548 1380 3603 illis
1410 3550 1623 3618 quidem
1654 3550 1845 3603 inﬁniti
1868 3552 1945 3603 in-

423 3641 725 3703 venientur,
762 3639 830 3691 ita
877 3638 929 3691 in
958 3639 1061 3691 line
1088 3640 1361 3693 exercitati
1402 3653 1525 3707 erga
1556 3653 1762 3693 sacram
1797 3640 1943 3693 Scri-‘

422 3725 657 3796 ptur’atn,
692 3736 749 3780 ut
778 3727 959 3780 audito
995 3727 1174 3796 aliquo
1206 3744 1266 3780 ex
1301 3743 1359 3780 ea
1396 3728 1558 3790 dicto,
1602 3728 1792 3782 habeat
1821 3728 1945 3795 qui-

422 3820 552 3871 !Ebet
575 3833 758 3871 eorum
794 3819 972 3871 statim
1007 3821 1301 3887 assignare,
1326 3831 1377 3871 et
1404 3834 1465 3872 ex
1489 3832 1591 3885 quo
1619 3819 1755 3870 libro
1778 3827 1833 3871 et
1858 3832 1945 3870 ca-

422 3908 586 3974 pitulo
605 3917 706 3967 est,
730 3917 782 3959 et
804 3907 925 3973 qvis
945 3905 1099 3971 hujus
1120 3906 1245 3957 dicti
1269 3920 1479 3970 sensus,
1495 3916 1542 3957 et
1567 3905 1737 3957 adhuc
1763 3920 1943 3971 prom-

419 4007 536 4063 ptos
555 3997 623 4048 sit
641 3996 703 4048 ad
724 3996 902 4047 omnia
922 3994 1208 4065 dubitanda
1227 3994 1577 4060 probabiliter
1596 3995 1939 4060 respondere.

418 4084 511 4136 His
526 4100 648 4137 cum
669 4085 881 4135 iocutus
907 4082 1125 4134 fuissem
1146 4095 1285 4147 saepe
1304 4082 1712 4147 sapientissimis
1733 4096 1937 4155 eorum,

419 4172 653 4222 nomium
697 4168 927 4234 aliquem
963 4167 1120 4218 talem
1155 4167 1352 4221 inveni.
1395 4166 1528 4220 Puto
1558 4179 1734 4221 autem
1766 4185 1941 4238 neque

420 4275 538 4313 esse
555 4272 740 4313 eorum
762 4257 915 4310 talem
942 4256 1192 4323 aliquem.
1212 4256 1266 4310 Si
1285 4272 1409 4311 vero
1424 4259 1693 4327 digniores
1713 4270 1764 4314 et
1789 4262 1937 4329 prin-

414 4348 695 4413 cipaliores
724 4356 774 4396 et
816 4344 1240 4399 dominantiores
1280 4350 1477 4414 quaeris
1505 4391 1517 4406 .
1553 4346 1785 4402 Ecclesia
1838 4349 1937 4399 Rn-

415 4447 565 4482 nntna
590 4441 821 4497 est,qua‘.
844 4431 994 4482 habet
1024 4432 1073 4481 in
1100 4435 1382 4486 universali
1410 4436 1643 4488 Ecclesia
1665 4451 1931 4505 summum

412 4530 462 4571 et
478 4520 855 4586 dignissimum
882 4523 1077 4573 locum.
1098 4520 1152 4572 Si
1176 4537 1298 4575 vero
1321 4540 1410 4577 eos
1429 4528 1516 4591 qui
1542 4525 1933 4578 nontlum'alias

416 4612 464 4658 in
494 4608 734 4659 hmrcsim
770 4608 1072 4660 ceciderunt
1102 4650 1113 4669 ,
1155 4611 1268 4677 ipsa
1320 4615 1432 4664 sola
1468 4622 1567 4676 est,
1605 4614 1669 4665 de
1703 4614 1933 4681 quinque

413 4695 684 4757 Ecclesiis,
705 4710 823 4763 qua:
844 4698 965 4761 jure
987 4706 1157 4762 potest
1186 4700 1285 4754 hoc
1308 4703 1547 4767 gloriari.
1581 4704 1635 4755 Si
1667 4718 1793 4756 vero
1809 4719 1932 4756 san-

410 4797 525 4839 ctos
553 4826 567 4849 ,
594 4788 833 4837 invenies
870 4794 1114 4838 sanctum
1150 4786 1405 4855 Cyrillum
1440 4801 1494 4843 et
1542 4800 1782 4844 sanctum
1823 4796 1931 4844 Au-
1979 4832 1985 4841 .

409 4877 701 4942 gostinutn,
754 4878 888 4926 dicta
921 4876 1203 4944 Scriptura:
1244 4883 1575 4946 exponendo,
1626 4882 1933 4945 planissime

409 4969 827 5015 traJcntes-etex
858 4964 988 5017 Filio
1018 4965 1271 5033 Spiritum
1292 4981 1427 5020 esse.
1460 4966 1512 5018 Si
1547 4982 1669 5019 vero
1688 4969 1933 5035 generale

410 5054 726 5115 concilium',
756 5057 945 5108 ethoc.
971 5058 1101 5118 Quia
1131 5059 1269 5108 enim
1300 5057 1350 5107 hi
1382 5057 1694 5122 patriarcha:
1719 5067 1935 5122 aposto-

408 5150 561 5195 Jcam
579 5148 927 5197 deseruerunt
963 5148 1225 5206 sedem,et
1261 5146 1620 5211 imperialibus
1683 5147 1923 5213 prOpt:Si-

410 5236 645 5285 tionibus
693 5248 750 5285 se
775 5236 918 5298 ipsos
944 5234 1119 5297 p0tius
1148 5234 1427 5293 dederunt,
1451 5244 1502 5285 et
1528 5236 1577 5283 in
1601 5236 1923 5284 schismatici

410 5328 684 5379 rationem,
724 5330 781 5373 tit
831 5333 1103 5373 ostensum
1152 5334 1248 5382 est,
1289 5323 1595 5374 ceciderunt
1631 5340 1640 5371 :
1696 5326 1921 5385 primum

406 5412 616 5477 quidem
648 5409 999 5459 Ecclesnirum
1026 5419 1208 5467 mater,
1237 5426 1297 5459 ne
1329 5411 1626 5475 huiusmodi
1652 5412 1799 5463 sedes
1833 5427 1922 5465 ta-

477 5582 520 5613 "
563 5582 714 5636 .‘oan.
767 5596 818 5639 ν,
879 5581 964 5631 59.
1044 5582 1084 5610 "
1146 5581 1182 5633 ll
1225 5582 1347 5634 Cor.
1386 5596 1462 5646 ut,
1508 5582 1559 5632 ti.

2041 3547 2291 3599 similiter
2315 3545 2418 3596 illis
2452 3544 2763 3597 exsistentia
2803 3543 2866 3595 ad
2908 3543 3062 3594 tidem
3099 3547 3423 3606 necessaria,
3459 3564 3561 3598 non

2042 3639 2222 3703 utique
2292 3633 2517 3687 dixisset
2570 3651 2583 3686 :
2649 3631 3056 3685 Perserutamitti
3113 3633 3417 3701 Scriptura:
3470 3635 3512 3666 “
3547 3675 3560 3687 .

2038 3726 2118 3779 Ad
2193 3724 2435 3778 facienda
2494 3727 2631 3776 enim
2693 3727 2973 3792 ea,3qu:e
3043 3724 3202 3778 verbo
3264 3725 3564 3779 immediate

2041 3815 2429 3883 significantur,
2466 3814 2660 3882 illaque
2696 3814 2809 3868 sola
2847 3814 3097 3876 tenenda,
3132 3829 3231 3866 non
3259 3824 3561 3883 perscruta-

2043 3906 2185 3958 tione
2211 3945 2224 3967 ,
2250 3906 2341 3957 sed
2368 3904 2591 3957 lectione
2618 3902 2727 3957 sola
2757 3914 2891 3971 opus
2915 3914 3074 3956 esset.
3100 3893 3276 3967 Quare
3302 3904 3558 3957 dixisset:

2040 3993 2214 4062 Legite
2229 3993 2544 4060 Scripturas.
2585 3993 2822 4060 ldipsum
2846 3992 3209 4058 intelligimus.
3230 4001 3281 4045 et
3309 3994 3563 4060 Apostolo

2039 4084 2105 4137 ad
2164 4082 2470 4136 Corinthios
2536 4083 2743 4135 dicente
2791 4068 3035 4133 :Littera
3080 4083 3287 4145 occidit,
3338 4082 3561 4150 Spiritus

2029 4182 2211 4227 autem
2268 4174 2490 4236 viviﬁcat
2534 4173 2575 4204 ¹⁹
2629 4188 2643 4223 :
2703 4172 2929 4225 litteram
2994 4170 3202 4224 dicente
3269 4172 3357 4233 id,
3420 4174 3556 4237 quod

2039 4272 2275 4330 prompte
2306 4262 2359 4314 in
2401 4261 2678 4329 Scriptura
2710 4277 2802 4329 per
2835 4276 3016 4314 vocem
3048 4262 3409 4329 signiﬁcatur,
3439 4261 3559 4329 Spi-

2038 4357 2197 4406 ritum
2228 4366 2354 4404 vero
2400 4351 2475 4413 id,
2512 4351 2651 4415 quod
2705 4364 2797 4416 per
2833 4350 3064 4401 debitam
3096 4350 3460 4400 scrutationem
3504 4349 3555 4399 in

2038 4441 2310 4505 Scriptura
2335 4452 2424 4505 per
2441 4452 2656 4490 sensum
2680 4435 2960 4489 conﬂatur.
2981 4436 3113 4500 Ergo
3138 4441 3182 4488 sl
3206 4437 3331 4501 quid
3349 4451 3554 4497 eorum,

2037 4544 2154 4597 qua:
2178 4528 2241 4580 de
2272 4527 2377 4579 Deo
2404 4526 2793 4592 intelliguntur,
2816 4524 2886 4575 ita
2911 4538 2967 4575 se
2990 4523 3144 4574 habet
3166 4523 3232 4574 in
3258 4524 3555 4589 Scriptura,

2036 4626 2092 4669 nt
2116 4616 2164 4667 id
2205 4613 2416 4679 quidem
2452 4620 2593 4664 recta
2624 4610 2760 4663 facta
2790 4608 3195 4677 investigatione
3224 4624 3317 4675 per
3342 4624 3555 4663 omnem

1994 4714 2286 4772 \appareat
2325 4700 2682 4767 Scripturam,
2713 4701 2830 4767 ejus
2864 4714 2987 4751 vero
3041 4700 3346 4765 oppositum
3386 4714 3557 4765 neque

2014 4808 2094 4849 ex
2131 4807 2281 4855 voce,
2316 4806 2486 4858 neque
2512 4806 2571 4842 ex
2598 4804 2755 4842 sensu
2784 4787 3067 4853 Scriptura:
3099 4788 3403 4839 necessario
3428 4802 3559 4840 con-

2032 4882 2295 4945 cludatur,
2323 4892 2375 4933 et
2399 4880 2576 4932 adhuc
2601 4890 2907 4931 sanctorum
2942 4888 3250 4929 nostrorum
3276 4882 3554 4930 doctorum

2033 4969 2139 5021 sint
2190 4968 2448 5027 nonnulli,
2483 4965 2571 5032 qui
2603 4966 2915 5029 exponendo
2955 4966 3188 5016 divinam
3228 4965 3554 5030 Scripturatn

2031 5058 2260 5124 idipsum
2295 5056 2568 5107 manifeste
2597 5054 2913 5105 concludant
2954 5067 3003 5103 et
3027 5054 3236 5116 tradant
3288 5071 3298 5101 :
3335 5049 3556 5100 'nanifc-

2035 5157 2194 5207 Stum,
2225 5146 2755 5213 quodnecessarium
2799 5159 2869 5193 es:
2913 5146 3008 5191 hoc
3050 5143 3249 5191 admitti
3296 5150 3336 5186 ιιι
3367 5139 3507 5188 credi
3535 5154 3549 5167 ”

2034 5245 2108 5292 ut.
2135 5238 2368 5297 inquam.
2390 5250 2439 5283 Ill
2467 5231 2642 5282 divina
2673 5233 2939 5296 Scriptt'rzi
2964 5232 3192 5294 Spiritus
3216 5237 3435 5276 sant-tus
3455 5241 3550 5276 ne-

2032 5341 2130 5388 qui.-
2168 5325 2305 5388 quo:l
2341 5323 2633 5372 substantia
2659 5335 2757 5379 est,
2801 5337 2967 5383 neque
2994 5322 3128 5383 qtiod
3167 5318 3403 5365 accident
3445 5325 3547 5376 est,

2030 5416 2284 5468 script-in.
2312 5427 2391 5463 est
2417 5429 2430 5474 ;
2457 5415 2547 5467 sed
2568 5430 2681 5466 οιδδκ
2708 5415 2849 5461 illum
2879 5409 3254 5465 substantiam,
3286 5420 3341 5455 ex
3375 5403 3551 5456 omni-
