4450 6440
921 399 1058 467 1815

1980 403 2366 461 BARLAAMI
2402 402 2494 460 DE
2533 399 2950 463 SEMINARIA

3924 404 4059 467 1316

918 519 1094 573 busde
1121 533 1184 573 eo
1200 519 1354 572 dictis
1377 519 1428 572 in
1448 517 1723 589 Scriptura
1774 519 2150 572 concluditur:
2180 533 2300 574 esse
2317 533 2442 572 vero
2471 521 2514 576 Α
2541 518 2659 572 dem
2693 519 2759 573 de
2803 518 3124 572 animalibus
3164 517 3414 570 dicuntur
3438 525 3495 570 et
3525 515 3754 570 maxime
3784 518 3849 570 de
3885 518 4060 571 homi-

919 608 1066 661 illum
1101 607 1361 668 accidens,
1399 607 1703 660 nullatenus
1735 607 1974 661 concludi
2005 615 2200 674 potest.

989 697 1240 749 Praeterea
1258 698 1393 749 sacri
1417 698 1579 750 nostri
1601 697 1863 758 doctores,
1884 705 2209 763 exponentes
2225 709 2432 749 sacram

918 784 1240 852 Scripturam
1286 787 1454 848 aiunt,
1513 785 1757 839 concludi
1804 800 1869 838 ex
1918 800 2000 847 ea,
2066 801 2172 837 non
2225 794 2431 837 tantum

914 875 1084 940 ipsum
1117 875 1466 928 substantiam
1505 888 1642 935 esse,
1697 889 1878 926 verum
1935 871 2094 924 etiam
2141 875 2430 925 increatam

915 962 1256 1015 substantiam
1301 972 1355 1016 et
1370 961 1875 1016 consubstantialem
1903 959 2066 1011 Patri.
2095 959 2229 1026 Ergo
2245 972 2432 1012 neces-

913 1053 1107 1103 sarium
1138 1060 1219 1106 est
1246 1059 1299 1102 et
1324 1050 1474 1103 nobis
1522 1051 1624 1102 hoc
1653 1049 1866 1102 credere
1893 1057 1945 1101 et
1960 1049 2218 1100 coniiteri.
2245 1049 2432 1103 Simile

913 1138 1073 1204 igitur
1102 1139 1226 1190 huic
1244 1148 1346 1199 est,
1382 1147 1433 1190 et
1453 1138 1600 1206 quod
1615 1138 1849 1204 Spiritus
1879 1147 2098 1190 sanctus
2138 1136 2294 1187 habet
2315 1151 2431 1189 esse

912 1241 974 1278 ex
1010 1226 1172 1288 Filio,
1207 1229 1345 1280 sicut
1362 1243 1424 1280 ex
1447 1227 1620 1280 Patre.
1647 1227 1754 1278 Iloc
1780 1227 1918 1278 enim
1945 1241 2036 1292 per
2058 1240 2262 1278 sacram
2285 1227 2432 1279 Serio

914 1324 1119 1382 ptnram
1151 1315 1384 1382 legitime
1431 1315 1869 1382 iuvestigantibus
1916 1329 2030 1367 eant
2094 1325 2345 1380 apparet:
2381 1325 2432 1368 et

913 1404 1062 1455 multi
1118 1417 1389 1456 sacrorum
1440 1414 1742 1456 nostrorum
1779 1404 2056 1454 doctorum
2092 1415 2430 1470 exponentes

914 1490 1262 1559 Scripturam,
1297 1489 1576 1544 maniieste
1615 1492 1666 1544 id
1715 1490 1886 1558 ipsum
1919 1493 2200 1546 enuntiant
2233 1510 2246 1544 :
2275 1492 2440 1545 sicuti

912 1591 1133 1640 sanctus
1166 1583 1497 1647 Augustinus
1538 1582 1588 1632 in
1622 1581 1802 1632 multis
1829 1582 1942 1634 suis
1969 1581 2202 1648 scriptis,
2227 1590 2280 1635 ct
2305 1595 2432 1633 san-

912 1675 1030 1721 ctus
1067 1667 1295 1736 Cyri‘lus
1326 1667 1376 1720 itt
1403 1667 1559 1721 dictis
1590 1667 1703 1720 suis
1736 1665 2042 1727 Tltesauris,
2076 1676 2235 1734 prout
2262 1675 2433 1734 potest

914 1757 1218 1824 quicunque
1280 1757 1384 1810 vull.
1431 1755 1686 1823 inspectis
1724 1769 1911 1808 eorum
1947 1756 2201 1823 operibus
2247 1755 2430 1810 videre

2541 607 2735 660 nibus:
2769 622 2866 676 ego
2895 619 3020 661 vero
3058 606 3274 660 vocibus
3327 607 3727 673 praetermissis,
3774 605 3918 670 ipsas
3972 617 4061 658 res

2538 696 2829 749 secundum
2856 711 2917 749 ea
2947 711 3064 763 quae
3086 692 3243 749 nobis
3268 697 3458 748 tradita
3483 704 3634 759 sunt,
3667 693 4058 760 contemplans.

2538 794 2600 834 ac
2629 785 2839 837 modum
2868 786 3035 845 illum,
3054 799 3160 853 quo
3183 781 3270 838 Dei
3287 783 3519 838 Verbum
3546 783 3704 836 habet
3725 795 3845 836 esse
3865 797 3933 834 ex
3962 783 4062 834 Pa-

2540 879 2637 933 tre,
2667 874 2982 940 comparans
3011 875 3239 928 ﬁliorum
3283 874 3435 942 apud
3462 888 3560 926 nos
3576 872 3905 940 generationi
3936 885 3951 922 :
3976 871 4058 921 vi-

2536 960 2634 1011 deo
2665 961 2810 1013 illum
2844 964 3130 1029 plurimum
3163 965 3208 1016 ei
3240 963 3559 1016 dissimilem
3593 977 3608 1025 ;
3641 975 3800 1027 quant
3832 974 3959 1012 vero
3987 959 4062 1010 si-

2540 1048 2888 1100 militudinem
2939 1051 3279 1117 apprehendo
3327 1051 3474 1102 illius
3519 1053 3583 1100 ad
3616 1051 3774 1106 banc.
3817 1047 4058 1097 eamdem

2537 1133 2900 1189 indilierenter
2931 1138 3081 1189 video
3113 1151 3231 1190 esse
3264 1147 3316 1189 et
3341 1139 3506 1198 modi,
3542 1150 3652 1203 quo
3672 1134 3827 1186 Pater
3857 1133 4061 1198 princi-

2538 1222 2681 1288 pium
2737 1237 2816 1276 est
2851 1224 3103 1290 Spiritus.
3138 1227 3362 1278 Attende
3397 1226 3578 1287 enim,
3623 1234 3682 1276 ut
3720 1224 3948 1290 primum
3991 1217 4059 1270 de

2535 1309 2972 1363 dissimilitudine
3007 1326 3192 1365 eorum
3223 1313 3419 1365 dicam.

2606 1397 2731 1450 Setlt
2761 1413 2864 1452 non
2898 1415 2963 1453 ex
3003 1405 3120 1454 solo
3144 1410 3225 1454 est
3273 1402 3465 1462 Adam,
3494 1399 3582 1453 sed
3613 1413 3682 1452 ex
3715 1411 3780 1450 eo
3823 1405 3877 1450 at
3911 1393 4053 1445 Eva:

2536 1495 2587 1538 et
2625 1501 2729 1538 non
2755 1489 2934 1552 simul,
2968 1505 3134 1558 neque
3153 1505 3248 1558 per
3276 1491 3522 1543 eumdem
3553 1490 3790 1540 modum.
3825 1485 4057 1537 Verbum

2536 1588 2662 1627 vero
2691 1576 2799 1629 illic
2844 1591 2908 1630 ex
2944 1580 3060 1631 solo
3101 1579 3254 1632 Patre
3287 1588 3390 1632 est.
3419 1577 3484 1631 Et
3505 1577 3630 1631 Setb
3663 1591 3768 1628 non
3797 1584 3882 1626 est
3910 1585 4057 1624 ιωω

2534 1675 2598 1715 ex
2617 1673 2730 1717 toto
2752 1666 2941 1727 Adam,
2967 1666 3062 1719 sed
3097 1668 3146 1720 id
3174 1667 3314 1734 quod
3349 1667 3605 1721 emissum
3625 1673 3705 1717 est
3725 1664 3972 1730 prnnitas
3990 1675 4050 1710 .:"

2538 1752 2727 1815 Adam,
2762 1769 2936 1821 neque
2971 1756 3131 1810 homo
3175 1770 3347 1822 neque
3379 1756 3576 1808 animal
3621 1765 3724 1814 est,
3750 1753 3841 1804 sed
3874 1765 4052 1803 nmen

911 1843 1052 1910 quod
1085 1845 1225 1896 dico.
1250 1841 1419 1910 Hujus
1446 1856 1574 1896 vero
1599 1844 1920 1910 oppositum,
1945 1843 2085 1910 quod
2103 1851 2204 1905 est,
2234 1854 2297 1895 es
2323 1844 2435 1896 solo
2462 1825 2509 1885 Β
2534 1843 2800 1906 per'quod
2825 1843 2877 1895 itt
2909 1844 3060 1896 vulva
3099 1845 3282 1896 matris
3306 1845 3431 1896 Seth
3477 1843 3721 1896 conditus
3741 1851 3841 1898 est,
3886 1853 4057 1904 nequ-

915 1930 1069 1983 Patre
1097 1932 1380 1998 procedere
1403 1929 1658 2002 Spiritum
1683 1939 1947 1992 sanctum,
1970 1937 2024 1982 et
2050 1943 2153 1980 non
2187 1944 2248 1983 ex
2277 1929 2432 1994 Filio,

912 2017 1216 2070 nullatenus
1247 2030 1338 2084 per
1367 2018 1694 2085 Scripturam
1723 2017 1968 2071 concludi
2007 2026 2204 2084 potest.

992 2104 1072 2156 illi
1099 2106 1238 2157 enim
1267 2106 1357 2173 qui
1381 2107 1516 2158 lianc
1547 2105 2184 2173 deienduutopinionem,
2211 2107 2437 2160 credunt

910 2207 969 2246 se
993 2193 1189 2245 habere
1223 2194 1552 2260 potissimum
1583 2194 1714 2246 illud
1731 2193 1874 2262 quod
1912 2193 2167 2246 Dominus
2187 2194 2294 2248 ait:
2333 2195 2436 2259 Qui

910 2299 945 2334 ο
961 2281 1118 2336 Patre
1149 2285 1375 2350 procedit
1398 2301 1416 2347 ;
1443 2285 1661 2336 minime
1691 2297 1818 2336 vero
1842 2298 1937 2349 per
1957 2283 2059 2335 hoc
2077 2284 2432 2347 concluditur,

908 2374 1052 2438 quod
1086 2388 1149 2424 ex
1190 2375 1303 2426 solo
1338 2373 1493 2426 Patre
1522 2391 1537 2437 ;
1573 2373 1796 2425 nimium
1827 2373 1970 2425 enim
2000 2373 2223 2426 interest
2255 2373 2435 2426 dicere

910 2462 1108 2527 aliquid
1134 2462 1482 2527 simpliciter,
1502 2469 1555 2514 et
1572 2461 1747 2514 dicere
1766 2461 1819 2512 id
1840 2462 2014 2527 ipsum
2038 2461 2433 2526 distinguendo,

912 2549 1044 2614 quod
1066 2549 1252 2600 solum.
1279 2547 1336 2600 in
1366 2549 1546 2600 multis
1574 2548 1716 2600 enim
1741 2563 1903 2600 unum
1937 2558 2020 2600 est
2044 2563 2249 2608 verum,
2289 2551 2430 2602 aliud

915 2635 1106 2689 Iaisum
1137 2655 1150 2689 :
1188 2645 1368 2703 utpote
1392 2637 1435 2690 si
1463 2636 1673 2688 dicatur
1697 2632 1890 2688 Filium
1911 2651 2030 2689 esse
2051 2635 2212 2690 Deum
2246 2653 2432 2692 verum

910 2723 978 2776 de
1009 2723 1111 2776 Deo
1141 2740 1286 2788 vero,
1316 2738 1496 2778 verum
1527 2735 1628 2778 est.
1667 2723 1723 2778 Si
1759 2741 1883 2778 vero
1908 2726 2116 2779 dicatur
2145 2728 2315 2780 solum
2349 2727 2437 2780 Fi-

911 2812 1040 2864 lium
1071 2827 1188 2864 esse
1219 2810 1381 2864 Deum
1429 2826 1609 2866 verum
1657 2812 1723 2866 de
1762 2813 1869 2866 Deo
1901 2827 2055 2875 vero,
2113 2810 2304 2866 falsum
2333 2825 2432 2870 est.

909 2896 966 2950 Id
1003 2899 1173 2965 ipsum
1197 2907 1250 2950 et
1278 2899 1329 2950 itt
1353 2899 1472 2952 aliis
1506 2899 1750 2966 plurimis
1776 2899 2040 2954 invenies.
2071 2898 2185 2954 Non
2203 2916 2332 2969 ergo
2349 2903 2432 2955 di.

908 2997 1013 3048 ctu,
1040 2990 1178 3055 quod
1210 3003 1272 3041 ex
1320 2987 1475 3042 Patre
1501 2989 1741 3054 procedit
1766 2987 2022 3053 Spiritus,
2053 2990 2308 3041 continuo
2342 3002 2434 3057 per

910 3073 1012 3127 hoc
1028 3077 1331 3127 necessario
1349 3076 1704 3136 concluditur,
1724 3073 1866 3139 quod
1885 3090 1950 3128 ex
1976 3074 2123 3129 solo:
2149 3078 2241 3128 sed
2265 3089 2435 3143 quan-

912 3171 1022 3214 tum
1052 3177 1142 3227 per
1177 3164 1299 3223 hoc,
1330 3163 1592 3229 reliqttum
1619 3163 1880 3215 incertum
1914 3169 2018 3218 est.
2056 3163 2238 3231 Neque
2265 3140 2428 3232 igitur
2461 3140 2502 3194 ο

909 3265 974 3302 ex
1008 3250 1150 3302 dicto
1172 3250 1542 3315 verbo,,ncque
1568 3263 1630 3300 ex
1655 3250 1760 3300 alio
1785 3264 1950 3302 sacrae
1978 3251 2265 3315 Scriptura!
2291 3265 2431 3305 cnn-

909 3338 1165 3400 cluditur,
1213 3337 1353 3403 quod
1383 3352 1444 3390 ex
1471 3337 1603 3390 solo.
1636 3335 1771 3400 Quia
1803 3353 1926 3390 vero
1975 3349 2028 3391 et
2058 3353 2120 3390 ex
2159 3339 2294 3391 Filio
2350 3348 2431 3394 est

910 3427 1159 3492 Spiritus,
1183 3426 1359 3478 omnis
1383 3425 1642 3479 divinitus
1674 3426 1928 3493 inspirata
1960 3428 2229 3496 Scriptura
2265 3438 2428 3482 testa-

910 3525 1013 3568 tur.
1032 3515 1392 3583 lucipiendum
1423 3523 1597 3567 autem
1631 3515 1701 3568 sit
1723 3515 1864 3569 inde.

1351 3604 1714 3670 Argumentum
1745 3609 1985 3668 primum.

977 3691 1052 3744 De
1083 3693 1321 3758 ingenita
1350 3707 1596 3758 persona,
1619 3693 1828 3745 duabus
1851 3695 2092 3760 personis
2113 3695 2430 3749 habentibus

912 3792 1049 3840 csse,
1099 3779 1266 3843 quaeri
1296 3787 1469 3841 potest
1497 3795 1511 3831 :
1548 3781 1796 3844 quidnam
1824 3794 1998 3832 causa:
2028 3789 2129 3842 est,
2152 3784 2294 3846 quod
2319 3784 2430 3849 ipsa

913 3867 1218 3934 principalis
1249 3881 1490 3932 persona,
1523 3867 1574 3920 in
1615 3877 1871 3935 quantum
1906 3879 1986 3920 est
2032 3869 2240 3922 auctrix
2273 3873 2431 3924 unius

911 3955 1328 4019 principatarum
1349 3955 1906 4020 personarutn,adepta
1925 3964 2003 4007 est
2018 3959 2288 4022 praprium
2343 3975 2434 4013 tto-

914 4056 1055 4101 tnen,
1073 4050 1126 4092 et
1154 4053 1366 4092 vocatur
1393 4040 1458 4090 ad
1488 4054 1600 4091 eam
1627 4042 1780 4093 Pater
1808 4060 1823 4106 ;
1847 4044 1898 4094 in
1925 4053 2177 4110 quantum
2201 4059 2282 4099 est
2309 4064 2432 4100 vero

911 4127 1227 4196 principium
1279 4127 1496 4178 alterius
1531 4143 1792 4194 pet-sont,
1828 4132 2030 4182 nullum
2066 4147 2258 4186 nomen
2306 4151 2433 4188 cnn-

911 4231 1088 4268 secutn
1126 4226 1227 4277 est,
1261 4217 1700 4282 quemadmodum
1737 4203 2073 4284 postmodum
2111 4224 2433 4288 expositores

912 4307 1322 4358 nominaverunt
1356 4304 1583 4364 Patrem,
1621 4309 1938 4372 spiratorem
1971 4313 2139 4363 sancti
2181 4311 2428 4380 Spiritus.

911 4393 1026 4462 ipsa
1055 4409 1174 4446 vero
1204 4409 1355 4446 sacra
1386 4394 1661 4461 Scriptura
1691 4396 1896 4448 nullum
1933 4414 2122 4451 nomen
2158 4405 2428 4467 exposuit,

911 4496 1017 4547 quo
1038 4492 1272 4548 oporteat
1300 4481 1507 4540 Patrem
1531 4493 1773 4551 respectu
1801 4483 2032 4550 Spiritus
2061 4489 2330 4554 appellari.
2370 4491 2434 4542 Et

911 4583 1017 4622 non
1051 4572 1149 4619 hoc
1177 4583 1377 4636 quaero,
1428 4579 1606 4621 utrum
1640 4571 1745 4622 alio
1777 4573 1931 4624 modo
1982 4573 2171 4627 habeat
2204 4575 2429 4629 Verbum

911 4669 1031 4706 esse
1063 4661 1125 4708 de
1156 4658 1385 4725 ingenita
1422 4672 1667 4723 persona,
1697 4660 1802 4710 alio
1833 4676 1958 4713 vero
1992 4661 2226 4728 Spiritus
2256 4679 2271 4727 ;
2310 4679 2428 4716 nam

911 4753 965 4793 ct
1007 4745 1330 4796 diﬁerentetn
1360 4761 1478 4798 esse
1514 4745 1753 4810 modum,
1780 4763 1871 4813 per
1903 4763 2058 4815 quem
2093 4761 2311 4818 uterque
2344 4753 2434 4804 ba-

908 4832 1001 4881 Itct
1021 4844 1156 4892 esse,
1189 4847 1252 4882 ex
1284 4835 1550 4884 communi
1589 4837 1847 4901 principio
1880 4838 2057 4888 credo.
2093 4836 2154 4888 Et
2183 4839 2310 4903 quid
2351 4841 2399 4890 itt

911 4927 1074 4970 tcrcst
1106 4918 1240 4970 inter
1272 4919 1403 4970 duos
1427 4922 1522 4973 ltos
1556 4924 1758 4986 modos,
1795 4925 2034 4990 ignotum
2065 4939 2183 4977 esse
2204 4923 2431 4979 homini-

913 5007 1012 5059 bus
1048 5007 1260 5058 tninitne
1278 5007 1481 5059 dubito.
1510 5009 1610 5060 Sed
1636 5012 1762 5063 illud
1786 5028 1963 5078 quaero
1987 5030 2000 5063 :
2029 5028 2123 5064 cur
2155 5029 2292 5066 unus
2317 5030 2430 5066 tno-

910 5099 1012 5151 dus
1051 5098 1207 5149 habet
1254 5099 1482 5163 spcciale
1526 5115 1740 5159 nomen,
1775 5112 1826 5153 et
1876 5111 2096 5154 vocatur
2138 5105 2427 5156 secundum

911 5187 1085 5249 ipsum
1139 5187 1442 5253 principalis
1474 5201 1694 5252 persena
1748 5185 1937 5239 Pater:
1971 5191 2261 5242 secundum
2307 5207 2430 5244 vero

903 5276 1070 5326 ,alinm
1104 5277 1339 5335 modum,
1372 5290 1480 5342 quo
1511 5285 1590 5327 est
1621 5275 1803 5326 eadem
1847 5292 2070 5343 persona
2103 5278 2426 5347 principium

904 5364 1159 5428 Spiritus,
1190 5375 1378 5424 nomen
1412 5367 1461 5418 in
1494 5364 1765 5433 Scriptura
1813 5382 1913 5417 non
1948 5367 2073 5418 est?
2105 5351 2213 5420 iioc
2249 5380 2423 5422 autem

2532 1939 2597 1977 ex
2626 1937 2737 1979 toto
2764 1930 2932 1982 Adam
2971 1931 3238 1996 prodiens.
3279 1929 3390 1984 Illic
3417 1946 3547 1983 vero
3585 1941 3728 1983 tota.
3781 1927 3949 1979 Filius
3991 1942 4052 1978 ες·

2535 2011 2690 2063 Patre
2727 2021 2860 2067 tom.

2603 2097 2667 2150 Et
2696 2099 2783 2152 hic
2805 2109 2958 2155 natus
2987 2100 3114 2154 Setit
3141 2104 3206 2156 de
3231 2104 3508 2169 temporali
3531 2103 3717 2165 Adam,
3760 2115 3862 2155 non
3881 2115 3962 2155 est
3984 2099 4058 2152 ib;

2533 2191 2970 2254 contemporalis.
3002 2191 3090 2244 Ille
3119 2193 3259 2245 enim
3297 2192 3585 2259 praecessit,
3627 2193 3713 2244 hic
3741 2189 4054 2256 supervixit.

2532 2278 2644 2330 Illic
2663 2291 2789 2332 vero
2813 2291 2994 2334 natum
3019 2280 3250 2335 Verbum
3274 2281 3341 2335 da
3363 2282 3688 2348 sempiterno
3714 2280 3890 2341 Patre,
3917 2292 4056 2332 coas-

2531 2376 2740 2420 ternum
2770 2380 2854 2423 est
2879 2372 2950 2423 ei.
2981 2371 3044 2424 Et
3086 2373 3175 2425 hie
3209 2372 3253 2424 is
3272 2373 3364 2438 qui
3418 2378 3574 2423 natus
3609 2379 3713 2431 est,
3747 2385 3851 2420 non
3889 2381 3970 2420 est
3999 2374 4053 2418 in

2531 2463 2856 2520 generante:
2891 2471 3060 2524 neque
3093 2459 3182 2526 qui
3229 2459 3412 2525 genuit
3458 2458 3510 2508 in
3562 2467 3851 2523 generato;
3887 2469 4054 2519 neque

2530 2543 2638 2594 duo
2668 2558 2806 2597 unus
2835 2544 2994 2597 homo
3013 2555 3132 2610 est;
3161 2561 3330 2614 neque
3353 2547 3600 2599 voluntas
3627 2560 3814 2599 eorum
3845 2559 4056 2610 semper

2533 2645 2638 2681 una
2663 2646 2678 2692 ;
2702 2643 2872 2698 neque
2889 2634 3058 2685 virtus
3075 2643 3128 2686 et
3141 2634 3280 2686 actio
3304 2648 3407 2685 una
3430 2651 3446 2697 ;
3477 2647 3650 2700 neque
3676 2636 3860 2686 eadem
3879 2633 4056 2684 scim-

2534 2719 2630 2770 tia.
2672 2716 2783 2770 Illic
2813 2732 2937 2771 vero
2955 2719 3124 2774 Filius
3161 2723 3214 2774 in
3260 2722 3440 2785 Patre,
3468 2735 3518 2774 et
3548 2723 3702 2774 Pater
3735 2723 3786 2772 Il!
3819 2721 3970 2773 Filio.
4006 2731 4059 2770 et

2531 2807 2639 2858 duo
2664 2822 2803 2860 unus
2837 2809 2974 2862 Deus
2993 2819 3095 2871 est,
3113 2819 3166 2862 et
3192 2823 3295 2862 una
3320 2823 3505 2864 eorum
3524 2821 3577 2864 et
3603 2813 3850 2865 voluntas
3875 2823 3927 2864 et
3952 2811 4054 2861 vi»

2535 2903 2642 2956 tus,
2667 2903 2721 2948 et
2751 2897 2972 2949 scientia
2999 2908 3052 2950 et
3077 2899 3379 2951 extrinseca
3419 2901 3579 2951 actio.
3609 2899 3662 2953 lu
3693 2915 3800 2960 quo
3826 2913 3952 2967 ergo
3971 2901 4053 2953 di-

2530 2982 2654 3032 vina
2677 2982 2762 3032 illa
2783 2985 3050 3047 generatio
3070 2985 3259 3037 similis
3277 2996 3358 3036 est
3380 2985 3504 3036 huic
3527 2987 3808 3038 humanae?
3829 3001 3894 3038 an
3915 3000 4059 3039 certe

2536 3069 2673 3118 sicut
2705 3070 2789 3119 hic
2817 3080 2899 3122 est
2931 3072 3187 3146 bomo'de
3215 3072 3451 3132 homine.
3487 3083 3540 3124 et
3573 3076 4055 3128 consubstanttait:

2536 3153 2606 3204 ita
2634 3154 2740 3206 illic
2762 3155 2995 3207 Verbum
3019 3173 3081 3208 ex
3105 3154 3258 3211 Patre
3277 3169 3356 3211 est
3379 3161 3830 3216 consubstamiale
3849 3166 3913 3217 de
3928 3178 4056 3218 eou-

2538 3244 2901 3306 substantiaii,
2949 3254 3002 3297 et
3033 3245 3169 3299 Deus
3199 3251 3264 3299 de
3300 3247 3402 3298 Deo
3432 3249 3454 3297 τ
3489 3251 3558 3299 At
3585 3264 3710 3301 vero
3741 3259 3793 3302 et
3825 3252 4059 3317 Spiritus

2535 3340 2750 3383 sanctus
2779 3331 2829 3383 id
2864 3333 3036 3399 ipsum
3069 3331 3205 3386 Deus
3232 3336 3297 3387 de
3335 3336 3442 3388 Deo
3473 3347 3576 3399 cst,
3607 3346 3661 3389 et
3698 3341 4054 3392 consubstan-

2535 3418 2675 3471 tialis
2705 3421 2772 3472 de
2796 3422 3231 3474 consubstantiali
3286 3425 3422 3492 Ergo
3456 3426 3505 3476 in
3533 3440 3641 3492 qun
3673 3427 3790 3478 Filii
3821 3443 4014 3493 genera
4035 3457 4057 3469 ο

2537 3509 2609 3560 tio
2652 3510 2845 3562 similia
2869 3518 2952 3564 est
2980 3513 3254 3564 hominum
3290 3515 3618 3578 sene-ratium
3648 3552 3661 3573 ,
3695 3517 3746 3566 in
3782 3520 3977 3575 eodem
4007 3529 4057 3568 ct

2537 3595 2769 3663 Spiritus
2795 3602 3066 3664 processit;
3101 3601 3291 3652 similis
3331 3612 3408 3651 est
3452 3603 3646 3654 eidem.
3681 3604 3843 3670 laxis
3879 3615 4055 3659 autem

2537 3684 2588 3734 in
2629 3700 2735 3749 quo
2765 3686 2995 3751 Spiritus
3040 3690 3305 3749 processio
3353 3689 3626 3742 dissimilis
3669 3702 3750 3743 cst
3783 3695 4054 3746 imminuti

2535 3775 2859 3839 generationi
2889 3813 2905 3837 ,
2938 3776 2988 3826 in
3022 3777 3204 3828 eodem
3239 3786 3289 3827 et
3323 3777 3437 3828 Filii
3479 3783 3750 3843 generatio
3780 3784 4056 3836 dissimilis

2536 3869 2618 3910 est
2652 3860 2818 3911 eidem
2847 3901 2862 3922 ,
2893 3875 3196 3926 quanquam
3229 3864 3365 3915 inter
3410 3880 3467 3916 se
3500 3865 3712 3918 diil'crre
3747 3873 4055 3924 credantur.

2535 3945 2645 3998 Cur
2672 3961 2798 4014 ergo
2830 3949 2973 4002 illius
2999 3951 3196 4002 dicitur
3220 3952 3396 4012 Pater,
3429 3954 3583 4004 istius
3615 3967 3740 4006 vero
3776 3960 3904 4009 nihil
3935 3962 3956 3992 ’
3993 3980 4055 4013 HF

2535 4045 2677 4087 certe
2690 4038 2941 4102 quoniam
2961 4038 3188 4105 ingenita
3213 4055 3441 4105 persona
3456 4043 3680 4094 duarum
3707 4059 4056 4110 personarum

2534 4126 2794 4177 exsisteus
2826 4127 3162 4192 principium,
3206 4130 3364 4181 unius
3393 4139 3475 4182 est
3506 4133 3640 4192 sola,
3677 4134 3896 4185 alterius
3929 4151 4049 4185 verr.

2535 4228 2638 4264 non
2678 4211 2827 4266 solal
2857 4216 2974 4268 ideo
3003 4217 3157 4280 cujus
3189 4218 3402 4283 quidem
3443 4221 3556 4272 sola
3593 4221 3704 4287 ipsa
3734 4234 3828 4275 est
3863 4225 4058 4288 princi-

2535 4302 2785 4367 pium.ad
2816 4304 2956 4355 illam
2984 4305 3142 4358 habet
3166 4308 3528 4372 speciiicatum
3556 4326 3774 4375 nomen,
3801 4329 3892 4380 per
3913 4319 4056 4382 quot;

2536 4389 2763 4441 maxime
2814 4393 3333 4446 consubstantialitas
3386 4411 3570 4449 eorum
3629 4401 3970 4465 intelligatur,
4001 4412 4055 4454 et

2537 4486 2718 4530 vocata
2747 4487 2830 4531 est
2861 4478 2977 4546 ejus
2994 4479 3147 4534 Pater
3172 4499 3186 4534 :
3213 4485 3366 4549 cujus
3396 4498 3521 4538 vero
3546 4500 3649 4540 non
3673 4491 3782 4542 sola
3809 4500 3890 4542 est
3919 4492 4059 4556 prin-

2531 4571 2826 4635 cipium,ad
2849 4573 2987 4624 iliatn
3011 4589 3198 4626 nomen
3219 4589 3321 4626 non
3342 4576 3518 4639 habet,
3538 4591 3603 4632 ne
3629 4595 3913 4634 commune
3931 4596 4056 4650 pro-

2531 4659 2704 4726 prium
2744 4671 2976 4725 putetur.
3025 4660 3088 4712 Et
3133 4667 3390 4733 cantingit
3451 4672 3746 4722 secundum
3783 4673 4056 4724 nominae

2531 4761 2788 4800 converso
2809 4763 2866 4801 se
2896 4750 3092 4804 habere
3122 4753 3174 4804 in
3202 4754 3304 4806 Deo
3335 4771 3492 4822 quam
3535 4757 3588 4809 in
3620 4759 3810 4820 Adam,
3845 4771 3897 4810 et
3920 4759 4049 4819 Eva,

2529 4844 2580 4887 et
2598 4838 2740 4886 Setlt.
2767 4836 2819 4887 In
2844 4837 2926 4889 bis
2945 4838 3083 4890 enim
3104 4839 3289 4902 Adam,
3307 4843 3460 4908 cujus
3478 4859 3716 4910 persona
3730 4845 3874 4898 solus
3889 4861 4050 4898 causa

2530 4932 2627 4987 est,
2656 4926 2718 4976 ad
2750 4923 2893 4976 illam
2921 4941 3111 4979 nomen
3133 4943 3232 4980 non
3256 4930 3434 4990 habet.
3461 4945 3567 4998 quo
3591 4935 3706 5000 ejus
3729 4935 4049 5001 principium

2536 5023 2642 5075 est,
2667 5013 2866 5066 scilicet
2898 5014 3038 5068 Eva.
3065 5018 3229 5082 Cujus
3288 5032 3415 5069 vero
3451 5033 3553 5070 non
3588 5024 3736 5074 solus
3759 5061 3774 5084 ,
3804 5023 3894 5074 sed
3925 5037 4051 5075 cum

2532 5096 2636 5153 Eva
2686 5113 2872 5154 auctor
2905 5113 3032 5166 est,
3075 5104 3216 5156 illius
3268 5107 3574 5158 nominatur
3622 5122 3810 5173 pater:
3849 5110 4051 5174 Spiritu

2529 5198 2713 5242 sancto
2736 5192 3036 5260 bujusmodi
3071 5195 3512 5261 permutationem
3537 5198 3810 5248 nominum
3838 5199 4050 5263 dispen-

2528 5288 2677 5330 sante
2707 5283 2862 5332 nobis
2894 5283 3235 5347 providendo,
3259 5298 3326 5335 ne
3349 5284 3589 5336 carnales
3610 5285 3849 5349 capulas.
3873 5299 3924 5336 et
3953 5285 4054 5336 ﬂu-

2528 5383 2646 5429 xus,
2680 5380 2732 5422 et
2763 5371 3141 5434 abscissiones,
3181 5382 3234 5426 et
3267 5384 3446 5440 partus
3473 5371 3836 5441 imperfectos,
3862 5385 3914 5427 et
3947 5377 4052 5428 bu-

914 5453 1162 5513 arbi‘ttnr,
1206 5470 1292 5504 tne
1323 5471 1425 5506 non
1453 5455 1884 5507 irrationabiliter
1928 5472 2182 5521 qumcre.
2227 5455 2326 5512 Sed
2363 5462 2426 5511 ad
2521 5459 2752 5524 jnstnudi
2782 5463 3055 5527 passiones
3083 5464 3134 5514 in
3167 5462 3428 5516 Trinitate
3460 5464 3835 5530 imaginemur.

918 5540 1038 5588 illud
1066 5542 1389 5604 aspicienda,
1415 5546 1552 5610 quod
1576 5549 1710 5610 apud
1748 5560 1844 5596 nos
1874 5544 2044 5605 Pater,
2072 5545 2254 5605 Filius,
2278 5563 2427 5614 gene-

915 5627 1065 5686 ratio,
1091 5639 1478 5692 gcnetstntn,ct
1507 5633 1807 5696 hujusmudi
1834 5635 2044 5686 nomina
2068 5637 2282 5701 proprie
2315 5639 2427 5703 qni-

2596 5549 2874 5615 Pr0pterea
2897 5566 3022 5616 ergo
3040 5563 3092 5604 ct
3120 5568 3181 5604 ne
3201 5567 3484 5606 commune
3511 5556 3788 5620 proprium
3810 5559 4045 5620 putetur,

2528 5640 2754 5704 ingenita
2800 5655 3045 5705 persona,
3082 5640 3320 5694 habentis
3358 5644 3572 5709 quidem
3623 5658 3860 5710 person:
3887 5659 3952 5695 ex
3980 5657 4047 5697 ea
