4450 6440
422 351 555 418 1317
1725 351 1874 412 PRO
1906 350 2227 410 LATINIS.
3440 347 3568 408 i318

421 461 532 515 sola
562 473 700 522 esse,
732 460 1003 514 nominata
1026 468 1106 515 est
1135 465 1312 525 Pater,
1332 462 1396 515 ad
1429 462 1571 514 illam
1607 473 1734 514 vero
1759 475 1943 530 perso-
1971 464 2012 515 Α
2039 459 2204 526 pitem
2238 457 2480 510 eumdem
2515 456 2665 510 vidit.
2691 455 2778 510 Ait
2799 457 2942 513 enim
2988 457 3060 513 de
3089 457 3254 511 Filio:
3289 455 3355 510 Et
3391 473 3456 511 ea:
3479 472 3568 509 ore

422 562 566 610 nam,
599 563 714 613 quae
748 563 852 601 non
885 565 946 601 ex
979 563 1040 600 ea
1073 550 1185 604 sola
1221 550 1382 603 habet
1427 536 1568 610 esse,
1600 563 1792 601 nomen
1834 564 1938 600 non
2039 549 2151 616 ejus
2201 547 2504 613 procedebat
2542 547 2746 614 gladius
2786 547 2991 614 anceps,
3041 556 3097 598 ut
3127 550 3182 599 in
3230 561 3290 599 eo
3313 547 3568 613 percutiat

423 638 597 691 habet.
616 638 724 706 Ego
747 639 956 704 quidem
986 639 1088 690 hoc
1112 640 1273 692 credo
1300 655 1313 690 :
1337 640 1428 706 qui
1453 653 1578 690 vero
1601 637 1788 690 nititur
1814 651 1941 688 con-
2039 645 2210 705 gentes
2239 636 2302 686 “.
2330 635 2396 687 Et
2426 643 2544 701 post
2576 650 2742 702 pauca
2769 652 2784 687 :
2821 635 2884 687 Et
2913 635 3097 696 reliqui
3146 632 3402 700 interfecti
3445 643 3567 686 sunt

421 726 680 779 tradicere
705 725 811 789 his,
835 727 960 778 dum
994 741 1098 778 non
1122 727 1358 780 ostendit
1385 729 1540 780 aliam
1573 728 1940 780 rationabilio-
2040 726 2094 776 in
2110 724 2286 793 gladio
2299 724 2520 776 sedentis
2539 739 2694 790 super
2707 739 2884 791 equum
2896 723 3369 788 procedenteexore
3383 721 3563 788 ejus".

420 830 531 867 rem
563 829 799 873 causam,
839 825 1052 882 propter
1085 830 1246 883 quam
1301 831 1462 868 unum
1495 824 1578 869 est
1606 817 1937 868 nominatum
2042 813 2176 879 Ergo
2195 813 2373 865 divina
2397 811 2678 879 Scriptura
2710 815 2993 866 nominans
3017 813 3275 879 Spiritum
3294 821 3561 873 sanctum,

421 914 474 956 et
504 905 644 955 aliud
675 904 1065 957 innominatum
1092 942 1107 967 ,
1157 904 1392 957 arbitror
1419 918 1540 957 eum
1571 902 1704 956 nihil
1733 904 1800 957 ad
1829 918 1941 957 rem
2042 899 2299 969 Spiritum
2328 901 2439 954 oris
2470 901 2590 954 Filii
2624 909 2677 955 et
2705 901 2938 970 gladium
2973 902 3338 968 procedentem
3370 915 3435 952 ex
3469 914 3563 952 ore

421 992 618 1044 dicere.
2040 991 2157 1056 ejus
2185 1027 2201 1053 ,
2238 990 2363 1056 quid
2400 990 2542 1042 aliud
2591 1004 2689 1043 nos
2719 991 2866 1043 docet
2899 1005 2987 1057 per
3035 990 3338 1057 huiusmodi
3389 990 3559 1058 signa,

827 1077 1118 1132 Secundum
1141 1079 1532 1148 Argumentum.

490 1189 544 1241 in
576 1189 821 1242 omnibus
855 1190 1088 1251 entibus,
1125 1189 1192 1242 de
1245 1189 1440 1256 quibus
1477 1187 1688 1256 proprie
1715 1188 1942 1242 dicimus

423 1277 701 1343 imaginem
740 1286 792 1328 et
835 1278 1126 1343 exemplar,
1157 1291 1279 1329 cum
1334 1290 1543 1344 semper
1589 1275 1764 1343 imago
1807 1275 1942 1329 inle-

422 1367 577 1417 rioris
613 1366 869 1418 rationem
905 1367 1096 1418 habeat
1149 1367 1214 1418 ad
1245 1365 1540 1432 exemplar,
1595 1373 1646 1417 et
1689 1366 1744 1418 in
1793 1364 1941 1418 nullo

419 1453 693 1517 cqualiter
718 1453 1004 1520 exemplari
1036 1454 1215 1505 veniat
1243 1491 1257 1516 ,
1297 1455 1351 1505 in
1390 1452 1548 1506 Patre
1581 1468 1708 1505 vero
1729 1465 1782 1506 et
1809 1453 1942 1506 Filio

421 1541 528 1593 illic
563 1556 653 1608 per
709 1541 888 1593 omnia
919 1542 1144 1594 exsistat
1170 1540 1446 1606 aequalitas
1469 1551 1522 1594 et
1569 1541 1941 1594 substantialis

420 1628 671 1682 identit‘ts
698 1643 713 1680 :
757 1630 848 1695 qui
886 1630 998 1682 vult
1033 1629 1306 1697 Scriptura
1335 1629 1537 1689 divina,
1570 1631 1710 1696 quod
1743 1628 1937 1681 Filium

2040 1080 2138 1130 nisi
2184 1077 2322 1150 quod
2376 1076 2604 1145 Spiritus
2648 1086 2864 1132 sanctus
2895 1092 2961 1131 es
3005 1075 3139 1131 Filio
3171 1086 3272 1141 est,
3307 1077 3449 1131 sicut
3493 1092 3559 1129 ex

2041 1169 2197 1222 Patre
2221 1168 2243 1219 τ

2467 1258 2723 1321 Quartum
2754 1260 3143 1326 Argumentum.

2106 1365 2233 1419 item
2283 1363 2472 1424 Filius.
2502 1365 2800 1418 secundum
2842 1364 3053 1424 lsaiam,
3085 1363 3352 1416 brachium
3383 1361 3558 1414 Patris

2039 1454 2236 1506 dicitur
2262 1453 2348 1514 ¹⁶;
2386 1451 2615 1520 Spiritus
2657 1464 2872 1505 sanctus
2923 1453 2974 1504 in
3018 1452 3314 1519 Evangeliis
3367 1450 3560 1515 digitus

2038 1539 2153 1592 Dei.
2183 1541 2313 1592 Nam
2333 1541 2520 1594 beatus
2537 1539 2810 1594 Mattheus
2832 1541 3218 1594 narratdixisse
3238 1540 3510 1593 Christum
3538 1554 3552 1588 :

2038 1623 2096 1677 Si
2128 1635 2298 1676 autem
2327 1642 2419 1692 ego
2452 1627 2506 1678 in
2534 1625 2732 1692 Spiritu
2765 1624 2856 1700 Dei
2881 1627 3035 1699 ‘ejicio
3082 1625 3358 1686 damonis,
3387 1626 3560 1689 utique

420 1717 630 1781 quidem
662 1720 901 1770 nominat
929 1717 1210 1784 imaginem
1233 1717 1425 1780 Patris,
1455 1716 1663 1769 Patrem
1692 1731 1815 1769 vero
1838 1717 1937 1768 mi-
1962 1749 2010 1806 Β
2038 1716 2262 1779 peruenit
2306 1715 2371 1765 ad
2405 1731 2488 1766 uos
2537 1712 2748 1780 regnum
2795 1716 3034 1768 raelorum
3064 1717 3128 1766 ”.
3164 1713 3394 1766 Sanctus
3429 1724 3555 1764 vero

421 1805 563 1857 nime
581 1806 865 1872 imaginem
892 1806 1051 1858 Filii?
1075 1819 1140 1858 an
1161 1817 1305 1858 certe
1329 1803 1816 1873 propterprincipii
1846 1819 1932 1856 ra-
1962 1802 2004 1870 —_
2037 1803 2208 1857 Lucas
2232 1805 2285 1856 in
2316 1807 2497 1856 eodem
2527 1805 2601 1857 ait
2625 1820 2638 1857 :
2665 1805 2722 1858 Si
2749 1822 2865 1858 vero
2886 1807 2940 1856 in
2961 1807 3120 1872 digito
3147 1804 3236 1857 Dei
3265 1803 3413 1870 ejicio
3443 1802 3554 1853 da-

418 1893 615 1946 tionem
636 1896 658 1946 l
683 1895 936 1960 quoniam
971 1895 1140 1947 Filius
1164 1909 1228 1948 ex
1259 1894 1416 1947 Patre
1439 1903 1540 1954 est,
1569 1907 1673 1946 non
1695 1893 1850 1946 Pater
1871 1908 1934 1945 ex

417 1979 575 2034 Filio.
624 1982 1081 2046 Quemadmodum
1128 1992 1180 2037 et
1229 1997 1388 2036 omne
1437 1983 1709 2049 exemplar
1738 1981 1938 2048 princi-

416 2071 559 2134 pium
607 2080 692 2123 est
737 2086 845 2124 suae
887 2073 1154 2138 imaginis.
1209 2073 1496 2140 imaginem
1536 2072 1717 2137 itaque
1755 2070 1935 2122 divina

417 2156 691 2224 Scriptura
726 2159 1010 2214 nominans
1050 2159 1246 2213 Filium
1293 2160 1575 2213 invisibilis
1610 2159 1726 2224 Dei,
1773 2158 1934 2212 simul

415 2247 673 2308 ostendit,
701 2256 752 2300 et
771 2250 931 2315 .quod
954 2264 1017 2302 ex
1053 2264 1116 2301 eo
1143 2263 1243 2308 est.
1267 2258 1317 2301 et
1344 2249 1483 2312 quod
1516 2246 1706 2300 similis
1739 2246 1785 2298 ei
1811 2254 1929 2299 est:

415 2335 724 2388 minoritate
754 2337 1000 2390 videlicet
1034 2340 1415 2404 pratermtssa,
1443 2345 1690 2400 tanquam
1716 2335 1933 2386 minime

411 2424 778 2476 conveniente.
810 2425 876 2475 At
904 2439 1048 2483 vero.
1073 2424 1521 2492 quemadmodum
1544 2421 1712 2474 Filius
1729 2421 1931 2474 dicitur

412 2509 585 2574 imago
616 2509 816 2572 Patris,
857 2527 962 2564 non
992 2510 1148 2564 Pater
1200 2512 1376 2578 imago
1411 2509 1532 2563 Filii
1561 2528 1574 2562 :
1599 2511 1672 2564 ita
1701 2511 1931 2579 Spiritus

410 2610 627 2650 sanctus
660 2599 713 2650 in
753 2601 936 2652 eadem
987 2600 1261 2665 Scriptura
1316 2599 1512 2652 dicitur
1563 2599 1738 2664 imago
1787 2598 1928 2662 Filii,

415 2701 516 2737 non
558 2685 722 2740 Filius
753 2688 927 2754 imago
955 2687 1205 2756 Spiritus.
1236 2688 1371 2741 Dicit
1397 2687 1538 2742 enim
1561 2690 1848 2756 Apostolus
1862 2691 1935 2743 ad

413 2774 720 2826 Romanos:
761 2774 902 2837 Quos
959 2777 1092 2827 enim
1146 2776 1404 2842 prescieit
1455 2786 1504 2828 et
1523 2779 1926 2842 praedestinavit,

409 2864 692 2925 conformes
717 2862 830 2926 ﬁeri
847 2863 1060 2930 imagini
1082 2859 1208 2914 Filii
1227 2865 1308 2914 sui
1323 2865 1369 2892 ’°
1384 2901 1400 2917 .
1427 2863 1490 2916 Et
1505 2865 1568 2917 ad
1586 2865 1890 2919 Corinthios
1911 2883 1924 2916 :

410 2943 554 2998 Sicut
603 2951 913 3013 portavimus
943 2951 1213 3016 imaginem
1264 2953 1543 3013 terrestris,
1584 2964 1843 3016 portemus
1877 2961 1925 3004 et

407 3041 678 3105 imaginem
710 3040 923 3090 calcatis
952 3040 1016 3100 ",
1050 3040 1319 3093 cmlestem
1366 3042 1548 3094 (licens
1610 3040 1825 3094 Filium.
1863 3042 1926 3094 Et

409 3130 596 3181 irerum
618 3141 631 3177 :
660 3125 766 3178 Nos
787 3135 954 3178 autem
976 3143 1146 3180 omnes
1172 3129 1391 3180 revelata
1416 3129 1548 3195 {acie
1574 3131 1791 3197 gloriam
1827 3131 1927 3183 Do-

407 3216 534 3266 mini
573 3215 914 3280 speculantes,
958 3218 1012 3267 in
1044 3217 1222 3268 eadem
1244 3218 1464 3284 imgine
1494 3218 1929 3283 transformamur

404 3305 467 3353 de
509 3303 678 3368 gloria
723 3304 776 3353 in
837 3304 1080 3368 gloriam,
1114 3304 1248 3354 sicut
1281 3319 1311 3353 ιι
1343 3302 1549 3353 Domini
1602 3303 1802 3364 Spiritu
1826 3308 1870 3336 “
1898 3343 1912 3356 .

417 3388 568 3452 Quod
597 3399 772 3440 autem
801 3385 978 3454 imago
1005 3387 1123 3439 Filii
1154 3388 1350 3439 dicitur
1377 3391 1428 3440 in
1458 3391 1541 3441 his
1557 3388 1787 3455 Spiritus
1811 3393 1924 3457 ipse

415 3489 652 3536 sanctus,
678 3477 935 3528 habemus
964 3490 1057 3542 per
1073 3485 1317 3528 sanctum
1343 3476 1593 3543 Cyrillum
1612 3479 1664 3529 in
1682 3477 1926 3531 Thesau-

405 3564 480 3615 ris
503 3581 521 3616 :
550 3565 603 3615 in
621 3564 816 3630 quibus
836 3579 898 3617 ex
917 3563 1118 3617 eisdem
1143 3563 1318 3616 verbis
1334 3564 1602 3617 concludit
1629 3565 1758 3631 ipse,
1780 3562 1920 3632 quod

405 3650 638 3717 Spiritus
669 3659 750 3703 est
776 3659 830 3702 et
855 3665 918 3703 es
959 3650 1111 3705 Filio.
1145 3652 1282 3720 Ergo
1312 3663 1366 3705 et
1397 3667 1494 3706 nos
1529 3653 1580 3706 id
1616 3655 1789 3719 ipsum
1832 3671 1923 3721 per
2012 3690 2018 3698 -

402 3739 586 3791 eadem
616 3739 1011 3799 concludentes,
1033 3750 1085 3790 et
1104 3753 1166 3791 ex
1187 3753 1251 3793 eo
1277 3739 1418 3807 quod
1440 3739 1651 3804 dicitur,
1691 3740 1920 3809 Spiritus

403 3828 578 3893 imago
615 3826 730 3879 Filii
758 3844 772 3879 :
805 3843 868 3881 ex
899 3830 1014 3895 ipso
1043 3829 1202 3880 etiam
1238 3829 1529 3881 secundum
1561 3832 1804 3898 superius
1837 3847 1924 3886 as-

403 3919 663 3983 signatam
683 3917 940 3970 rationem
966 3917 1332 3984 intelligentes,
1365 3918 1659 3972 rectissime
1690 3929 1743 3974 et
1769 3921 1921 3974 intel-

402 4004 637 4071 ligimus,
665 4015 712 4055 et
744 4006 1132 4069 concludimus,
1172 4014 1226 4058 et
1252 4005 1500 4058 dicimus.

831 4131 1059 4186 Tertium
1093 4136 1482 4202 Argumentum.

468 4247 594 4298 item
630 4259 750 4297 cum
786 4243 924 4315 Deus
949 4244 1016 4297 sit
1054 4243 1416 4312 incorporeus,
1449 4256 1500 4301 et
1528 4249 1763 4301 membra
1796 4265 1915 4302 cor-

2035 1893 2230 1953 rnonia,
2263 1894 2439 1958 utique
2487 1895 2711 1955 pervenit
2760 1893 2828 1944 ad
2861 1910 2944 1946 uos
2975 1910 3183 1959 regnum
3231 1895 3468 1945 caelorum
3489 1894 3557 1947 ⁸⁸.

2035 1977 2172 2047 Ergo
2203 1979 2400 2044 digitus
2432 1980 2517 2032 Dei
2554 1980 2782 2046 Spiritus
2831 1992 3048 2034 sanctus
3088 1981 3263 2034 dietus
3289 1984 3390 2036 es‘t.
3421 1983 3558 2035 Prae-

2036 2068 2295 2120 termissis
2329 2068 2488 2136 igitur
2522 2069 2604 2122 bis
2631 2085 2748 2135 qua
2780 2069 3026 2123 Trinitati
3053 2086 3113 2122 es
3143 2071 3232 2124 his
3259 2083 3555 2137 congruere

2035 2169 2139 2206 non
2175 2166 2403 2222 possunt
2434 2191 2453 2216 ,
2493 2157 2713 2220 scilicet,
2745 2159 2886 2222 quod
2917 2158 3058 2210 aliud
3089 2167 3171 2210 est
3190 2167 3376 2218 totum,
3408 2155 3551 2228 aliud

2031 2256 2156 2309 pars
2181 2279 2195 2303 ,
2230 2248 2282 2294 e‘t
2318 2243 2459 2295 aliud
2493 2245 2867 2310 propinquius,
2903 2246 3043 2297 aliud
3086 2245 3300 2312 longius
3332 2260 3358 2296 a
3401 2256 3549 2296 Com-

2031 2331 2177 2382 muni
2216 2330 2476 2396 principio
2509 2348 2521 2382 :
2557 2332 2684 2398 quid
2729 2332 2984 2398 reliquum
3016 2341 3098 2387 est
3145 2333 3546 2402 intelligendum

2029 2432 2122 2485 per
2148 2419 2242 2471 has
2271 2418 2681 2483 nominationes,
2716 2421 2821 2473 nisi
2851 2423 2992 2488 quod
3015 2420 3182 2475 Filius
3201 2423 3414 2488 quidem
3434 2433 3552 2476 tan-

2028 2521 2188 2572 quam
2223 2507 2499 2560 brachium
2535 2516 2618 2560 est
2664 2523 2726 2560 es
2762 2510 2877 2563 solo
2924 2508 3096 2571 Patre,
3135 2510 3366 2576 Spiritus
3422 2525 3550 2564 vero

2028 2604 2245 2648 sanctus
2273 2605 2528 2664 tanquam
2555 2596 2756 2664 digitus
2783 2608 2866 2652 est
2886 2613 2948 2652 es
2969 2600 3144 2666 Patre,
3175 2599 3448 2669 Filioque?

2357 2740 2360 2742 ν
2440 2708 2688 2770 Quintum
2712 2709 3104 2776 Argumentum.

2096 2812 2220 2868 Item
2240 2816 2291 2868 in
2309 2816 2540 2870 lorilane
2561 2817 2715 2871 Pater
2737 2819 2972 2903 desuper
3002 2830 3134 2874 testa
3145 2823 3295 2895 batur
3314 2823 3446 2876 Filio
3470 2824 3544 2880 "z

2027 2903 2140 2968 ipse
2171 2917 2294 2954 vero
2319 2902 2481 2955 Filius
2524 2903 2711 2957 subtus
2763 2902 3152 2973 baptizabatur,
3185 2909 3418 2976 Spiritus
3447 2926 3547 2965 au-

1951 3032 1993 3088 c
2028 2999 2129 3040 tein
2152 3001 2367 3044 sanctus
2395 2991 2624 3058 desuper
2640 2993 2970 3046 descendens
2998 2997 3048 3048 In
3069 2999 3244 3068 specie
3262 2999 3546 3064 columbae,

2033 3093 2135 3132 non
2186 3079 2399 3148 oblique
2436 3081 2503 3134 de
2542 3082 2701 3135 latere
2737 3082 2934 3136 Christi
2979 3087 3126 3138 stetit
3161 3125 3176 3146 ,
3207 3087 3346 3153 quod
3402 3097 3550 3141 esset

2033 3170 2216 3236 utique
2245 3169 2451 3235 signum
2482 3169 2675 3222 Filium
2725 3181 2777 3224 et
2813 3171 3068 3238 Spiritum
3121 3188 3185 3225 ex
3232 3175 3346 3228 solo
3390 3174 3549 3229 Patre

2032 3260 2224 3311 habere
2271 3275 2409 3324 esse,
2451 3257 2703 3334 tanquam
2757 3247 2906 3331 sique
2961 3265 3199 3329 divisos;
3235 3269 3325 3320 sed
3385 3281 3549 3334 super

2028 3362 2148 3398 eum
2180 3349 2325 3400 stetit
2359 3347 2411 3400 in
2438 3332 2610 3402 medio
2637 3351 2881 3404 videlicet
2911 3353 3136 3404 duorum
3163 3371 3178 3405 :
3201 3356 3340 3421 quod
3363 3332 3547 3408 estsi-

2027 3449 2208 3500 gnum.
2245 3449 2580 3488 communem
2628 3438 2797 3504 ipsum
2841 3433 3026 3490 eorum
3057 3455 3199 3492 esse.
3229 3439 3545 3506 Communis

2027 3530 2198 3572 autem
2224 3538 2326 3574 non
2360 3524 2543 3591 utique
2565 3534 2723 3585 esset,
2758 3523 2858 3578 nisi
2888 3534 3141 3593 tanquam
3187 3540 3248 3579 ex
3282 3531 3543 3585 ambobus

2028 3611 2337 3673 procedens,
2370 3620 2422 3664 et
2454 3611 2505 3664 id
2549 3611 2690 3679 quod
2723 3613 3000 3666 videbatur
3036 3614 3264 3682 desuper
3290 3619 3538 3671 columba

2028 3713 2056 3749 a
2111 3697 2264 3751 Patre
2300 3699 2625 3754 descendens
2662 3701 2726 3754 ad
2777 3696 2991 3766 Filium,
3039 3706 3248 3771 signum
3285 3703 3485 3759 iaciens
3522 3723 3536 3759 :

2026 3787 2165 3852 quod
2197 3788 2318 3840 licet
2347 3790 2413 3841 ab
2443 3798 2639 3842 aeterno
2687 3791 2914 3858 Spiritus
2940 3803 3016 3845 est
3039 3810 3100 3845 es
3141 3793 3274 3847 Filio
3307 3796 3438 3848 sicut
3473 3811 3538 3850 ex

2025 3875 2199 3940 Patre,
2226 3888 2401 3931 tamen
2432 3876 2599 3933 Fiiitis
2634 3882 2911 3934 hocvbabet
2945 3899 3006 3934 ex
3037 3884 3212 3948 Pau-e,
3249 3902 3353 3938 non
3387 3887 3539 3940 Pater

2022 3984 2084 4020 ex
2120 3968 2273 4020 Filio.
2302 3967 2437 4020 Nihil
2459 3979 2630 4020 autem
2652 3972 2828 4023 obstat
2860 3973 2982 4026 huic
3014 3976 3364 4040 speculationi
3387 3979 3536 4045 quod

2022 4056 2218 4110 dictum
2259 4065 2360 4118 est,
2395 4058 2694 4110 columbam
2719 4074 2946 4112 manere
2971 4075 3129 4127 super
3163 4061 3376 4116 Filium.
3407 4063 3535 4117 Nam

2024 4161 2242 4199 manere
2279 4145 2332 4197 in
2362 4161 2446 4209 eo,
2484 4156 2550 4200 'et
2583 4163 2701 4201 esse
2745 4163 2808 4202 es
2839 4164 2904 4202 eo
2937 4151 3202 4202 contraria
3237 4165 3340 4204 nan
3389 4165 3530 4204 sunt.

2024 4234 2173 4288 Sicut
2197 4237 2338 4288 enim
2376 4237 2532 4288 simul
2562 4249 2614 4289 et
2649 4237 2700 4288 in
2736 4236 2887 4290 Patre
2917 4247 3018 4300 est,
3047 4248 3100 4291 et
3131 4253 3193 4292 ex
3242 4237 3427 4291 Patre:
3462 4241 3540 4295 ita

399 4333 594 4401 poralia
623 4347 726 4384 non
754 4334 960 4395 haheat,
984 4331 1108 4400 quid
1137 4343 1238 4396 est,
1259 4337 1398 4403 quod
1439 4337 1669 4404 Spiritus
1701 4351 1918 4392 sanctus
1949 4332 1992 4388 ι)
2018 4323 2177 4376 Simul
2202 4333 2256 4376 ει
2283 4323 2335 4375 in
2365 4320 2502 4376 “"0
2526 4332 2578 4376 εί
2605 4340 2670 4378 εἰ
2701 4323 2854 4379 Filio.

398 4423 616 4489 spiritus
645 4423 754 4473 oris
781 4422 896 4488 ejus
925 4422 1157 4473 dicitur?
1182 4423 1266 4475 Ait
1291 4427 1433 4476 enim
1461 4444 1473 4478 :
1509 4427 1670 4480 Verbo
1709 4429 1916 4480 Domini

395 4514 508 4562 creti
551 4510 745 4578 ﬁrmati
774 4521 911 4570 sunt,
941 4521 988 4562 et
1015 4511 1211 4577 Spiritu
1240 4514 1344 4564 oris
1372 4515 1483 4579 ejus
1553 4519 1717 4568 omnis
1751 4519 1914 4570 uirtus

396 4614 569 4649 eorum
597 4598 662 4650 ”.
689 4597 767 4648 An
801 4607 962 4658 certe,
993 4608 1049 4649 ut
1072 4611 1136 4648 ex
1159 4599 1258 4652 hoc
1276 4599 1633 4668 intelligamus
1659 4590 1912 4670 Spiritum

397 4696 638 4738 sanctum
663 4700 724 4736 ex
754 4700 819 4736 eo
850 4694 1097 4752 tanquam
1115 4699 1181 4736 ex
1207 4687 1466 4754 principio
1483 4691 1639 4742 esse?
1660 4693 1749 4744 sed
1773 4694 1913 4746 sicut

397 4773 594 4830 diritur
620 4771 848 4839 Spiritus
871 4774 979 4826 oris
1003 4771 1196 4835 Patris,
1250 4774 1320 4826 ita
1345 4776 1482 4828 idem
1512 4778 1625 4846 ipse
1649 4781 1699 4831 in
1730 4783 1914 4835 eadem

398 4859 672 4922 Scriptura
687 4861 879 4914 dicitur
897 4864 1128 4928 Spiritus
1153 4864 1261 4915 oris
1292 4862 1431 4915 Filii.
1456 4868 1542 4919 Ait
1577 4869 1716 4920 enim
1750 4869 1916 4924 lsaias

396 4944 460 4998 de
494 4944 662 4998 Filio:
698 4945 763 4997 Et
785 4951 1030 5015 percutiet
1063 4960 1250 5002 terram
1281 4953 1424 5018 uirga
1452 4955 1558 5006 oris
1592 4956 1693 5016 sui,
1718 4965 1765 5007 et
1790 4955 1911 5023 Spi-

398 5037 498 5086 ritu
523 5034 778 5087 labiorum
803 5053 1012 5089 suorum
1039 5040 1310 5104 iuterﬁciet
1337 5041 1549 5106 impium
1580 5045 1643 5092 “.
1677 5043 1740 5096 Et
1767 5043 1908 5098 Pau-

398 5124 479 5176 lus
505 5125 570 5177 ad
592 5123 1092 5179 Thessaitmireuses
1119 5143 1132 5179 :
1168 5127 1325 5188 Quem
1352 5129 1619 5194 interﬁeiet
1656 5129 1906 5186 Dominus

394 5209 548 5266 Jesus
567 5211 768 5280 Spiritu
787 5215 895 5266 oris
919 5217 999 5266 sui
1022 5217 1084 5267 ".
1126 5216 1358 5268 Joannes
1381 5219 1567 5268 veroin
1590 5217 1905 5288 Apocalypsi

396 5313 612 5369 propter
637 5302 912 5356 occidendi
943 5294 1196 5354 rationem
1237 5314 1483 5370 tanquam
1510 5306 1738 5372 gladium
1766 5309 1913 5360 anci-

2457 4431 2670 4484 Seztum
2704 4433 3086 4498 Argumentum.

2081 4517 2216 4572 Cum
2254 4519 2326 4572 sit
2353 4531 2455 4570 una
2485 4520 2802 4583 substantia,
2841 4521 3008 4575 virtus
3032 4533 3085 4574 et
3107 4523 3246 4574 actio
3274 4522 3449 4577 Patris
3478 4533 3533 4579 et

2014 4605 2156 4665 Filii.
2187 4614 2238 4659 et
2267 4607 2442 4658 omnia
2467 4620 2585 4673 qua
2615 4607 2766 4670 tiunt,
2800 4622 2905 4658 non
2947 4610 3112 4676 magis
3135 4624 3161 4658 a
3187 4610 3340 4662 Patre
3368 4628 3534 4678 quam

2014 4711 2040 4746 a
2066 4693 2197 4747 Filio
2227 4696 2358 4758 sint,
2424 4695 2676 4761 quidnam
2709 4709 2884 4748 causa:
2909 4707 2990 4749 est
3012 4699 3152 4763 quod
3176 4696 3332 4750 Pater
3365 4701 3417 4754 in
3448 4702 3533 4754 di-

2009 4782 2136 4836 vina
2167 4780 2440 4849 Scriptura
2471 4783 2667 4834 dicitur
2698 4783 2874 4836 iacere
2909 4801 2994 4837 res
3023 4787 3175 4846 Filio.
3203 4799 3254 4840 et
3296 4803 3388 4856 per
3443 4791 3533 4844 Fi-

2012 4871 2145 4923 lium
2172 4888 2187 4923 :
2220 4869 2388 4924 Filius
2421 4886 2543 4923 vero
2574 4871 2701 4922 nihil
2735 4871 2927 4924 dicitur
2960 4873 3132 4928 facere
3153 4876 3307 4930 Patre
3333 4880 3411 4931 vel
3435 4894 3531 4945 per

2009 4959 2263 5012 Patrem?
2294 4958 2451 5011 Verbo
2473 4960 2611 5012 enim
2631 4959 2861 5023 Domini,
2887 4963 2957 5013 ait
2976 4960 3280 5033 Psalmista,
3304 4969 3417 5019 ωτιὶ
3433 4969 3526 5033 ﬁr—

2010 5048 2138 5097 mati
2162 5056 2280 5098 sunt
2309 5048 2371 5101 ³¹.
2405 5047 2467 5098 Et
2497 5048 2870 5115 Evangelista:
2914 5051 3104 5106 Omnia
3131 5072 3222 5122 per
3253 5058 3417 5122 ipsum
3445 5059 3526 5122 fa-

2010 5145 2092 5186 cta
2114 5146 2230 5186 sunt
2253 5135 2316 5187 ³⁸.
2341 5135 2406 5187 Et
2424 5137 2738 5202 Apostolus:
2771 5137 2910 5192 Unus
2936 5142 3177 5195 Dominus
3202 5145 3348 5196 Iesus
3373 5145 3524 5197 Chri-

2013 5233 2144 5286 stus,
2167 5238 2255 5288 per
2273 5239 2415 5288 quem
2441 5225 2635 5286 omnia,
2668 5236 2716 5277 et
2751 5244 2841 5279 nos
2869 5246 2956 5295 per
2979 5232 3144 5296 ipsum
3172 5232 3234 5283 “.
3267 5232 3326 5283 Et
3365 5231 3525 5283 alibi:

2016 5309 2080 5362 In
2100 5313 2386 5364 novissimis
2412 5322 2583 5364 autem
2608 5315 2687 5366 Itis
2712 5317 3079 5368 diebislocutus
3101 5327 3173 5368 est
3199 5319 3338 5369 nobis
3359 5319 3416 5369 in
3435 5318 3529 5371 Εἰς

464 5435 688 5511 ’ἱκοηῑε
733 5451 854 5511 Nm.
888 5436 976 5487 99-
1050 5433 1130 5511 '1}
1175 5434 1298 5511 Cor:
1329 5436 1562 5511 vdit:
1611 5438 1732 5511 "1|
1770 5441 2097 5504 Con-M8.
2170 5447 2213 5476 ’³

1770 5442 1894 5495 Cor.
1927 5441 1980 5504 ὃ,
2010 5445 2097 5498 i8.
2170 5447 2213 5476 ”
2235 5447 2373 5500 Psai.
2413 5464 2578 5511 usu,
2613 5448 2663 5501 6.
2740 5450 2782 5480 "
2806 5449 2924 5501 isai.
2956 5463 3028 5510 sl,
3059 5449 3110 5500 4.
3184 5449 3227 5480 ⁸³
3253 5450 3294 5502 il
3331 5447 3517 5507 Thess.

1247 5504 1288 5533 "
1341 5503 1466 5554 Ibid.
1503 5505 1590 5557 Si.

824 5572 865 5601 "
899 5569 1034 5622 i‘sal.
1068 5585 1233 5634 xxxii,
1293 5571 1346 5624 6.
1421 5572 1463 5601 ”
1489 5571 1641 5624 Joan.
1676 5590 1711 5626 i.
1745 5576 1797 5629 ὅ.

397 5516 457 5560 tt.
484 5503 537 5554 8.
647 5504 690 5533 “
720 5506 878 5568 Apoc.
929 5517 1036 5556 λιι.
1067 5503 1148 5553 i5.

398 5583 476 5631 Ill,
549 5571 723 5623 i3-i7.

1687 5508 1887 5581 "_|s:1i.
1909 5527 2029 5581 tu},
2057 5515 2103 5565 l.
2179 5513 2222 5546 ¹⁹
2248 5514 2432 5569 Matth.
2469 5508 2575 5581 In,
2597 5516 2684 5569 28.

1901 5580 1942 5610 ³⁸
1975 5578 1992 5630 1
2028 5583 2148 5637 Cor.
2179 5599 2291 5648 vm,
2321 5585 2370 5636 ϐ.

2771 5518 2812 5547 ³⁸
2843 5515 2970 5568 Luc.
3005 5531 3078 5580 xl,
3104 5516 3194 5569 20.
3251 5519 3290 5549 ³¹
3335 5519 3517 5577 Matth.
