4450 6440
879 377 1013 443 L319

1941 370 2318 430 BAPLAAMI
2372 371 2464 428 DE
2505 371 2920 431 SEMINARIA

3892 378 4023 438 1320

872 494 962 547 lio.
985 506 1128 557 quem
1166 489 1336 555 posuit
1368 488 1618 540 heredem
1660 486 1906 548 omnium,
1929 501 2015 550 per
2042 500 2190 551 quem
2235 482 2390 534 etiam
2424 489 2464 541 Α
2501 482 2707 549 Spiritu
2738 491 2926 535 sancto
2952 480 3149 534 dicitur
3165 480 3408 536 Christus
3435 484 3720 551 baptizare,
3745 497 3794 537 et
3827 486 4024 542 dxiuo-

869 580 1060 631 swcula
1107 578 1303 644 fecit".
1327 575 1456 640 Quia
1492 589 1660 627 veroe
1688 589 1940 628 converso
1965 575 2085 628 fecit
2108 573 2271 624 Filius
2295 572 2391 622 ali-

871 667 995 730 quid
1023 681 1111 731 per
1134 665 1370 727 Patrem,
1390 663 1471 715 vel
1500 661 1675 725 Patre,
1721 676 1980 729 nusquam
2005 661 2258 724 scriptum
2290 667 2390 709 est.

876 754 1189 816 Quanquam
1227 767 1396 818 neque
1431 753 1840 804 instrumentum
1881 750 2052 801 Patris
2087 746 2254 798 Filius
2287 754 2388 807 est,

871 853 926 894 ut
957 843 1163 893 dicatur
1195 841 1348 893 Pater
1386 851 1634 907 tanquam
1657 854 1744 906 per
1768 840 2176 889 instrumentum
2214 835 2392 886 facere

869 933 1066 998 aliquid
1097 947 1187 997 per
1223 932 1396 998 ipsum
1432 941 1481 981 et
1504 932 1636 996 ipso.
1680 930 1855 995 Neque
1887 942 2072 981 rursus
2104 940 2222 992 qua:
2253 928 2388 980 liuut

870 1023 1176 1074 immediate
1200 1031 1249 1074 et
1271 1022 1564 1086 propinque
1595 1020 1729 1071 ﬁunt
1751 1034 1780 1071 a
1811 1018 1978 1070 Filio:
2018 1017 2245 1069 mediate
2269 1031 2393 1066 vero

870 1123 923 1163 et
950 1113 1156 1179 longius
1185 1126 1210 1162 a
1247 1110 1418 1171 Patre,
1457 1119 1514 1162 ut
1547 1112 1839 1160 secundum
1873 1108 2014 1159 hunc
2060 1120 2274 1158 sensum
2308 1105 2391 1156 di-

870 1207 1025 1252 catur
1053 1198 1205 1251 Pater
1251 1198 1425 1250 facere
1461 1212 1551 1263 per
1581 1195 1768 1247 Filium
1799 1212 1812 1257 ;
1844 1208 1964 1245 nam
2022 1190 2329 1243 immediate
2364 1203 2390 1239 a

869 1289 1027 1340 Patre
1062 1299 1112 1338 et
1154 1287 1311 1345 Filio,
1341 1294 1591 1350 tanquam
1633 1285 1698 1335 ab
1737 1298 1842 1334 uno
1874 1281 2177 1338 conditore,
2213 1293 2318 1329 uno
2341 1286 2395 1329 et

871 1378 1100 1444 simplici
1135 1386 1255 1429 actu
1279 1375 1459 1427 omnia
1485 1375 1648 1425 liunt:
1677 1387 1771 1424 cur
1801 1385 1928 1438 ergo
1956 1371 2044 1421 illo
2064 1368 2221 1420 modo
2244 1366 2392 1418 Scri-

871 1476 1026 1533 ptura
1053 1467 1116 1518 de
1149 1465 1226 1518 eis
1276 1463 1554 1529 disputat?
1585 1461 1664 1512 An
1715 1469 1771 1511 ut
1799 1459 2156 1525 intelligamus
2193 1456 2393 1522 princi-

874 1556 1015 1622 pium
1035 1550 1084 1606 et
1107 1555 1245 1620 quod
1281 1568 1342 1604 ex
1365 1567 1427 1603 eo
1447 1561 1549 1611 εει,
1583 1550 1705 1616 quia
1729 1563 1844 1602 esse
1876 1562 2058 1600 eorum
2079 1559 2239 1598 unam
2261 1545 2392 1597 sim-

876 1643 1061 1708 plicem
1094 1641 1468 1698 substantiam,
1491 1640 1737 1690 virtutem
1759 1647 1809 1688 et
1833 1637 2094 1687 actionem
2130 1644 2179 1685 et
2214 1632 2392 1684 omnia

874 1743 993 1780 esse
1014 1731 1338 1788 communia,
1367 1742 1429 1779 ex
1455 1727 1608 1778 Patre
1628 1737 1880 1791 tanquam
1905 1737 1967 1774 ex
2002 1721 2217 1788 proprio
2248 1721 2395 1786 prin-

874 1816 1033 1881 cipio,
1065 1817 1211 1867 a'leSl
1244 1815 1400 1873 Filio,
1447 1807 1534 1865 sed
1567 1827 1674 1865 non
1711 1828 1771 1864 ex
1807 1809 1942 1863 Filio
1981 1809 2123 1860 Patri
2154 1824 2167 1858 :
2203 1809 2295 1860 sed
2329 1807 2394 1859 ad

873 1903 1031 1967 huius
1070 1903 1447 1968 Speculationis
1481 1903 1829 1954 intellectum.
1879 1897 2037 1949 Pater
2086 1897 2284 1948 dicitur
2341 1897 2392 1948 in

877 1989 1151 2057 Scriptura
1192 1990 1365 2040 facere
1409 1987 1542 2039 Filio
1576 1997 1629 2038 et
1655 2001 1746 2052 per
1777 1985 1968 2036 Filium
1997 1999 2012 2046 ;
2049 1984 2172 2033 huic
2216 1998 2338 2034 vero
2368 1997 2398 2034 e

874 2092 1130 2131 converso
1146 2091 1406 2142 nusquam
1429 2077 1716 2141 Scriptura:
1736 2074 1994 2138 scriptum
2019 2079 2118 2123 est.
2141 2067 2400 2123 Similiter

874 2178 1046 2218 autem
1075 2181 1195 2219 cum
1227 2168 1296 2218 sit
1336 2164 1508 2216 Patris
1543 2173 1593 2216 et
1642 2162 1877 2229 Spiritus
1911 2161 2079 2213 sancti
2126 2175 2230 2212 una
2263 2163 2397 2213 sim-

874 2256 989 2324 ples
1011 2256 1330 2317 substantia,
1360 2255 1530 2304 virtus
1554 2259 1605 2304 et
1627 2251 1786 2310 actio,
1806 2258 1859 2301 et
1883 2263 2054 2316 neque
2077 2250 2401 2302 instrumen-

877 2354 985 2396 tum
1027 2344 1201 2396 Patris
1221 2345 1291 2394 sit
1322 2341 1553 2407 Spiritus
1579 2379 1592 2401 ,
1625 2354 1791 2407 neque
1817 2339 1902 2391 illa
1932 2354 2047 2406 quae
2081 2339 2230 2401 tlunt,
2261 2351 2400 2405 pro-v-

876 2435 1126 2499 pinquius
1159 2446 1186 2482 a
1227 2431 1427 2497 Spiritu
1448 2444 1606 2495 quam
1636 2443 1665 2480 a
1693 2428 1848 2480 Patre
1871 2427 2022 2490 ﬂant,
2075 2427 2251 2494 ipsum
2284 2426 2400 2489 qui-

877 2523 996 2574 dem
1037 2520 1289 2587 Spiritum
1332 2529 1572 2571 sauctum
1629 2517 1802 2568 facere
1862 2516 2062 2582 aliquid
2126 2515 2279 2566 Patre
2318 2513 2399 2565 vel

877 2625 969 2676 per
999 2611 1229 2663 Patrem.
1251 2623 1512 2673 nusquam
1545 2606 1834 2671 Scriptura:
1853 2605 2108 2669 scriptum
2133 2615 2235 2656 est.
2266 2605 2398 2666 Quia

878 2713 1004 2750 vero
1041 2698 1194 2749 Pater
1230 2697 1358 2747 facit
1386 2709 1471 2747 res
1511 2695 1731 2761 Spiritu,
1773 2702 1823 2745 et
1853 2709 1945 2760 per
1991 2692 2272 2760 Spiritum,
2307 2707 2399 2759 per

876 2801 1089 2838 omnem
1123 2784 1292 2837 fertur
1327 2784 1683 2850 Scripturam.
1719 2781 1919 2848 Spiritu
1952 2783 2097 2834 cnim
2130 2779 2290 2843 Deus,
2317 2795 2398 2833 se-

875 2876 1108 2926 cundum
1168 2871 1526 2931 Psalmistam,
1572 2869 1738 2922 coilos
1794 2869 2064 2931 fortiﬁcat,
2098 2877 2151 2920 et
2195 2868 2400 2920 animas

878 2973 1089 3016 nostras
1137 2963 1438 3015 confirmat.
1502 2960 1562 3012 Et
1615 2960 1899 3027 Apostolus
1953 2959 2017 3008 ad
2075 2957 2396 3009 Romanos:

873 3053 1112 3104 Charitas
1161 3051 1247 3101 Dei
1308 3050 1504 3114 diﬂ'usa
1557 3058 1626 3099 est
1691 3051 1742 3099 in
1795 3048 2032 3099 cordibus
2079 3048 2269 3096 nostris
2314 3061 2469 3130 perc

877 3139 1131 3205 Spiritum
1167 3150 1422 3196 sanctum,
1466 3138 1552 3200 qui
1598 3139 1749 3184 datus
1788 3144 1862 3184 est
1919 3134 2062 3183 nobis
2090 3133 2169 3195 ης
2200 3140 2251 3183 et
2297 3131 2394 3182 ite-

876 3243 993 3278 rum
1035 3243 1047 3275 :
1084 3225 1183 3286 Qui
1225 3223 1485 3272 suscitavit
1530 3218 1707 3268 Iesum
1755 3216 2016 3270 Christum
2063 3217 2125 3268 de
2162 3217 2395 3280 mortuis,

875 3312 1151 3377 viviﬁcabit
1193 3321 1235 3360 et
1273 3308 1510 3358 mortalia
1542 3322 1760 3372 corpora
1790 3315 1986 3366 nostra,
2025 3321 2114 3373 per
2143 3305 2397 3372 Spiritum

874 3412 1129 3462 sanctum,
1160 3400 1245 3465 qui
1269 3399 1464 3448 habitat
1494 3398 1543 3448 in
1581 3399 1724 3448 nobis
1752 3399 1815 3449 ³⁷.
1854 3396 1915 3448 Et
1949 3398 2011 3448 ad
2050 3396 2391 3448 Corinthios:

877 3488 1040 3540 Nobis
1079 3498 1251 3540 autem
1281 3486 1669 3550 revelavirbeus
1698 3502 1786 3552 per
1811 3485 2062 3551 Spiritum
2084 3502 2230 3537 suum
2251 3485 2313 3537 ⁸⁸.
2336 3484 2398 3537 Et

871 3580 938 3632 ad
962 3577 1137 3630 Titum
1170 3598 1179 3629 :
1215 3576 1315 3629 Sed
1333 3581 1611 3627 secundum
1639 3575 2072 3634 misericordiam,
2105 3576 2271 3626 salvos
2305 3590 2395 3626 nos

873 3671 995 3738 fecit
1034 3683 1121 3732 per
1148 3667 1409 3717 lavacrum
1438 3665 1838 3730 regenerationis
1867 3663 2095 3728 Spiritus
2128 3663 2295 3713 sancti
2329 3662 2393 3712 ”.

875 3759 939 3811 Et
963 3754 1025 3808 ad
1062 3757 1306 3807 Hebraeos
1331 3771 1342 3803 :
1371 3753 1702 3805 Contestante
1728 3752 1826 3803 Deo
1861 3753 2022 3817 signis
2068 3760 2114 3802 et
2145 3751 2397 3815 portentis

874 3851 921 3892 et
946 3840 1104 3892 variis
1127 3840 1418 3900 virtutibus,
1441 3848 1486 3888 et
1512 3837 1738 3904 Spiritus
1768 3842 1932 3888 sancti
1969 3837 2306 3907 divisionibus
2327 3837 2393 3887 ⁸ο.

877 3928 940 3980 Ει
980 3929 1164 3982 beatus
1195 3927 1364 3979 Lucas
1418 3928 1469 3978 in
1520 3927 1739 3979 Actibus
1772 3945 1783 3978 :
1817 3925 2033 3978 Domine
2077 3927 2165 3991 qui
2197 3925 2395 3992 Spiritu

873 4034 1050 4073 sancto
1076 4037 1163 4086 per
1198 4036 1250 4070 os
1279 4022 1440 4086 putris
1475 4019 1640 4070 nostri
1664 4019 1828 4070 David
1855 4021 1996 4084 pueri
2023 4020 2097 4070 tui
2124 4021 2304 4070 dixisti
2329 4020 2394 4074 δ’.

877 4111 939 4163 Et
964 4125 1149 4162 rursus
1183 4127 1194 4161 :
1233 4109 1498 4170 Quomodo
1550 4108 1697 4159 unxit
1742 4125 1855 4159 eum
1894 4109 2141 4159 Dominus
2195 4109 2396 4172 Spiritu

874 4209 1052 4252 sancto
1077 4209 1122 4249 et
1152 4198 1420 4248 virtute“.
1453 4196 1514 4247 Et
1542 4197 1705 4246 multa
1735 4196 1860 4246 talia
1894 4195 2131 4248 invenies
2161 4195 2212 4247 in
2246 4195 2394 4248 Scri-

874 4298 1023 4356 plura
1073 4285 1398 4353 quaerendo:
1435 4285 1590 4350 hujus
1621 4298 1747 4337 vero
1773 4299 1802 4336 e
1847 4297 2106 4337 converso
2155 4284 2391 4338 minime:

2494 569 2580 620 nia
2611 562 2805 634 ejicere
2842 585 2856 632 ;
2888 577 2940 620 et
2977 570 3264 635 Apostolus
3309 573 3372 624 ad
3403 570 3707 626 Romanos:
3744 572 3861 631 Non
3892 578 4024 627 enim

2494 673 2649 708 ausus
2680 674 2790 708 sum
2845 659 3012 709 dicere
3057 660 3250 725 aliquid
3310 676 3508 720 eorum,
3543 678 3654 727 quis
3700 679 3787 727 per
3817 680 3894 714 me
3924 680 4024 716 non

2494 748 2612 811 fecit
2635 744 2866 796 Christus
2902 747 2954 797 in
2983 747 3321 799 obedientiam
3350 752 3569 814 gentium
3591 753 3640 802 in
3669 751 3812 801 verba
3837 761 3884 802 et
3905 768 4022 814 ope-

2494 834 2720 888 ribus.in
2755 835 2934 898 uirtute
2958 835 3217 900 signorum
3252 845 3298 887 et
3347 838 3734 900 miraculorum,
3765 843 3814 890 in
3839 844 4026 892 virtute

2493 921 2713 984 Spiritus
2764 923 2930 972 sancti
2961 923 3024 974 “.
3068 922 3129 974 Et
3195 923 3257 975 ad
3283 924 3816 979 Thessalonicences:
3861 928 4021 990 Quem

2495 1010 2764 1073 interﬁciet
2802 1010 3048 1062 Dominus
3095 1010 3250 1064 Jesus
3283 1012 3478 1074 Spiritu
3532 1017 3635 1067 oris
3665 1033 3743 1067 sui
3772 1018 3836 1069 ⁸⁸.
3877 1017 3934 1068 Ει
3958 1018 4021 1069 ad

2496 1097 2742 1149 Hebraeos
2770 1115 2780 1148 :
2809 1099 3014 1161 Quanto
3039 1101 3200 1166 magis
3219 1104 3426 1168 sanguis
3444 1101 3659 1164 Christi,
3686 1107 3773 1171 qui
3800 1121 3886 1170 per
3911 1104 4026 1169 Spi-

2497 1187 2650 1236 ritum
2667 1197 2902 1238 sanctum
2921 1204 2971 1239 se
3002 1190 3170 1251 ipsum
3194 1192 3380 1240 obtulit
3408 1194 3796 1242 immaculatum
3836 1193 3934 1243 Deo
3954 1193 4019 1242 ".

2495 1273 2558 1326 Et
2592 1275 2643 1326 in
2676 1276 2898 1328 Actibus
2929 1293 2940 1327 :
2975 1275 3140 1343 Usque
3173 1277 3237 1327 ad
3267 1279 3412 1328 illum
3436 1280 3589 1340 diem,
3623 1283 3672 1331 in
3704 1297 3802 1345 quo
3835 1280 4024 1347 praci-

2494 1364 2638 1429 piens
2671 1365 2915 1430 apostolis
2947 1381 3037 1429 per
3077 1365 3330 1433 Spiritum
3379 1379 3611 1419 sanctum
3650 1384 3776 1434 quos
3824 1371 3973 1434 elegit
4006 1407 4022 1428 ,

2494 1462 2792 1518 assumptus
2824 1453 2977 1506 est".
3001 1453 3062 1504 Et
3093 1454 3255 1507 Isaias
3291 1472 3305 1507 :
3339 1455 3401 1507 Et
3432 1455 3630 1522 Spiritu
3657 1458 3911 1509 labiorum
3935 1475 4026 1510 su-

2495 1544 2640 1591 orum
2674 1542 2944 1605 interﬁciat
2977 1544 3191 1607 impium
3209 1543 3271 1593 ".
3302 1544 3484 1609 Itaque
3511 1546 3762 1612 quoniam
3793 1547 4024 1613 Spiritus

2495 1639 2714 1683 sanctus
2744 1644 2847 1681 non
2880 1640 2961 1682 est
2985 1632 3396 1683 instrumentum
3429 1631 3568 1694 Filii,
3602 1642 3658 1684 ut
3688 1647 3782 1700 per
3815 1635 3913 1687 huc
3946 1632 4026 1684 tti-

2496 1727 2645 1768 catur
2671 1717 2835 1771 Filius
2856 1719 3030 1772 facere
3050 1735 3114 1772 eo
3133 1729 3184 1772 et
3212 1733 3304 1785 per
3325 1735 3477 1783 eum;
3504 1735 3673 1788 neque
3693 1738 3880 1774 rursus
3901 1736 4022 1788 quas

2501 1811 2651 1868 liunt,
2675 1811 3024 1876 propinquius
3047 1825 3075 1862 a
3105 1809 3302 1876 Spiritu
3330 1825 3489 1876 quam
3514 1825 3542 1862 a
3566 1808 3701 1863 Filio
3726 1812 3891 1863 fiunt:
3919 1826 4026 1863 uno

2497 1898 2638 1948 enim
2671 1897 2898 1962 simplici
2928 1907 3070 1960 actu,
3097 1908 3148 1950 et
3169 1899 3476 1951 immediate
3507 1914 3535 1951 a
3567 1898 3701 1951 Filio
3738 1909 3789 1951 et
3815 1900 4026 1967 Spiritu

2499 1994 2705 2044 sancto,
2740 1984 2907 2048 magis
2945 1995 3120 2036 autem
3150 2000 3178 2036 a
3211 1996 3321 2038 tota
3360 1987 3614 2040 Trinitate
3647 1989 3826 2041 omnia
3851 1991 4024 2039 liunt:

2498 2072 2624 2138 quid
2661 2071 2773 2122 vult
2814 2073 3111 2137 Scriptura,
3146 2074 3285 2137 quod
3320 2073 3507 2125 Filium
3542 2074 3755 2140 quidem
3786 2075 3912 2126 dicit
3945 2075 4025 2126 fa-

2502 2173 2624 2212 cere
2685 2159 2885 2226 Spiritu
2921 2170 2972 2211 et
3003 2174 3096 2226 per
3127 2159 3402 2224 Spiritum,
3443 2161 3698 2229 Spiritum
3731 2179 3854 2214 vero
3893 2162 4026 2216 Filio

2498 2248 2577 2300 vel
2619 2262 2711 2314 per
2751 2247 2944 2300 Filium
2999 2249 3175 2302 facere
3213 2249 3411 2316 aliquid
3449 2265 3708 2316 nos-quam
3734 2252 3893 2302 dicit?
3931 2259 4012 2301 An

2500 2347 2706 2389 certum
2739 2346 2838 2400 est,
2893 2339 3030 2404 quod
3062 2342 3349 2391 secundum
3405 2339 3650 2404 superius
3697 2340 4024 2405 assignatam

2499 2425 2761 2478 rationem
2813 2440 3047 2478 consona
3082 2426 3182 2479 sibi
3237 2426 3523 2479 exsistente
3557 2425 3830 2492 Scriptura
3865 2439 4026 2477 causa

2499 2524 2580 2568 est
2614 2523 2672 2567 ut
2697 2515 2809 2567 huic
2836 2515 2906 2567 ita
2936 2517 3134 2582 scripta
3176 2515 3318 2568 sint?
3346 2514 3608 2578 Quoniam
3639 2529 3756 2568 esse
3787 2529 4026 2566 commu-

2500 2618 2595 2655 nes
2625 2614 2675 2654 et
2704 2605 2919 2657 easdem
2948 2606 3013 2656 ad
3046 2616 3320 2658 creaturas
3351 2604 3469 2656 Filii
3505 2613 3554 2657 et
3584 2603 3818 2671 Spiritus
3854 2604 4025 2656 sancti

2500 2694 2879 2760 operationes:
2914 2709 2976 2746 ex
3011 2694 3144 2747 Filio
3191 2703 3445 2763 tanquam
3489 2711 3549 2747 ex
3584 2694 3845 2762 principio
3878 2693 4028 2744 adest

2502 2784 2743 2853 Spiritui,
2776 2787 2912 2839 sicut
2936 2797 2987 2840 et
3006 2802 3067 2839 ex
3093 2787 3264 2848 Patre,
3290 2796 3341 2839 et
3383 2801 3486 2838 non
3525 2787 3654 2838 Filio
3683 2801 3743 2838 es
3781 2784 4016 2850 Spiritu:

2501 2885 2592 2928 aut
2619 2891 2745 2942 ergo
2772 2884 2852 2929 est
2877 2875 3109 2942 Spiritus
3142 2887 3193 2928 et
3223 2891 3287 2929 ex
3330 2875 3487 2938 Filio,
3519 2884 3608 2927 aut
3653 2873 3871 2925 minime
3918 2872 4024 2925 sei.

2500 2979 2648 3031 psam
2686 2963 2960 3030 Scriptura
3002 2963 3266 3028 sequitur.

2907 3050 3187 3114 Septimum
3212 3052 3600 3116 Argumentum.

2570 3135 2700 3188 Item
2762 3134 2927 3187 Filius
2967 3136 3163 3188 dicitur
3217 3136 3444 3188 Verbum
3493 3136 3688 3199 Patris,
3719 3144 3771 3188 et
3823 3152 3886 3189 ex
3924 3137 4028 3188 bac

2503 3223 2863 3275 nominatione
2886 3223 3231 3290 intelligimus
3256 3239 3377 3276 eum
3418 3232 3468 3276 et
3505 3233 3824 3275 comternum
3859 3222 4023 3282 Patri,

2502 3325 2630 3366 etex
2673 3328 2737 3366 eo
2764 3303 2959 3366 habere
3003 3329 3144 3365 esse.
3203 3314 3355 3367 Sicut
3412 3325 3589 3366 autem
3638 3311 4029 3365 Filiusdicitur

2502 3403 2735 3455 Verbum
2765 3401 2957 3465 Patris,
2992 3403 3063 3455 ita
3096 3403 3326 3468 Spiritus
3357 3411 3582 3469 sanctus,
3607 3403 3800 3455 dicitur
3823 3401 4024 3453 Rln-ma

2503 3492 2638 3546 Filii.
2667 3493 2751 3546 Ait
2779 3493 2918 3544 enim
2944 3492 3230 3559 Apostolus
3251 3493 3314 3545 ad
3348 3491 3595 3544 Hebrreos
3621 3491 3686 3544 de
3721 3490 3854 3542 Filio
3882 3511 3893 3542 .
3920 3488 4024 3552 Qui

2501 3597 2613 3633 cum
2636 3591 2765 3633 esset
2790 3581 3033 3646 splendor
3055 3581 3252 3647 gloritz,
3284 3590 3330 3633 et
3367 3582 3536 3649 ﬁgura
3566 3579 3871 3632 substantite
3891 3579 4024 3644 ejus,

2500 3676 2804 3733 portamque
2843 3669 3012 3719 omnia
3034 3668 3277 3720 Rhemate
3305 3669 3506 3719 virtutis
3537 3683 3644 3720 suis
3660 3667 3725 3719 ".
3755 3666 3903 3730 Quod
3932 3680 4028 3716 au-

2505 3763 2606 3806 tem
2627 3755 2678 3805 in
2706 3753 2786 3804 bis
2807 3752 3006 3805 Bbema
3031 3755 3242 3806 virtutis
3274 3753 3393 3806 Filii
3418 3759 3590 3821 ipsum
3614 3753 3867 3821 Spiritum
3899 3765 4022 3803 san-

2502 3857 2642 3896 etum
2703 3844 2962 3907 nominat,
2996 3853 3139 3909 patct
3170 3859 3231 3895 ex
3265 3827 3386 3897 aliis
3421 3821 3663 3911 partibus
3705 3843 4022 3909 Scriptura.

2501 3932 2658 3984 Certe
2687 3930 2826 3983 enim
2857 3945 2962 3998 quo
2991 3929 3158 3984 Filius
3189 3940 3378 3997 purgat
3410 3934 3638 3990 animas.
3664 3931 3808 3992 ejicit
3830 3931 4028 3983 daemo-

2501 4021 2610 4083 nia,
2642 4022 2791 4089 signa
2825 4029 2876 4075 et
2915 4032 3156 4089 portenta
3188 4021 3354 4084 facit;
3400 4021 3584 4073 eodem
3610 4030 3660 4072 et
3693 4026 3864 4084 pmtat
3904 4033 4023 4070 om-

2500 4111 2607 4162 nia.
2643 4109 2709 4162 At
2743 4124 2864 4163 vero
2896 4111 3156 4177 scriptum
3187 4121 3286 4174 est,
3339 4110 3426 4162 illa
3459 4108 3632 4162 facere
3666 4107 3864 4175 Spiritu
3895 4121 4023 4158 san-

2499 4209 2618 4253 cto:
2653 4214 2781 4266 ergo
2813 4207 2865 4251 ct
2898 4199 3099 4266 Spiritu
3147 4211 3333 4251 sancto
3366 4199 3540 4250 omnia
3588 4206 3781 4264 portat.
3815 4194 4022 4248 Dicitur

2499 4297 2671 4338 autem
2696 4285 2758 4337 in
2794 4287 3066 4353 proposito
3098 4287 3242 4339 dicto
3270 4286 3489 4339 Remste
3517 4299 3627 4339 sua
3658 4284 3874 4337 virtutis
3904 4297 4024 4350 por-

873 4374 935 4425 Et
959 4384 1038 4427 est
1067 4382 1290 4432 certum,
1322 4371 1462 4439 quod
1499 4380 1580 4424 est
1608 4372 1790 4424 eadem
1827 4386 2010 4436 causa,
2042 4381 2100 4423 ut
2131 4373 2198 4424 ita
2226 4373 2291 4425 de
2316 4373 2391 4425 eis
2425 4377 2466 4428 D
2494 4385 2605 4426 tare
2621 4375 2818 4435 omnia,
2842 4374 3069 4440 Spiritus
3097 4389 3224 4442 ergo
3251 4383 3470 4428 sanctus
3503 4383 3557 4427 et
3576 4373 3771 4426 Rbema
3801 4371 4018 4423 virtutis

875 4460 1150 4529 Scriptura
1178 4460 1590 4528 disputet,quod
1623 4475 1738 4514 esse
1768 4475 2078 4513 communes
2101 4469 2152 4513 et
2176 4461 2388 4513 easdem
2492 4459 2613 4513 Filii
2653 4462 2790 4514 idem
2822 4470 2923 4513 est.
2961 4461 3112 4515 Patet
3144 4473 3321 4517 autem
3360 4462 3410 4516 id
3442 4463 3613 4530 ipsum
3659 4474 3710 4516 et
3755 4462 3895 4513 inde.
3921 4459 4019 4512 Cui

873 4551 935 4600 ad
963 4559 1234 4601 creaturas
1267 4549 1506 4600 actiones
1536 4549 1710 4600 Patris
1741 4557 1792 4598 et
1817 4549 1986 4600 sancti
2022 4547 2278 4615 Spiritus.
2319 4549 2388 4600 Ex

873 4633 1026 4687 Patre
1057 4646 1302 4702 tanquam
1344 4651 1404 4688 ex
1442 4637 1701 4702 principio
1745 4636 1891 4688 adest
1929 4634 2147 4702 Spiritui
2182 4645 2389 4698 sancto,

873 4732 924 4772 et
953 4738 1054 4773 non
1079 4726 1215 4776 Patri
1249 4740 1308 4776 ex
1343 4724 1539 4790 Spiritu
1575 4734 1778 4774 sancto.

946 4808 1010 4861 Ut
1025 4814 1164 4861 enim
1191 4817 1288 4865 hoc
1311 4815 1682 4879 intelligamus,
1701 4813 1906 4864 Patrem
1927 4813 1998 4863 ait
2018 4812 2214 4878 Spiritu
2233 4823 2283 4864 et
2300 4827 2395 4880 per

875 4896 1127 4964 Spiritum
1162 4901 1358 4962 facere,
1382 4902 1634 4966 Spiritum
1679 4917 1804 4953 vero
1831 4917 2098 4966 nunquam
2139 4901 2212 4952 ait
2243 4901 2394 4954 Patre

871 4989 952 5040 vcl
993 5002 1083 5054 per
1107 4983 1315 5036 Patrem
1352 4989 1523 5039 facete
1571 4990 1881 5055 aliquid.At
1938 5004 2060 5040 vero
2102 4990 2390 5043 secundum

869 5078 1111 5130 eumdem
1147 5075 1388 5136 modum,
1417 5078 1555 5140 quod
1581 5076 1745 5130 Filius
1769 5078 1895 5129 facit
1923 5077 2121 5144 aliquid
2145 5092 2235 5143 per
2269 5076 2390 5145 Spi-

870 5169 1028 5218 ritum
1054 5176 1105 5218 et
1138 5164 1361 5230 Spiritu,
1391 5165 1563 5214 omnis
1580 5164 1753 5215 divina
1780 5164 2054 5225 Scriptura
2082 5164 2231 5230 plena
2263 5175 2344 5217 est
2371 5182 2382 5227 ;

869 5255 1007 5323 quod
1041 5269 1166 5306 vero
1199 5253 1428 5318 Spiritus
1469 5251 1667 5316 aliquid
1708 5252 1833 5303 facit
1875 5253 2012 5305 Filio
2057 5254 2139 5306 vel
2178 5269 2270 5321 per
2303 5252 2390 5304 Fi-

868 5345 1052 5405 liumn,
1077 5359 1296 5409 usquam
1322 5340 1606 5407 Scriptura:
1624 5339 1835 5391 dicitur.
1858 5341 1912 5392 In
1932 5341 2230 5409 Evangeliis
2249 5343 2388 5393 enim

942 5480 984 5509 ³⁸
1014 5473 1168 5529 Hebr.
1202 5494 1236 5537 ι,
1259 5479 1312 5530 2.
1365 5477 1410 5509 ³⁸
1429 5476 1582 5529 Rom.
1615 5492 1664 5535 γ,
1702 5473 1752 5527 5.
1815 5476 1852 5504 ³’
1886 5477 2174 5536 Rom.vm,
2203 5479 2286 5529 Η.

867 5562 938 5606 Iv,
969 5546 1056 5599 25.
1127 5546 1170 5575 “
1200 5549 1313 5597 Att.
1339 5562 1384 5596 Χ.
1420 5549 1505 5597 38.
1583 5546 1624 5574 ⁵⁸
1655 5546 1809 5595 Ιὶοιιι.
1835 5559 1916 5599 xv,
1957 5543 2035 5595 18.

869 5616 914 5646 ⁵⁸
947 5614 1101 5667 Hebr.
1135 5629 1170 5676 ι,
1205 5613 1256 5663 3.
1333 5610 1549 5669 "Joan.
1590 5629 1655 5678 ιι,
1682 5614 1766 5666 (55.
1843 5614 1887 5642 "
1917 5609 2069 5664 Rom.
2107 5627 2220 5673 vin,
2265 5615 2345 5665 ll.

2363 5477 2535 5514 "In.

2118 5495 2174 5536 ιι,
2203 5479 2286 5529 Η.
2363 5478 2404 5508 ³⁸
2435 5479 2453 5531 l
2479 5478 2606 5532 Cur.
2636 5494 2693 5537 ιι,
2728 5481 2812 5532 i0.
2888 5481 2931 5512 "
2961 5481 3066 5535 Tit.
3101 5497 3132 5534 ιι

2110 5545 2213 5596 “ll
2249 5543 2439 5599 Thess.
2473 5564 2530 5605 ιι,
2570 5547 2620 5600 8.
2655 5548 2699 5577 "
2727 5547 2883 5602 Hebr.
2929 5566 3002 5610 Ix,
3047 5551 3132 5603 H.

2110 5627 2220 5667 vtII.
2265 5615 2345 5665 Η.
2426 5615 2465 5648 ⁵³
2506 5615 2634 5667 ibid.
2690 5617 2773 5667 15.

2506 5631 2634 5667 ιιιιυ.
2690 5631 2773 5667 ‘IO.

2494 4550 2650 4602 trium
2683 4562 3027 4614 personarum
3064 4559 3119 4600 ut
3179 4551 3467 4618 plurimum
3494 4551 3544 4601 in
3578 4550 3854 4616 Scriptura
3878 4550 4018 4600 vivi-

2496 4640 2655 4688 ticare
2675 4637 3025 4701 attribuitur?
3055 4639 3245 4691 Sancto
3276 4639 3519 4706 Spiritui.
3560 4638 3647 4690 Ait
3668 4640 3807 4690 enim
3834 4638 4016 4688 Domi-

2495 4742 2631 4779 nus:
2678 4725 2900 4790 Spiritus
2929 4734 3002 4776 est
3037 4727 3122 4787 qui
3179 4729 3403 4794 uioiﬁcat
3431 4729 3493 4778 δ’.
3522 4725 3584 4779 Et
3638 4727 3920 4793 Apostolus
3952 4725 4018 4776 ad

2497 4811 2764 4864 Romanos
2791 4830 2804 4863 :
2842 4813 2942 4874 Qui
2972 4814 3236 4865 suscitauit
3278 4815 3459 4867 Iesum
3502 4815 3761 4868 Christum
3791 4830 3852 4865 ea:
3881 4828 4020 4862 mor-

2494 4903 2616 4963 tuis,
2651 4903 2924 4966 viviﬁcabit
2965 4911 3010 4953 et
3034 4903 3276 4952 mortalia
3334 4914 3506 4955 nostra
3547 4919 3758 4969 corpora
3786 4918 3874 4968 per
3899 4901 4018 4964 Spi-

2491 4991 2648 5040 ritum
2679 5007 2828 5040 suum
2863 4991 2952 5057 qui
2991 4991 3191 5042 habitat
3261 4994 3312 5042 in
3371 4993 3513 5043 nobis
3538 4993 3606 5043 ".
3669 4992 3860 5043 Iterum
3893 5007 3906 5042 :
3963 4988 4017 5041 Si

2488 5076 2689 5142 Spiritu
2743 5093 2897 5142 opera
2943 5078 3114 5129 carnis
3173 5078 3626 5142 mortiﬁcaveritis,

2488 5165 2618 5227 Quis
2644 5173 2820 5218 autem
2860 5165 2922 5218 de
2950 5166 3122 5218 tribus
3161 5166 3445 5233 procedere
3474 5165 3696 5217 dicitur?
3718 5164 3874 5217 Certe
3899 5164 4019 5231 Spi-

3694 5080 3874 5129 uiuetis
3937 5077 3979 5124 ’ί
4001 5114 4016 5128 .

2495 5256 2650 5309 ritus.
2681 5254 2810 5317 Quis
2847 5258 3020 5308 adhuc
3045 5257 3237 5308 dicitur
3266 5269 3384 5308 esse
3406 5269 3468 5306 os
3514 5252 3686 5307 Patris
3710 5255 3732 5305 τ
3755 5253 4011 5321 Spiritus.

2497 5346 2565 5394 At
2587 5359 2710 5396 vero
2760 5346 2870 5410 ipse
2902 5345 3156 5398 Dominus
3182 5343 3637 5413 comprehendens
3688 5344 3845 5395 simul
3880 5343 4015 5394 \ivi-

2888 5481 2931 5512 "
2961 5481 3066 5535 Tit.
3101 5497 3181 5544 ιιι,
3217 5483 3269 5535 5.
3342 5483 3388 5511 ⁸⁸
3414 5480 3572 5534 Hebr.
3605 5495 3665 5536 tl.
3693 5481 3744 5531 4.
3819 5481 3860 5509 δι
3891 5480 4004 5533 Aet.

3234 5551 3277 5581 “
3302 5551 3421 5605 Act.
3458 5565 3496 5616 ι,
3533 5550 3586 5602 2.
3660 5547 3704 5577 "
3730 5547 3831 5600 lsa.
3855 5562 3927 5607 si,
3953 5546 4010 5601 ι.
