4450 6440
406 393 525 457 ιεει

1732 400 1874 457 run
1903 380 2209 457 LA’t‘tNts

3451 392 3579 456 139.2

400 510 723 562 licauoneni,
786 508 1184 566 pinv-.‘ssioueza
1219 514 1271 555 et
1309 518 1390 563 os,
1426 503 1541 554 ait:
1588 502 1706 554 Non
1735 506 1789 555 iu
1818 508 1928 557 solo
1961 514 2001 561 Α
2034 505 2266 573 Spiritus
2296 512 2511 556 sanctus
2547 514 2598 557 et
2635 505 2810 557 Patris
2829 512 2911 555 εει
2935 514 2987 554 et
3024 503 3163 559 ltili}.
3198 502 3287 555 illo
3331 504 3581 559 videlicet

397 611 525 656 pane
547 595 674 643 vivet
698 595 870 654 Iunio,
926 592 1014 643 sed
1042 608 1094 642 nt
1113 591 1251 641 omni
1292 589 1502 642 Remate
1528 592 1829 656 procedente
1849 606 1938 656 per

400 700 455 735 os
481 684 575 735 Dei
601 686 673 734 ³⁸.
713 680 852 749 Ergo
884 697 1041 734 omne
1088 681 1252 733 Roma
1290 681 1587 747 procedens
1633 695 1727 746 per
1751 695 1812 733 os
1848 680 1936 733 θυι

403 774 450 821 in
470 788 572 838 quo
594 772 844 831 vivimus,
862 773 976 835 ipse
996 768 1229 835 Spiritus
1250 777 1473 822 sanctus
1493 776 1594 821 est.
1623 767 1940 820 Manifestis-

406 877 603 913 smur‘.
636 869 810 913 autem
858 861 958 912 hoc
1004 860 1127 911 fecit
1157 858 1447 924 Apostolus
1479 858 1545 909 ad
1578 855 1833 924 Ephesios
1859 856 1941 907 di.

406 966 524 1002 rens
547 968 561 997 τ
602 949 666 1001 Et
699 952 902 1017 galeam
938 948 1188 1011 salutaris
1222 948 1463 1014 accipite,
1499 956 1547 997 et
1567 945 1799 1012 gladium
1827 942 1943 1013 Spi-

401 1044 551 1102 ritus,
606 1041 740 1107 quod
783 1049 858 1091 est
901 1039 1061 1091 Rema
1102 1038 1197 1092 Dei
1230 1039 1297 1091 ".
1355 1036 1483 1089 Nam
1531 1050 1653 1090 cum
1685 1037 1737 1088 in
1762 1035 1942 1104 lingua

399 1130 576 1180 πτωρ..
619 1130 827 1192 gladius
873 1138 1017 1180 esset
1044 1125 1283 1179 feminini
1343 1124 1555 1192 generis
1582 1163 1597 1186 ,
1626 1135 1674 1177 ct
1712 1124 1943 1191 Spiritus

401 1221 573 1271 neutri
604 1259 616 1273 ,
646 1234 748 1268 no.1
799 1220 929 1270 dixit
964 1234 1077 1283 qua:
1097 1226 1172 1267 est
1201 1212 1357 1269 Remo
1391 1215 1507 1276 Dei,
1533 1224 1593 1267 ut
1618 1214 1946 1283 intelligatur

409 1308 602 1357 iladins
633 1327 647 1369 ;
684 1308 774 1359 sed
807 1308 1029 1374 quodest
1066 1304 1221 1357 Rema
1256 1305 1367 1367 Dei,
1393 1313 1452 1357 ut
1492 1305 1685 1358 exinde
1737 1305 1903 1358 iutelli
1926 1333 1944 1342 —

402 1410 553 1462 gntur
586 1398 854 1463 Spiritus:
894 1412 955 1448 ac
1007 1398 1049 1448 si
1082 1397 1350 1449 diceretur
1400 1394 1453 1447 in
1495 1395 1671 1463 lingua
1706 1393 1896 1448 Latina
1929 1412 1943 1446 :

406 1495 503 1543 un
537 1488 764 1551 Spiritus
799 1485 938 1538 Remi
991 1485 1082 1537 Dei
1125 1496 1222 1536 est.
1255 1482 1418 1537 Belua
1459 1498 1584 1551 ergo
1614 1485 1826 1537 virtutis
1861 1482 1948 1535 Fi-

404 1573 478 1633 lii.
507 1592 610 1642 quo
657 1578 838 1628 omnia
894 1582 1103 1642 portat,
1153 1575 1268 1643 ipse
1314 1568 1553 1642 Spiritus
1585 1583 1688 1628 est.
1730 1573 1949 1628 Etsicut

403 1666 487 1715 tllll
539 1666 705 1718 Filius
732 1665 952 1727 dicitur,
984 1663 1231 1732 splendor
1278 1664 1460 1732 gloria:
1495 1660 1687 1727 Patris,
1718 1663 1950 1731 circum-

404 1750 638 1802 locutive
665 1754 866 1803 dictum
895 1760 977 1805 est
999 1766 1095 1819 pro
1120 1766 1184 1805 eo
1205 1752 1346 1819 quod
1379 1752 1588 1806 dicatur
1612 1748 1785 1802 Patris
1816 1789 1831 1813 ,
1873 1752 1941 1803 ita

402 1850 453 1891 ct
483 1838 712 1895 Spiritus
737 1848 955 1892 sanctus
991 1840 1188 1892 dicitur
1214 1855 1332 1892 esse
1354 1839 1519 1892 Rema
1551 1839 1769 1892 virtutis
1794 1838 1937 1901 Filii,

401 1942 495 1993 pro
526 1945 583 1980 eo
625 1930 765 1997 quod
798 1930 1007 1982 dicatur
1056 1928 1215 1981 Rema
1246 1930 1384 1982 Filii.
1434 1930 1573 1997 Ergo
1602 1943 1667 1982 ex
1705 1929 1807 1983 ltac
1837 1945 1938 1982 ηο-

405 2019 683 2071 miuatinnr
763 2022 887 2085 quid
924 2020 1066 2073 aliud
1118 2030 1290 2088 potest
1348 2020 1593 2088 intelligi,
1648 2019 1752 2073 nisi
1784 2022 1932 2086 quod

406 2107 635 2175 Spiritus
665 2121 730 2159 ex
770 2107 905 2161 Filio
949 2108 1073 2161 est?
1130 2124 1385 2179 quoniam
1417 2117 1468 2163 et
1500 2123 1661 2163 omne
1682 2106 1847 2162 Bema
1877 2125 1941 2162 cx

405 2201 496 2247 illo
520 2208 623 2256 est,
660 2197 814 2263 cujus
839 2213 957 2251 esse
991 2198 1207 2252 dicitur.

472 2284 779 2339 Notandum
808 2303 933 2341 vero
958 2299 1044 2341 est
1080 2300 1133 2342 et
1165 2289 1311 2344 illud.
1347 2290 1489 2354 quod
1522 2305 1641 2343 cum
1673 2293 1828 2358 logos
1864 2292 1944 2345 di-

404 2386 554 2432 catur
587 2378 640 2430 in
696 2379 874 2445 lingua
925 2378 1133 2442 Greca,
1217 2390 1272 2432 et
1339 2379 1391 2430 iu
1424 2394 1553 2432 voce
1589 2389 1643 2433 et
1683 2380 1736 2432 in
1760 2380 1941 2443 corde,

407 2484 550 2535 rema
601 2478 806 2521 tantum
868 2470 920 2521 in
972 2483 1102 2521 voce
1154 2477 1207 2521 et
1254 2483 1381 2523 ore:
1437 2467 1673 2536 Spiritus
1729 2470 1941 2538 quidem

406 2568 622 2611 sanctus
702 2558 898 2608 dicitur
969 2554 1135 2609 Rema
1203 2572 1296 2623 per
1349 2572 1411 2611 os
1448 2556 1569 2611 -Dei
1612 2561 1942 2627 procedens.

408 2660 454 2697 et
497 2648 725 2707 Salvio:
778 2662 883 2695 ovis
947 2645 1078 2705 Dei,-
1111 2644 1278 2698 Filius
1337 2661 1472 2699 vero
1529 2647 1682 2717 logos
1728 2648 1945 2715 quidem

812 2738 1011 2788 icitur.
1099 2732 1369 2789 Eructavit
1442 2738 1623 2798 enim,
1674 2738 1785 2797 ait,
1858 2754 1947 2790 cor

407 2842 573 2877 mrum
603 2828 754 2892 iognn
789 2828 973 2875 bonum
1000 2824 1067 2887 ⁸⁸,
1119 2827 1261 2892 quod
1290 2842 1354 2879 ex
1396 2841 1622 2895 persona
1654 2826 1833 2881 Patris
1866 2829 1947 2881 di-

412 2932 551 2966 ctum
579 2933 697 2967 esse
719 2927 936 2967 sanctus
968 2915 1256 2984 Dionysius
1286 2926 1547 2970 testatur:
1574 2919 1722 2985 logos
1757 2928 1937 2994 autem

413 3009 517 3058 nrls‘
551 3009 637 3058 ilcl
668 3024 769 3060 non
805 3010 1025 3060 dicitur.
1078 3008 1147 3060 De
1180 3008 1379 3075 quibus
1434 3010 1659 3063 vocibus
1690 2994 1945 3077 tanquam

417 3097 652 3164 mysticis
691 3098 1021 3165 quibusdam
1050 3098 1203 3151 notis
1250 3098 1376 3150 illud
1402 3098 1776 3168 intelligimus,
1804 3100 1949 3168 quod

413 3186 548 3237 sicut
586 3188 763 3239 cordis
816 3188 964 3253 logos
993 3201 1073 3240 est
1098 3204 1164 3241 ex
1213 3189 1325 3241 sola
1392 3198 1568 3241 mente
1589 3227 1608 3251 ε,
1641 3203 1783 3241 rema
1820 3204 1949 3242 vero

414 3277 557 3325 vocis
590 3286 668 3327 cst
694 3289 758 3327 ex
787 3288 961 3327 mente
990 3286 1043 3328 et
1066 3276 1316 3342 logo,qui
1354 3276 1403 3327 in
1435 3279 1594 3329 corde
1615 3287 1727 3330 est:
1758 3279 1826 3330 ita
1867 3275 1955 3329 Fi-

416 3364 517 3415 lius
550 3365 763 3430 quidem
804 3379 867 3416 ex
896 3366 1012 3417 solo
1068 3361 1225 3416 Patre
1248 3372 1366 3428 est,
1414 3365 1651 3432 Spiritus
1674 3381 1803 3419 vero
1830 3382 1951 3419 san-

414 3467 536 3507 ctus
560 3452 627 3515 ex
658 3452 816 3503 Patre
833 3449 1102 3518 Filioque.

405 2741 581 2789 (ιιι-ιω
649 2740 685 2783 ιι
705 2756 731 2786 ς’

828 3578 1082 3633 Octavam
1138 3578 1531 3650 Argumentum.

486 3709 719 3781 Spiritus
740 3722 961 3766 sanctus
994 3711 1189 3766 dicitur
1224 3712 1276 3767 in
1332 3714 1610 3782 Scriptura
1641 3731 1760 3770 esse
1776 3724 1829 3770 et
1856 3716 1948 3771 Pa-

422 3808 517 3858 tris
540 3816 589 3857 ct
640 3803 782 3855 Filii.
828 3803 1076 3855 Aitenim
1112 3804 1399 3871 Apostolus
1444 3806 1510 3859 ad
1550 3804 1855 3864 Romanos:
1896 3808 1953 3864 Si

391 3898 530 3962 _q?tl8
555 3896 811 3961 Spiritum
859 3893 1055 3947 Christi
1080 3911 1182 3947 non
1204 3894 1379 3959 habet,
1408 3896 1491 3948 hic
1518 3913 1616 3949 non
1645 3905 1723 3950 est
1749 3898 1860 3965 ejus
1882 3899 1951 3962 ";

418 3998 465 4037 et
494 3988 557 4036 ad
597 3984 853 4036 Galatas:
918 3984 1061 4035 Misit
1118 3983 1255 4037 Deus
1303 3983 1557 4052 Spiritum
1599 3985 1731 4039 Filii
1758 3989 1838 4039 sui
1870 3988 1948 4043 ⁸⁸.

418 4078 485 4127 At
523 4091 668 4133 vero,
704 4091 822 4141 qua:
865 4084 991 4127 sunt
1042 4076 1348 4128 communia
1400 4077 1572 4129 Patris
1594 4087 1645 4127 et
1666 4072 1809 4139 Filii,
1846 4090 1949 4129 non

418 4163 571 4213 aliter
597 4171 723 4215 sunt
756 4162 926 4214 Patris
954 4170 1005 4213 et
1037 4161 1191 4212 aliter
1218 4158 1359 4219 Filii,
1391 4160 1481 4212 sed
1511 4162 1758 4213 similiter
1781 4170 1836 4213 et
1859 4176 1953 4214 ein

418 4252 535 4304 dem
561 4251 749 4301 modo:
780 4250 921 4315 quod
948 4249 1203 4299 Dominus
1223 4245 1454 4300 ostendit
1479 4245 1532 4299 in
1555 4247 1844 4315 aliquibus.
1864 4248 1953 4300 Ait

417 4340 555 4390 enim
585 4336 944 4405 :Quazcunque
966 4334 1286 4401 Paterfact't,
1317 4336 1491 4387 eadem
1524 4347 1570 4388 et
1598 4332 1768 4389 Filius
1809 4338 1956 4389 simi-

422 4429 535 4478 liter
562 4426 685 4491 facit
703 4426 744 4457 ⁸⁷
769 4442 784 4489 ;
812 4427 1095 4486 etiterum,
1116 4423 1259 4476 Sicut
1290 4424 1442 4476 Pater
1468 4427 1688 4476 suscitat
1725 4436 1954 4479 mortuos

418 4529 464 4564 et
488 4516 726 4577 triviﬁcat,
745 4515 883 4565 itaet
902 4512 1074 4565 Filius
1124 4528 1250 4583 quos
1302 4517 1407 4567 vult
1459 4516 1681 4584 viriﬁcai
1719 4518 1953 4570 ".Sicut

419 4619 544 4669 ergo
574 4603 746 4656 Licere
769 4614 818 4656 et
855 4606 1125 4657 viviticare
1159 4620 1448 4658 commune
1476 4608 1746 4660 essistens
1776 4602 1953 4661 Patris

419 4704 469 4743 et
494 4691 629 4745 Filii.
670 4694 918 4746 similiter
936 4706 1017 4746 est
1047 4695 1366 4748 amborum:
1402 4700 1472 4748 ita
1499 4707 1549 4748 et
1578 4700 1621 4748 si
1654 4697 1785 4765 quid
1808 4697 1951 4751 aliud

422 4796 704 4833 commune
756 4794 838 4835 est
893 4781 1069 4836 Patris
1122 4794 1175 4836 et
1235 4783 1372 4845 Filii,
1437 4786 1619 4837 eadem
1669 4788 1873 4839 ratione
1904 4799 1956 4841 et

422 4870 579 4921 modo
607 4871 832 4923 duorum
859 4880 935 4923 est
962 4912 974 4934 ,
1018 4874 1160 4923 salva
1198 4857 1438 4924 videlicet
1472 4873 1557 4925 illa
1591 4874 1958 4938 distinctione,

420 4975 523 5024 qua
602 4962 941 5028 intelligimus
1011 4962 1315 5013 communia
1385 4964 1613 5014 duorum
1669 4978 1731 5015 ex
1776 4963 1958 5021 Patre

422 5049 611 5101 adesse
650 5050 802 5111 Filio,
835 5041 951 5102 non
973 5066 1035 5100 «ιι
1065 5052 1171 5103 alio
1212 5050 1379 5102 Patri.
1409 5047 1471 5102 Et
1499 5049 1731 5117 idipsum
1789 5053 1960 5123 signi-

425 5140 549 5190 ticat
571 5139 831 5194 Dominus
869 5142 1053 5193 dicens
1096 5156 1109 5192 :
1140 5138 1285 5193 Sicut
1324 5140 1483 5192 l’ater
1514 5140 1666 5194 habet
1705 5144 1864 5196 vitam
1901 5147 1955 5201 in

422 5229 691 5289 semetipso
718 5228 783 5278 ⁸⁹.
823 5228 961 5295 Ergo
991 5228 1186 5280 habere
1215 5228 1372 5279 vitam
1412 5226 1464 5278 in
1488 5230 1775 5296 semetipso
1804 5246 1954 5285 com-

424 5328 583 5366 mune
607 5316 873 5368 exsistcns
898 5317 1144 5369 similiter
1169 5320 1449 5368 amborum
1478 5353 1493 5376 ,
1545 5304 1722 5371 tamen
1751 5335 1814 5372 ex
1845 5324 1951 5375 Pa-

423 5414 503 5454 tre
552 5407 619 5457 ab
645 5415 845 5456 aeterno
902 5404 1068 5455 Filius
1104 5407 1204 5459 ltoc
1237 5407 1412 5461 habet.
1457 5405 1798 5475 Quapropter
1823 5415 1948 5480 quia

491 5605 534 5634 ὐ
568 5606 753 5657 Maltlt.
793 5622 862 5665 tv.
893 5610 945 5658 4.
1020 5605 1065 5637 ⁸³
1095 5608 1284 5673 Epltcs.
1312 5628 1385 5672 Vt,
1454 5616 1505 5666 'l.

428 5672 509 5723 ιο.
584 5675 899 5727 "tbltl.2l.
974 5675 1018 5705 ε’
1071 5672 1200 5727 ibid.
1244 5679 1329 5731 eo.
1406 5683 1450 5713 ιο
1508 5681 1699 5751 Εριιες.
1738 5698 1807 5746 γι,
1870 5672 1950 5735 ίτζ

790 5768 1030 5828 t‘LTnOL
1091 5771 1206 5831 Gn.
1254 5772 1374 5830 CLl
1436 5775 1445 5787 “

1582 5616 1622 5648 ³⁸
1655 5615 1955 5676 PsaLxuv,
1991 5615 2043 5670 2.

2042 597 2299 649 distincto
2323 605 2553 659 tantum,
2576 590 2731 663 ’quod
2773 593 2939 648 Filius
2970 603 3071 648 hoc
3097 595 3257 647 habet
3293 596 3582 647 alimtcrno

2041 699 2105 737 ex
2147 682 2322 746 Patre,
2356 696 2411 737 ut
2435 685 2552 749 eius
2578 686 2791 738 dicatur
2818 684 3069 752 Spiritus.

2112 773 2177 824 At
2211 786 2337 829 vero
2382 773 2500 825 ideo
2543 774 2740 826 dicitur
2769 775 3004 850 Spiritus
3045 788 3290 840 sanctus,
3347 780 3583 848 Spiritus

2045 860 2235 918 Patris,
2289 861 2538 927 quoniam
2587 877 2646 913 cx
2689 877 2772 913 eo.
2831 864 2886 913 Si
2952 865 3095 916 enim
3148 867 3283 921 alius
3314 873 3584 923 exsirlens

2044 962 2202 1006 quam
2241 945 2415 1006 Pater.
2451 965 2554 1002 non
2590 960 2731 1003 esset
2760 969 2821 1004 cx
2842 968 2926 1015 co,
2960 969 3065 1007 non
3094 958 3277 1023 tutique
3312 960 3585 1011 diceretur

2044 1038 2163 1105 ejus
2198 1053 2343 1091 esse.
2395 1039 2708 1108 Signiﬁcant
2757 1053 2932 1095 autem
2982 1053 3034 1096 et
3065 1046 3163 1098 hoc
3222 1050 3583 1115 evangelistm.

2046 1129 2125 1178 Illi
2152 1129 2294 1181 enim
2347 1132 2434 1197 qui
2481 1130 2665 1182 dicunt
2711 1130 2969 1196 Spiritum
3020 1132 3213 1197 Patris,
3264 1152 3368 1187 non
3401 1140 3585 1191 dicunt

2047 1218 2306 1288 Spiritum
2358 1237 2421 1273 ex
2474 1218 2666 1289 Patre:
2699 1220 2934 1289 Joannes
2971 1240 3097 1276 vero
3123 1228 3295 1282 solus.
3332 1246 3424 1295 qui
3461 1240 3580 1297 post

2048 1324 2236 1363 omnes
2292 1310 2646 1380 Evangelium
2676 1313 2911 1380 scripsit.
2955 1316 3211 1382 Spiritum
3243 1332 3269 1369 a
3290 1318 3443 1372 Patre
3468 1335 3587 1387 pro-

2047 1385 2323 1449 cedentem
2359 1400 2563 1462 dicens,
2588 1399 2843 1468 Spiritum
2882 1402 3052 1453 Patris
3082 1404 3132 1455 in
3167 1420 3267 1457 suo
3302 1385 3587 1474 Evangelia

2050 1491 2271 1541 minimc
2304 1490 2455 1544 dicit.
2478 1492 2711 1545 Putasne
2778 1495 3097 1558 ignorabant
3149 1498 3229 1548 vel
3281 1498 3377 1555 illi,
3408 1508 3585 1551 utrum

2047 1595 2113 1634 ex
2174 1582 2329 1634 Patre
2381 1595 2459 1636 est
2489 1585 2753 1650 Spiritus:
2789 1588 2870 1639 vel
2908 1587 2993 1639 hic
3032 1599 3209 1641 utrum
3269 1592 3441 1642 l'atris
3467 1592 3591 1644 et?

2049 1669 2283 1723 Minime.
2315 1671 2415 1725 Sed
2445 1683 2651 1727 certum
2682 1684 2783 1736 est,
2812 1677 2953 1742 quod
2990 1687 3045 1728 et
3096 1679 3170 1730 illi
3206 1680 3446 1733 dicentes
3470 1695 3589 1733 esse

2052 1756 2221 1809 Patris
2248 1757 2530 1825 Spiritum,
2562 1777 2659 1828 per
2677 1763 2779 1818 ltoc
2803 1764 3110 1832 significare
3145 1768 3417 1829 volebant,
3444 1772 3591 1835 quod

2043 1860 2107 1897 ex
2138 1846 2289 1899 Patre
2313 1858 2393 1899 est
2428 1860 2520 1903 :et
2552 1851 2636 1902 hic
2676 1852 2862 1906 dicens
2897 1854 3068 1921 ipsum
3113 1872 3138 1906 ει
3180 1857 3359 1919 Patre,
3403 1874 3592 1912 eooem

2046 1938 2161 2003 ipso
2186 1946 2243 2009 et
2265 1939 2407 2005 quod
2459 1937 2633 1993 Patris
2665 1952 2748 1995 est
2782 1943 3070 2011 signiﬁcat.
3102 1946 3237 2013 Ergo
3260 1950 3303 1999 δᾴ
3343 1962 3590 2001 necessa-

2044 2028 2185 2078 rium
2216 2035 2296 2080 cst
2335 2027 2601 2096 Spiritum
2640 2042 2883 2085 sanctum
2920 2034 2989 2084 ita
3021 2050 3139 2089 esse
3172 2036 3318 2099 F—ilii,
3354 2039 3595 2091 sicutest

2043 2114 2219 2170 Patris
2247 2135 2260 2171 :
2287 2129 2368 2171 est
2395 2129 2572 2173 autem
2614 2123 2791 2176 Patris
2820 2132 3073 2193 tauquam
3108 2128 3457 2183 exsisteasex
3489 2146 3590 2195 eo;

2042 2216 2124 2259 est
2152 2223 2277 2274 ergo
2318 2220 2371 2260 et
2402 2209 2522 2262 Filii
2559 2220 2811 2279 tanquam
2864 2215 3132 2268 exsi‘stens
3162 2232 3227 2268 ex
3255 2234 3339 2270 eo.
3378 2218 3468 2271 [Isi
3496 2236 3591 2271 att-

2044 2304 2149 2347 tcm
2184 2297 2232 2348 id
2256 2297 2429 2363 ipsum
2454 2302 2824 2364 manifestum,
2850 2314 2902 2357 et
2928 2305 3045 2370 qui:
3088 2322 3189 2357 non
3224 2311 3590 2373 convertitur;

2044 2386 2226 2439 multis
2266 2388 2407 2439 enim
2464 2390 2513 2442 in
2545 2391 2817 2459 Scriptura
2864 2394 3172 2446 nominibus
3223 2394 3391 2449 Filius
3465 2417 3589 2452 cunt

2046 2479 2193 2524 esset
2221 2472 2550 2535 nominatus.
2594 2474 2644 2525 in
2703 2475 2850 2529 nullo
2875 2494 3058 2531 eorum
3100 2480 3299 2533 dicitur
3329 2498 3447 2536 esse
3476 2486 3595 2552 Spi-

2046 2561 2218 2625 ritus,
2256 2562 2409 2615 sicut
2466 2563 2580 2630 ipse
2620 2564 2852 2633 Spiritus
2889 2570 3083 2621 dicitur
3134 2586 3255 2625 esse
3308 2572 3447 2627 Filii.
3480 2575 3591 2627 Non

2046 2651 2187 2703 enim
2223 2653 2309 2705 ubi
2337 2653 2412 2706 ait
2438 2654 2725 2722 Apostolus
2771 2658 3008 2725 gladium
3039 2659 3268 2728 Spiritus
3296 2665 3361 2726 '°,
3396 2664 3591 2719 Filium

2048 2743 2296 2823 nominat
2323 2744 2581 2809 gladium,
2616 2758 2669 2799 ut
2719 2749 2936 2816 quidam
2974 2751 3297 2821 intelligunt.
3320 2744 3472 2809 Patet
3504 2774 3596 2812 au-

2048 2839 2154 2882 tem
2182 2846 2243 2883 ex
2276 2834 2660 2899 superioribus.
2693 2835 2824 2888 Cum
2873 2839 3017 2891 enim
3086 2843 3309 2895 dixisset
3340 2862 3354 2897 :
3402 2846 3596 2898 Indui-

2048 2919 2177 2969 mini
2205 2926 2253 2969 et
2286 2921 2473 2972 sumite
2515 2932 2839 2976 armaturam
2876 2926 2988 2991 Dei,
3029 2943 3088 2979 ac
3136 2946 3227 2996 per
3257 2933 3359 2985 l.oc'
3386 2936 3591 2987 Putrem

2054 3006 2457 3075 signiﬁcasset;
2513 3012 2846 3067 descendens
2879 3018 3075 3070 infert:
3139 3020 3203 3070 Et
3228 3025 3423 3085 gale.1_i:t
3451 3027 3594 3078 salu-

2060 3097 2188 3148 taris
2214 3099 2450 3162 accipite,
2486 3103 2723 3157 salutare
2750 3107 3033 3160 nominans
3054 3110 3223 3175 ipsum
3259 3114 3593 3167 incarnatum

2059 3183 2273 3239 Filium.
2310 3186 2505 3241 Videbit
2530 3194 2792 3257 enim,ait,
2813 3202 2979 3250 omnis
3010 3216 3129 3251 caro
3158 3202 3388 3254 salt-tare
3413 3206 3500 3256 Οεὶ
3528 3208 3592 3269 ⁶¹;

2057 3284 2110 3327 et
2175 3277 2312 3338 Quia
2374 3279 2609 3333 viderunt
2664 3287 2805 3337 oculi
2865 3290 2962 3341 mei
3025 3292 3258 3344 salutare
3340 3306 3481 3347 tuum
3526 3301 3593 3350 δ’.

2060 3361 2255 3415 Deinde
2286 3379 2680 3434 consequenter
2726 3355 2862 3427 dicit
2894 3392 2912 3426 :
2950 3376 3017 3428 Et
3071 3381 3303 3444 gladium
3342 3386 3593 3449 Spiritus.

2060 3462 2152 3511 per
2185 3452 2296 3503 ltrec
2330 3453 2438 3505 duo
2482 3458 2720 3514 nomina,
2761 3461 2934 3526 ipsum
2970 3464 3226 3529 Spiritum
3262 3472 3585 3537 signiﬁcans

2060 3538 2246 3593 Merito
2284 3553 2459 3596 autem
2500 3556 2827 3601 armaturam
2900 3554 3115 3618 quidem
3149 3560 3389 3611 attribuit
3431 3563 3591 3622 Patri,

2057 3629 2263 3696 galeam
2294 3646 2421 3685 vero
2445 3641 2497 3685 et
2522 3636 2756 3700 gladium
2782 3637 2918 3692 Filio
2958 3651 3009 3694 et
3038 3643 3282 3712 Spiritui.
3321 3649 3586 3714 Quoniam

2057 3722 2200 3774 enim
2234 3734 2506 3778 armatura
2529 3737 2609 3781 est
2639 3744 2806 3797 genus
2842 3735 2923 3786 vel
2973 3745 3179 3799 totum,
3217 3743 3360 3807 galea
3392 3761 3518 3798 iero
3546 3762 3600 3800 et

2061 3813 2267 3879 gladius
2296 3825 2423 3868 sunt
2479 3821 2685 3883 species
2714 3823 2794 3873 vel
2855 3834 3067 3891 partes:
3099 3839 3147 3881 ct
3186 3846 3396 3900 semper
3423 3846 3591 3890 totum

2058 3914 2301 3970 ctgenu.»
2367 3906 2617 3975 principii
2680 3914 2945 3967 rationem
3014 3920 3172 3971 habet
3231 3926 3292 3974 ad
3336 3939 3510 3990 partes
3544 3940 3599 3982 ct

2060 3995 2268 4060 species
2290 4013 2304 4058 ;
2330 4003 2413 4046 cst
2436 4005 2617 4050 autem
2646 4010 2700 4053 et
2727 4000 2887 4054 Pater
2908 4008 3228 4073 principium
3249 4012 3367 4064 Filii
3400 4027 3452 4067 ιιι
3474 4022 3595 4084 Spi-

2059 4083 2197 4134 ritus
2236 4085 2403 4135 sancti
2440 4101 2455 4139 :
2490 4086 2613 4153 jure
2671 4100 2995 4147 armaturam
3042 4100 3256 4162 quidem
3309 4083 3591 4158 Labentem

2058 4173 2309 4240 principii
2332 4175 2592 4229 rationein
2627 4181 2877 4234 attribuit
2930 4186 3392 4251 principalissimm
3422 4194 3590 4247 Panis

2060 4273 2343 4327 personte:
2375 4264 2581 4331 galeam
2622 4282 2747 4321 vero
2786 4281 2834 4323 et
2891 4274 3152 4340 gladium,
3215 4295 3441 4345 quorum
3505 4298 3591 4335 est

2058 4358 2329 4404 armatura
2359 4353 2705 4423 principium,
2726 4359 2873 4413 Filio
2897 4370 2949 4414 et
2987 4362 3229 4431 Spiritui,
3262 4383 3487 4434 quorum
3511 4385 3593 4424 est

2056 4435 2214 4491 Pater
2245 4448 2298 4492 ct
2325 4443 2671 4511 principium.
2700 4445 2813 4501 Non
2854 4453 2973 4517 quia
3006 4453 3077 4506 ibi
3108 4472 3273 4520 genus
3303 4472 3354 4510 et
3385 4465 3592 4526 Species

2058 4535 2110 4578 et
2140 4537 2307 4579 totum
2331 4538 2384 4582 et
2410 4542 2593 4598 partes
2613 4532 2741 4589 sitnt
2761 4574 2777 4598 ,
2808 4538 2898 4592 sed
2926 4542 3266 4597 solummodo
3289 4555 3587 4603 srcninluiu

2063 4619 2634 4690 rationein-principii,
2668 4634 2719 4677 et
2771 4642 2957 4680 eorum
3002 4647 3121 4696 qua:
3154 4648 3216 4686 ex
3258 4650 3321 4687 cu
3354 4650 3495 4690 sunt.
3531 4644 3594 4692 Et

2058 4707 2313 4774 quoniam
2366 4721 2526 4777 caput
2576 4716 2825 4783 principii
2851 4718 3009 4771 habet
3078 4724 3336 4776 rationem
3379 4730 3441 4780 ad
3478 4746 3593 4783 tua—

2065 4812 2192 4847 num
2219 4835 2234 4859 ,
2264 4800 2456 4865 capitis
2493 4802 2705 4867 quidem
2758 4820 2906 4858 arma
2938 4811 3183 4863 attribuit
3220 4812 3375 4877 Filio,
3402 4836 3590 4871 manus

2065 4898 2191 4935 vero
2221 4885 2442 4953 Spiritui
2470 4905 2482 4940 :
2516 4900 2573 4940 ttt
2596 4895 2791 4946 exinde
2832 4896 3190 4965 intelligamus
3226 4904 3421 4958 Filium
3450 4911 3593 4973 priu-

2058 4974 2255 5040 cipium
2289 4991 2406 5028 esse
2426 4976 2675 5044 Spiritus.
2702 4981 2804 5035 Sed
2836 4988 2976 5050 quod
3003 5003 3179 5043 sermo
3208 4998 3371 5061 coepit
3392 4998 3587 5051 dicere.

2058 5061 2188 5114 illttd
2223 5073 2326 5127 est,
2359 5067 2499 5131 quod
2538 5066 2709 5123 Filius
2763 5078 3058 5129 secundum
3113 5082 3313 5134 nullum
3363 5101 3583 5138 suorum

2007 5184 2013 5191 -
2056 5152 2342 5205 nominum
2368 5155 2563 5207 dicitur
2586 5158 2839 5226 Spiritus.
2893 5168 3032 5220 sicut
3073 5170 3181 5236 ipse
3205 5174 3434 5238 Spiritus
3460 5177 3561 5227 dici

2061 5248 2149 5292 tur
2182 5255 2301 5296 esse
2353 5243 2494 5298 Filii.
2560 5248 2697 5317 Ergo
2744 5264 2801 5305 ιιι
2846 5260 3002 5309 verba
3044 5276 3147 5310 non
3183 5272 3589 5324 convertantur,

2060 5343 2221 5383 causa
2248 5343 2351 5392 est,
2374 5336 2518 5408 quod
2545 5353 2629 5391 res
2663 5355 2769 5394 non
2797 5356 3203 5400 convertuntur.
3238 5351 3511 5426 Siquidem
3539 5374 3589 5410 in

2062 5418 2340 5488 Sci'iptura
2372 5440 2607 5481 consona
2633 5434 2789 5487 rebus
2817 5438 2973 5487 verba
3008 5418 3325 5493 redduntur:
3348 5444 3462 5496 Non
3499 5463 3594 5498 att-

2121 5621 2164 5653 ⁸³
2201 5621 2355 5676 Rom.
2393 5640 2508 5686 vttt,
2535 5626 2586 5677 9.

2693 5627 2938 5680 "'Galat.
2972 5645 3042 5695 tv,
3104 5634 3155 5686 6,

2055 5687 2092 5716 ⁰¹
2120 5688 2246 5744 Luc.
2271 5708 2344 5755 tit,
2385 5698 2433 5741 ti.

3254 5639 3296 5668 ‘”
3324 5639 3477 5695 Joan.

2512 5695 2554 5723 "
2589 5694 2716 5746 an.
2755 5711 2811 5756 tt,
2850 5700 2934 5749 ὅθ.

3167 5793 3240 5851 b2
