4450 6440
405 415 539 480 1325
1745 396 1902 454 ῬΒΟ
1943 398 2272 460 LATINIS.
2405 445 2407 447 ι
3219 435 3221 438 ⁴
3371 484 3375 487 ᾗ
3458 407 3587 472 1326

395 534 452 580 ει
480 526 618 578 dona
655 519 972 588 accipimus,
999 532 1158 587 quam
1207 532 1237 570 a
1293 507 1786 582 P.itre;mqttali&r
1805 511 1947 566 enim
1978 511 2023 573 Δ
2051 507 2352 583 dirigamur
2384 511 2451 564 ad
2505 513 2925 582 inteiiigendum,
2983 519 3124 582 quod
3176 516 3338 599 .Pater
3392 518 3591 583 princi‘

396 627 449 668 ει
473 613 717 668 similiter
741 627 774 663 a
803 611 977 665 tribus
1021 609 1263 679 personis
1314 606 1616 674 hnjusmodi
1684 604 1942 661 beneﬁcia
2034 604 2189 671 pium
2213 612 2297 658 est
2335 601 2591 688 Spiritus.
2623 602 2850 658 Necesse
2903 606 3043 658 enim
3093 616 3194 665 est,
3227 616 3282 658 ut
3312 605 3592 672 sempiter-

398 706 552 759 nobis
576 703 865 757 eveniunt:
911 715 1030 768 quae
1057 714 1221 754 causa
1257 707 1419 765 est,ut
1477 712 1597 752 cum
1639 694 1940 762 huiusmodi
2043 708 2109 747 na
2141 707 2233 761 per
2258 707 2322 746 ea
2351 706 2469 761 qua:
2498 695 2862 760 temporaiiter
2912 693 2965 746 in
2990 694 3283 763 Scripturis
3305 695 3591 758 dicuntur,

399 794 657 848 bcneticia
705 792 1036 859 aequalitera
1091 792 1248 844 Patre
1269 798 1323 842 et
1370 786 1571 855 Spiritu
1623 786 1938 855 accipimus,

399 884 554 938 Pater
585 883 800 952 quidem
820 882 1030 935 dicatur
1055 881 1182 933 dare
1199 879 1354 933 nobis
1378 875 1636 945 Spiritum
1669 868 1935 938 sanctum,

398 973 541 1026 hunc
579 985 706 1024 vero
726 986 757 1027 e
783 985 1042 1025 converso
1065 972 1286 1023 minime
1311 968 1580 1022 scribatur
1605 983 1620 1019 :
1656 979 1724 1018 an
1775 974 1939 1027 certe,

398 1063 648 1132 quoniam
684 1074 899 1128 semper
951 1061 1062 1122 ille,
1088 1061 1180 1127 qtti
1214 1059 1304 1111 dat
1337 1057 1560 1124 aliquid,
1594 1056 1646 1109 in
1677 1064 1936 1122 quantum

399 1155 507 1213 dat,
537 1151 784 1219 principii
833 1152 1097 1203 rationem
1134 1149 1292 1202 habet
1320 1144 1386 1200 ad
1441 1147 1492 1199 id
1553 1146 1700 1214 quod
1758 1145 1938 1208 datur,

399 1252 480 1295 est
514 1250 692 1293 autem
713 1248 767 1294 et
791 1239 948 1294 Pater
972 1239 1290 1307 principium
1337 1235 1568 1305 Spiritus
1594 1235 1764 1290 sancti
1792 1273 1806 1295 .
1831 1235 1938 1288 dici

399 1333 613 1400 quidem
650 1328 862 1384 Patrem
895 1331 1015 1384 dari
1041 1345 1072 1384 a
1101 1328 1306 1397 Spiritu
1332 1325 1938 1389 sancto,al:surdissime

399 1423 705 1485 diceretur;
763 1423 888 1491 quia
945 1435 1094 1474 vero.
1127 1420 1284 1474 Pater
1323 1417 1417 1472 dat
1465 1415 1765 1484 Spiritum,
1811 1429 1940 1468 con-

398 1513 780 1580 grueutissime
809 1512 1027 1572 dicitur,
1055 1520 1112 1563 ut
1139 1509 1332 1563 exinde
1363 1508 1746 1575 intelligamus,
1788 1506 1939 1562 illum

398 1600 613 1666 quidem
646 1601 900 1667 tanquam
965 1598 1327 1666 principium,
1375 1596 1518 1650 hunc
1583 1603 1760 1651 autem
1816 1596 1979 1651 tan-'

395 1703 557 1754 quam
590 1703 657 1743 es
675 1703 781 1753 eo;
809 1683 866 1741 et
888 1689 963 1742 ita
982 1687 1123 1750 dicta
1154 1687 1206 1740 in
1255 1695 1495 1753 tempere
1518 1685 1665 1740 datio
1709 1685 1940 1754 Spiritus

399 1778 594 1841 sancti,
623 1777 831 1832 reducit
853 1791 954 1831 nos
979 1778 1044 1831 ad
1089 1778 1465 1845 sempiternam
1497 1775 1616 1843 ejus
1648 1790 1714 1831 ex
1747 1776 1934 1829 eodem

399 1869 821 1931 processionem.
863 1867 933 1921 At
991 1882 1119 1921 vero
1174 1877 1229 1922 et
1264 1867 1431 1922 Filius
1477 1867 1636 1921 datin
1662 1865 1937 1935 Scriptura

402 1953 658 2022 Spiritum
691 1967 956 2010 sanctum.
989 1956 1289 2013 lnsul‘ﬂavit
1311 1958 1478 2020 enim,
1509 1967 1565 2012 et
1617 1958 1752 2013 dixit
1782 1956 1944 2024 disci-

395 2046 829 2112 ,ριιιίειΑι-οὲρίιε
886 2045 1140 2114 Spiritum
1186 2055 1425 2100 sanctum
1455 2047 1517 2100 ".
1572 2039 1716 2101 Et'in
1773 2048 1942 2116 prima

400 2136 662 2189 catholica
690 2137 926 2204 Epistola
949 2137 1025 2191 ait
1054 2137 1244 2191 beatus
1288 2135 1526 2192 Joannes
1565 2135 1634 2192 de
1681 2135 1897 2190 Christo
1925 2156 1940 2190 :

401 2225 464 2279 In
487 2228 583 2280 Itoc
613 2211 984 2297 coquoscimits,
1006 2231 1130 2298 quia
1181 2214 1353 2283 manu
1371 2231 1424 2281 its
1457 2229 1623 2292 nobis,
1651 2228 1716 2281 de
1741 2225 1942 2295 Spiritu

396 2332 546 2384 quem
573 2319 716 2370 nobis
735 2320 883 2372 dedit
906 2321 977 2389 7'.
1027 2321 1162 2384 Quia
1186 2333 1313 2372 vero
1335 2320 1568 2387 Spiritus
1611 2329 1827 2374 sanctus
1854 2320 1944 2374 dat

400 2403 618 2470 Filium,
647 2422 909 2474 nusquam
943 2408 1204 2474 scriptum
1234 2416 1335 2461 est.
1365 2407 1634 2473 Quoniam
1659 2422 1788 2476 ergo
1811 2397 1953 2460 dare.

401 2496 659 2560 Spiritum
689 2507 740 2548 et
767 2511 875 2547 non
898 2496 1012 2548 dari
1039 2498 1106 2547 ab
1133 2509 1220 2557 eo,
1274 2507 1554 2549 commune
1582 2505 1666 2551 est
1692 2496 1864 2550 Patris
1893 2508 1944 2550 et

399 2583 885 2645 Filii;commuuia
941 2597 1070 2637 vero
1115 2584 1482 2638 iudiderenter
1523 2593 1650 2638 sunt
1700 2600 1945 2640 commn-

399 2671 520 2726 nia:
554 2673 803 2727 similiter
829 2672 1014 2741 uti'que
1053 2673 1320 2728 intellecta
1358 2675 1574 2728 datione
1597 2683 1649 2728 et
1677 2676 1945 2744 acceptio-

400 2776 466 2814 ne
490 2763 544 2814 in
570 2761 706 2818 Filio
733 2774 786 2819 et
817 2763 1020 2832 Spiritu
1050 2803 1066 2827 ,
1111 2765 1251 2825 sicut
1281 2767 1333 2819 in
1387 2765 1541 2820 Patre
1589 2777 1643 2825 et
1698 2766 1898 2835 Spiritu
1927 2787 1940 2832 ;
1976 2752 1981 2755 i

400 2865 619 2904 necesse
647 2859 730 2904 est
766 2868 831 2905 ex
878 2869 942 2907 eo
975 2855 1097 2920 ipso
1137 2855 1434 2921 intelligere
1455 2868 1575 2918 nos,
1605 2861 1749 2925 quod
1774 2853 1944 2910 Filius

401 2940 663 3008 priucipiu
685 2957 717 2993 ιι
747 2953 830 2997 εει
868 2942 1122 3011 Spiritus,
1153 2953 1206 2997 et
1227 2944 1465 3015 Spiritus
1517 2946 1943 3016 intemporaliter

397 3041 480 3086 est
505 3045 567 3085 ex
592 3033 730 3102 ipso.

2041 791 2295 850 tanquam
2325 796 2419 849 per
2470 781 2718 849 quaedam
2780 783 2952 852 signa,
3016 785 3309 836 secundum
3362 784 3592 853 aliqua-n

2041 872 2452 925 similitudinem
2511 872 2899 941 signiﬁcentur.
2931 873 2998 926 At
3029 891 3154 927 vero
3174 884 3228 929 et
3269 874 3438 928 Filius
3466 877 3594 929 dici-

2038 973 2125 1017 tur
2149 964 2206 1016 in
2279 962 2556 1030 Scriptura
2626 963 2903 1018 effundere
2961 966 3243 1032 Spiritum.
3310 967 3398 1018 Ait
3451 969 3592 1021 enim

2040 1053 2330 1122 Apostolus
2363 1053 2428 1106 ad
2456 1050 2467 1056 ”
2487 1054 2700 1107 Titum:
2763 1053 3061 1108 Secundum
3089 1072 3238 1108 suam
3303 1058 3596 1110 misericor-

2038 1148 2178 1197 diam
2211 1145 2380 1198 salvos
2408 1162 2502 1200 nos
2554 1148 2698 1212 fecit,
2727 1163 2818 1213 per
2875 1147 3144 1200 lauacrum
3198 1151 3594 1216 regenerationis

2037 1246 2086 1289 et
2119 1237 2467 1289 renovationis
2523 1235 2747 1305 Spiritus
2791 1223 2978 1299 saucii,
3005 1255 3153 1305 quem
3211 1241 3394 1334 e(7'udit
3421 1242 3489 1292 ad
3504 1259 3596 1293 nos

2036 1327 2238 1394 copiose
2265 1335 2356 1393 per
2373 1325 2550 1379 Iesum
2583 1326 2847 1380 Christum
2881 1327 3206 1382 Saluatorcm
3246 1323 3496 1383 'nostrum
3527 1323 3622 1383 ἰλ

2038 1417 2250 1472 Eﬂ‘undi
2279 1420 2519 1473 enim'ait
2548 1419 2803 1485 Spiritum
2837 1435 2929 1487 per
2975 1419 3192 1481 Filium,
3251 1425 3504 1488 quoniam
3537 1423 3586 1474 id

2037 1509 2211 1577 ipsum
2238 1519 2294 1561 ut
2323 1509 2558 1564 eﬂ'undat
2595 1509 2877 1578 Spiritum,
2929 1511 3087 1564 habet
3116 1511 3280 1564 Filius
3313 1528 3378 1565 ex
3415 1518 3593 1579 Patre,

2035 1598 2178 1666 quod
2208 1599 2539 1667 signiﬁcatur
2564 1614 2629 1652 ex
2662 1600 2765 1653 alia
2823 1601 3119 1664 Scriptura.
3153 1600 3418 1668 Scriptum
3449 1605 3593 1655 enim

2036 1692 2121 1742 est
2149 1689 2203 1742 in
2255 1688 2510 1742 Actibus:
2553 1688 2909 1755 Promissione
2941 1689 3164 1755 Spiritus
3195 1693 3360 1742 sancti
3393 1702 3598 1759 accepta

1974 1811 2016 1864 Β
2042 1793 2073 1831 a
2101 1777 2281 1843 Patre,
2311 1780 2495 1845 elfudit
2543 1779 2639 1830 ltoc
2664 1781 2802 1847 quod
2842 1797 2974 1832 nunc
2995 1781 3177 1834 uidetis
3206 1791 3255 1834 et
3290 1783 3479 1834 auditis
3524 1783 3591 1838 τ’.

2047 1867 2198 1933 Quod
2231 1870 2360 1922 vero
2383 1868 2614 1937 Spiritus
2657 1871 2896 1923 effundat
2950 1868 3164 1932 Filium,
3202 1872 3454 1941 scriptum
3488 1889 3592 1926 mn

2046 1965 2149 2013 est.
2173 1958 2352 2023 Quare
2377 1967 2432 2011 et
2471 1973 2534 2012 ex
2575 1959 2676 2013 hoc
2707 1957 2897 2012 Filium
2952 1959 3272 2028 principium
3323 1975 3445 2014 esse
3473 1957 3598 2027 Spi-

2047 2048 2186 2102 ritus
2212 2047 2573 2100 concluditur.

2425 2180 2796 2235 Duodecimuut
2827 2183 3213 2249 Argumentum.

2117 2315 2366 2382 Accepta,
2395 2315 2490 2378 ait,
2519 2330 2550 2366 a
2606 2311 2766 2384 Patre
2785 2315 3123 2381 promissione
3158 2312 3380 2382 Spiritus
3403 2318 3593 2383 sancti,

2049 2406 2222 2476 eﬂudit
2248 2407 2343 2458 hoc
2385 2408 2520 2471 quod
2559 2421 2691 2456 nunc
2725 2405 2908 2456 uidetis
2932 2413 2980 2456 et
3034 2406 3245 2458 auditis.
3283 2406 3391 2458 Hoc
3416 2415 3590 2458 autem

2048 2497 2144 2559 ait,
2169 2512 2272 2550 non
2301 2496 2424 2564 quia
2457 2495 2616 2550 habet
2679 2494 2878 2562 aliquid
2911 2492 3092 2557 Pater,
3115 2496 3258 2562 quod
3291 2494 3460 2549 Filius
3488 2512 3594 2548 non

2049 2599 2261 2651 semper
2329 2586 2508 2648 habet,
2537 2594 2592 2638 et
2637 2585 2977 2652 postmodum
3020 2585 3071 2637 id
3107 2588 3278 2653 ipsum
3348 2588 3544 2652 accipit
3569 2607 3596 2637 ει

2047 2670 2225 2726 Patre.
2253 2671 2384 2724 Nam
2418 2675 2838 2739 intemporaliter
2859 2688 2979 2727 cum
3013 2684 3152 2728 esset
3176 2689 3204 2726 a
3234 2677 3389 2729 Patre
3417 2686 3600 2733 natus.

2050 2763 2156 2828 huc,
2199 2762 2318 2828 ipso
2341 2762 2482 2827 quod
2549 2763 2971 2828 intemporaliter
3002 2776 3065 2813 ex
3099 2777 3162 2814 co
3187 2771 3340 2815 natus
3395 2773 3500 2825 est,
3529 2763 3600 2817 ab

2013 2851 2016 2855 ’
2047 2858 2249 2902 mterno
2281 2849 2484 2901 habens
2504 2851 2579 2902 ex
2620 2849 2774 2902 Patre
2802 2850 2982 2902 omnia
3028 2865 3359 2919 quacunque
3400 2853 3555 2906 habet
3580 2891 3598 2911 .

2051 2938 2248 2992 dicitur
2276 2940 2518 3007 accipere
2546 2953 2573 2990 ε
2599 2939 2756 2993 Patre
2783 2957 2795 3003 ;
2839 2957 2944 3009 non
2973 2956 3092 3007 qua:
3123 2942 3271 3008 prius
3302 2957 3406 2997 non
3439 2945 3602 2997 habe-

2050 3031 2162 3094 bat,
2199 3029 2290 3083 sed
2322 3028 2648 3082 aternaliter
2709 3044 2829 3098 qua
2894 3045 3046 3083 exeo
3095 3033 3363 3087 exsistens
3419 3034 3598 3088 habet.

1905 3151 1915 3164 .
2041 3117 2220 3183 Quare
2245 3117 2382 3185 quod
2435 3117 2695 3185 scriptum
2727 3127 2828 3181 est,
2870 3119 3112 3187 accipere
3146 3122 3318 3189 ipsum
3358 3138 3389 3175 a
3417 3121 3594 3182 Patre.

811 3206 1147 3265 Undecimum
1175 3212 1565 3280 Argumentum.

471 3359 703 3414 Eﬂ’undit
731 3362 784 3413 iu
819 3362 1093 3428 Scriptura
1118 3378 1269 3417 sacra
1312 3363 1469 3418 Pater
1495 3366 1752 3434 Spiritum
1782 3381 1943 3422 sane-

400 3461 536 3506 tum.
566 3448 652 3497 Ait
682 3449 823 3499 enim
849 3467 860 3500 :
895 3445 1181 3516 Effundam
1204 3468 1238 3504 a
1265 3452 1466 3519 Spiritu
1496 3471 1606 3508 meo
1659 3471 1814 3524 super
1840 3473 1947 3510 om-

402 3551 515 3586 nem
544 3550 754 3587 carnem
785 3537 851 3590 ".
881 3536 953 3589 De
977 3554 1084 3606 quo
1112 3542 1234 3608 quis
1263 3543 1456 3612 merito
1497 3547 1781 3611 dubitabit,
1812 3563 1948 3616 quo-

402 3627 559 3679 modo
590 3625 905 3689 eﬂ'unditur,
938 3631 1079 3698 quod
1114 3647 1220 3686 non
1265 3643 1347 3688 est
1377 3637 1607 3691 humidae
1639 3650 1842 3694 natura:
1867 3640 1947 3694 vvl

399 3717 680 3772 deﬂuentis
703 3756 719 3780 ,
755 3721 836 3772 vel
865 3723 1134 3788 quomodo
1179 3725 1377 3792 patitur
1421 3728 1642 3796 aliquid,
1702 3732 1840 3799 quod
1865 3747 1949 3799 pe-

402 3807 546 3861 nitus
567 3816 646 3861 est
670 3809 1000 3876 impassibile
1025 3827 1041 3875 ;
1070 3826 1132 3867 ac
1161 3814 1203 3867 si
1231 3829 1355 3868 vera
1378 3826 1460 3870 est
1504 3818 1675 3874 Patris
1705 3829 1757 3874 et
1783 3821 1946 3888 Spiri-

402 3905 484 3950 tus
508 3898 679 3950 sancti
715 3901 980 3966 operatio,
1006 3912 1061 3956 et
1089 3914 1170 3957 est
1192 3903 1466 3962 eﬂundere
1518 3913 1759 3976 operatio
1807 3928 1952 3980 qua:-

401 3992 521 4043 dam
545 4009 557 4044 :
589 4002 643 4044 et
675 3993 789 4060 ipse
813 4009 941 4060 ergo
966 4010 1023 4049 se
1081 3996 1255 4065 ipsmn
1283 3997 1529 4052 effundit.
1554 4000 1657 4053 Sed
1681 4003 1949 4067 quomodo

399 4095 521 4133 cum
562 4095 704 4136 esset
727 4084 1161 4152 simplicissimus
1197 4087 1310 4154 ipse
1337 4087 1403 4138 ad
1455 4091 1691 4154 seipsum
1719 4088 1862 4154 facit,
1897 4096 1952 4142 et

401 4185 429 4221 a
456 4186 512 4222 se
540 4172 656 4239 ipso
683 4175 879 4234 patitur
905 4174 928 4225 ?
978 4175 1024 4227 si
1044 4190 1185 4237 vero
1219 4176 1359 4229 dicet
1422 4169 1638 4243 aliquis,
1695 4180 1835 4245 quod
1866 4179 1950 4232 ef-

401 4265 548 4317 fundi
583 4267 694 4330 ipse
726 4268 948 4329 dicitur,
977 4284 1042 4320 eo
1103 4269 1244 4335 quod
1289 4269 1407 4334 ejus
1447 4270 1615 4335 gratia
1640 4268 1948 4337 effunditur,

398 4365 455 4408 ut
479 4359 734 4417 scriptum
767 4369 848 4412 εει
881 4360 931 4411 in
958 4361 1198 4421 Actibus,
1231 4361 1370 4428 quod
1402 4360 1468 4412 Et
1492 4364 1549 4436 [in
1578 4361 1807 4427 gentibus
1827 4378 1947 4428 gra-

397 4448 472 4498 tia
509 4445 733 4512 Spiritus
756 4449 927 4498 sancti
958 4449 1126 4513 eiusa
1155 4461 1230 4500 est
1264 4451 1308 4479 "
1336 4466 1352 4513 ;
1395 4421 1497 4502 hoe
1517 4460 1691 4502 autem
1726 4461 1940 4518 propter
1970 4421 2021 4480 Β

397 4542 666 4602 copiosam
703 4544 757 4587 et
783 4536 1144 4588 abundantem
1196 4539 1463 4590 donorum
1509 4538 1935 4592 distributionem

396 4627 460 4677 ad
489 4627 686 4678 multos
715 4627 892 4677 subito
929 4635 1288 4678 transeuntem
1321 4645 1335 4680 :
1380 4628 1472 4681 sed
1505 4641 1626 4681 cum
1655 4631 1839 4684 eadem
1869 4631 1940 4684 sit

395 4718 561 4783 gratia
587 4717 760 4768 Patris
800 4725 852 4767 et
879 4713 1107 4782 Spiritus
1128 4715 1327 4777 sancti,
1383 4717 1511 4784 quid
1571 4719 1738 4785 magis
1793 4733 1940 4772 com-

398 4805 544 4858 muni
568 4807 733 4874 gratia
768 4805 959 4869 eﬂ'usa,
994 4803 1152 4858 Pater
1205 4806 1405 4857 dicitur
1437 4805 1708 4861 eilundere
1763 4810 1938 4877 Spiri-

393 4907 527 4958 tum,
561 4911 720 4965 quam
747 4895 979 4964 Spiritus
1018 4895 1272 4950 Patrem?
1303 4893 1473 4964 Hujus
1517 4907 1693 4953 autem
1732 4900 1933 4954 solutio

394 4989 576 5041 eadem
604 4991 790 5053 utique
817 4998 920 5046 cst,
952 5003 1072 5056 quae
1094 4997 1147 5042 et
1197 4987 1454 5057 priorum.
1510 4986 1769 5051 Quoniam
1789 4990 1931 5043 enim

396 5073 486 5125 ille’
517 5073 607 5140 qui
639 5072 882 5153 eﬂ'undit,
911 5074 1047 5126 adid
1085 5074 1225 5140 quod
1255 5071 1562 5131 effunditur.
1590 5075 1642 5126 in
1672 5086 1930 5142 quantum
1957 5111 1962 5114 -

396 5163 640 5227 t-iTundit,
679 5161 933 5236 principii
990 5163 1153 5217 habet
1189 5163 1494 5224 rationem;
1542 5174 1623 5216 est
1673 5175 1848 5217 aute
1879 5172 1932 5216 et

395 5254 549 5306 Pater
585 5255 903 5322 principium
938 5251 1170 5320 Spiritus
1199 5255 1424 5317 ;merito
1480 5257 1750 5307 communi
1806 5269 1930 5322 gra-

394 5361 463 5397 ua
485 5348 646 5402 eﬂusa
681 5345 833 5398 Pater
859 5344 1074 5412 quidem
1104 5345 1302 5399 dicitur
1329 5345 1599 5401 eﬂ'undere
1633 5345 1890 5413 Spiritum
1914 5361 1929 5410 ;

395 5433 628 5499 Spiritus
658 5451 783 5490 vero
805 5436 1012 5489 Patrem
1039 5453 1167 5499 non,
1199 5448 1256 5492 ιιι
1279 5453 1342 5492 ει
1388 5438 1689 5507 hujusmodi
1715 5441 1935 5493 vocibus

465 5619 507 5649 "
532 5620 686 5675 Joan.
718 5641 804 5683 ιιι.
860 5626 950 5680 22.
1063 5631 1104 5660 "
1137 5630 1154 5682 l
1184 5627 1334 5682 Joan.
1375 5645 1448 5683 tv.
1477 5631 1528 5685 6.

394 5685 617 5745 "Joau.
647 5707 758 5756 an,
798 5697 883 5772 t4.
954 5697 997 5727 "
1025 5696 1182 5753 ibid.’
1219 5701 1303 5751 15.
1377 5699 1420 5727 κ’
1446 5702 1594 5756 ibid.
1695 5747 1697 5749 .

1640 5633 1687 5666 "
1709 5635 1840 5689 Joel.
1886 5649 1944 5697 ιι,
1972 5633 2061 5686 28.

2046 3206 2400 3275 signiﬁcatum
2437 3217 2519 3261 est
2541 3207 2864 3261 aeternaliter
2890 3225 2952 3264 es
2981 3208 3139 3265 Patre
3178 3212 3353 3279 ipsum
3379 3227 3520 3276 esse,
3549 3221 3604 3264 ιι

2047 3297 2242 3348 habere
2270 3310 2600 3364 quaecunque
2639 3298 2818 3350 habet.
2851 3309 2920 3351 At
2970 3315 3097 3354 vero
3149 3303 3290 3356 sicut
3312 3302 3480 3357 Filius
3523 3304 3604 3356 di-

2047 3384 2191 3437 citur
2215 3385 2456 3448 accipere
2481 3399 2510 3436 a
2540 3384 2724 3449 Patre,
2756 3394 2809 3439 et
2860 3385 3133 3442 en‘undere
3191 3391 3467 3458 apostolis,
3525 3393 3597 3444 ita

2049 3471 2282 3540 Spiritus
2306 3482 2534 3527 sanctus
2583 3472 2782 3528 dicitur
2813 3478 3055 3545 accipere
3103 3494 3168 3534 ex
3213 3480 3370 3546 Pilio,
3425 3493 3478 3536 et
3499 3498 3598 3536 an-

2049 3565 2294 3619 nuntiare
2323 3564 2548 3619 eisdem.
2586 3565 2673 3619 Ait
2694 3566 2835 3620 enim
2879 3583 2895 3620 :
2935 3569 3007 3622 De
3026 3586 3137 3624 meo
3172 3575 3406 3642 accipiet,
3432 3587 3479 3630 et
3510 3595 3605 3629 ar;-

2050 3654 2309 3706 nuntiabit
2338 3656 2474 3709 vobis
2511 3655 2578 3708 ⁸⁸.
2631 3655 2809 3721 Quare
2838 3666 2892 3711 et
2926 3658 3027 3712 hoc
3068 3661 3310 3715 similiter
3340 3665 3603 3732 signiﬁca-

2051 3755 2162 3797 tum
2186 3743 2308 3809 erit,
2338 3745 2478 3811 quod
2512 3745 2626 3813 ipse
2668 3745 2903 3813 Spiritus
2948 3760 3169 3804 sanctus
3193 3765 3257 3804 ex
3305 3753 3605 3808 Filioazter-

2051 3833 2247 3885 naliter
2267 3841 2348 3885 est
2381 3842 2433 3884 et
2471 3829 2627 3885 habet
2676 3848 3015 3901 qutecunque
3066 3836 3260 3890 habet:
3303 3841 3518 3898 sicutet
3540 3860 3602 3897 ex

2051 3920 2224 3972 Patre.
2261 3919 2371 3974 Hoc
2404 3932 2580 3973 autem
2607 3930 2751 3987 patet
2781 3931 2836 3974 cl.
2881 3937 2974 3990 per
3003 3927 3354 3990 prmcedentia
3392 3935 3549 3985 verba
3580 3952 3595 3997 ;

2050 4009 2186 4062 dixit
2211 4009 2393 4061 enim:
2432 4007 2562 4061 Cum
2611 4013 2799 4062 uenerit
2835 4012 2922 4065 ille
2962 4011 3191 4079 Spiritus
3220 4019 3474 4084 ueritatis,
3509 4022 3602 4076 do-

2051 4100 2181 4151 cebit
2206 4115 2290 4154 uos
2346 4114 2549 4153 omnem
2583 4104 2847 4154 veritatem
2874 4104 2940 4158 ⁸¹.
2971 4105 3172 4161 Deinde
3221 4113 3472 4177 quoniam
3510 4130 3603 4181 per

2053 4192 2155 4245 hoc
2180 4193 2420 4259 quaedam
2478 4194 2766 4260 diminutio
2809 4206 2990 4263 posset
3022 4200 3194 4265 putari
3249 4202 3366 4268 ejus
3418 4200 3594 4257 Filio:

2052 4281 2314 4350 siquidem
2345 4283 2536 4335 docere
2591 4286 2863 4358 apostolqs
2913 4301 3126 4341 onmem
3155 4291 3455 4356 veritatem,
3490 4309 3597 4347 rem

2055 4374 2276 4427 tantam,
2345 4367 2462 4434 ipse
2518 4370 2733 4434 quidem
2791 4386 2896 4422 non
2957 4371 3409 4442 fecit,-Spiritum
3473 4360 3643 4432 verni

2045 4464 2288 4509 sanctum
2324 4458 2422 4507 hoc
2447 4457 2521 4508 ait
2558 4457 2821 4510 facturum
2875 4460 3007 4520 fore,
3062 4462 3222 4516 infert
3268 4481 3281 4516 :
3316 4465 3438 4518 Non
3460 4471 3597 4519 enim

2045 4553 2285 4612 (aquetur
2315 4561 2347 4595 α
2375 4548 2644 4612 semetipso
2667 4565 2686 4609 ,°
2717 4548 2807 4599 sed
2839 4565 3154 4615 quacunque
3197 4554 3392 4620 audiet,
3418 4559 3594 4624 loque-

2046 4647 2134 4688 tur
2163 4672 2177 4696 ,
2213 4643 2260 4684 et
2290 4649 2402 4702 qua:
2425 4643 2643 4691 uentura
2686 4646 2826 4698 sunt,
2877 4641 3210 4691 anuuntiabit
3257 4644 3394 4695 vobis
3422 4643 3490 4696 ".
3519 4647 3596 4698 Ac

2046 4723 2095 4774 si
2129 4722 2328 4776 dicere:
2356 4721 2541 4785 ;Qood
2574 4721 2663 4774 ille
2687 4737 2780 4776 vos
2793 4725 2958 4778 ducat
2985 4728 3050 4778 ad
3072 4740 3284 4782 omnem
3314 4733 3589 4788 veritatem

2041 4821 2097 4863 et
2122 4812 2403 4864 annuntiet
2434 4812 2589 4865 Vobis
2619 4822 2842 4865 ventura
2869 4853 2884 4876 ,
2935 4816 3104 4882 gloria
3178 4832 3291 4870 mea
3317 4830 3422 4884 est,
3456 4838 3588 4890 quo-

2034 4899 2178 4953 niam
2208 4900 2348 4954 sicut
2380 4915 2480 4969 ego
2525 4902 2846 4969 accipiensa
2893 4903 3047 4958 Patre
3091 4907 3359 4964 eﬂ'undam
3421 4913 3589 4969 vobis.

2032 4989 2104 5041 ita
2132 4989 2222 5042 ille
2245 4990 2514 5057 accipiens
2535 5005 2597 5044 ex
2624 5005 2744 5045 meo
2769 4996 3105 5049 annuntiabit
3139 4999 3306 5053 vobis.
3338 4999 3447 5052 Hoc
3486 5013 3589 5061 est,

2036 5076 2186 5130 Sicut
2214 5093 2313 5147 ego
2344 5079 2769 5148 intemporaliter
2829 5085 3094 5139 exsisteus
3121 5103 3184 5143 ex
3220 5087 3382 5140 Patre
3431 5090 3497 5140 ab
3522 5102 3589 5140 eo

2035 5169 2464 5236 intemporaliter
2492 5170 2660 5226 habeo
2681 5189 3015 5243 quacunque
3042 5169 3272 5231 u'abcoct
3299 5175 3434 5229 facio
3465 5194 3478 5228 :
3513 5178 3586 5233 ita

2038 5258 2270 5329 Spiritus
2291 5263 2368 5338 de
2397 5276 2484 5318 me
2511 5263 2932 5333 intemporaliter
2955 5268 3236 5327 assistens,
3253 5265 3319 5318 de
3345 5279 3462 5319 meo
3489 5266 3583 5322 Ita-

2039 5349 2325 5404 bet‘omnia
2351 5366 2686 5424 quaecunque
2734 5355 2890 5409 habet
2916 5355 3132 5427 etfacit.
3175 5353 3350 5418 Quare
3394 5357 3588 5411 ducena

2041 5453 2140 5494 vos
2167 5439 2224 5493 in
2251 5454 2463 5495 omnem
2493 5445 2787 5509 veritatem,
2817 5447 2884 5498 de
2916 5457 3035 5496 meo
3084 5455 3364 5511 acceptum
3393 5446 3578 5500 intem.

2168 5638 2214 5670 "
2235 5640 2354 5693 Act.
2403 5657 2456 5702 ι,
2489 5641 2553 5695 ιε
2685 5642 2729 5674 ⁷⁸
2754 5641 2851 5694 Tit.
2915 5658 2992 5707 ιιι,
3020 5645 3068 5697 5.
3177 5643 3222 5677 ’⁸
3252 5646 3365 5699 Aet.
3408 5661 3467 5710 tt,
3493 5647 3577 5701 33.
