4450 6440
747 383 761 442 l
774 384 875 449 3S7

1891 388 2284 448 BAIlLAAMI
2330 387 2425 448 DE
2466 389 2894 451 SEMINARIA

3883 393 4020 460 3323

738 501 997 571 pontiile
1043 498 1226 563 habet,
1288 497 1548 568 quoniam
1605 498 1661 553 in
1712 499 1797 555 nis
1863 503 2081 571 quidem
2154 503 2757 576 verbisAtemporalis
2786 518 2916 558 vero
2961 511 3014 557 et
3047 504 3348 574 corporalis
3408 506 3477 560 de
3525 520 3621 562 ore
3679 507 3802 578 ejus
3859 509 4023 566 ﬂatus

741 593 1050 650 ostenditur
1077 591 1339 661 Spiritum
1373 601 1625 646 sanctum
1652 607 1770 648 esse
1814 609 1878 647 ex
1905 595 2042 663 ipso.
2075 595 2334 663 Superius

742 702 868 740 vero
915 685 1132 740 dixerat
1193 699 1315 738 esse
1365 685 1516 738 illum
1572 702 1634 739 ex
1689 684 1868 750 Patre,
1897 688 1987 740 ubi
2023 687 2139 740 ait:
2177 687 2334 752 Quia

736 780 905 834 'Patre
941 778 1172 849 procedit
1244 777 1316 838 ⁸³;
1351 779 1539 833 volens
1572 780 1751 835 adhuc
1770 779 2111 835 manifestius
2150 789 2336 833 osten-

740 874 888 934 dere,
921 870 1067 939 quod
1103 884 1394 924 commune
1427 880 1512 923 est
1558 869 1735 925 Patris
1783 882 1836 925 et
1868 872 2044 940 ipsius
2075 887 2217 934 esse,
2252 871 2336 923 vi-

741 963 954 1023 delicet,
981 976 1047 1013 ex
1077 962 1347 1014 ambobus
1385 961 1648 1028 Spiritum
1680 961 1889 1014 inducit
1920 979 1935 1014 :
1967 959 2160 1014 Omnia
2191 975 2336 1028 qua:-

741 1071 941 1122 cunque
962 1055 1117 1107 habet
1151 1053 1310 1106 Pater
1341 1069 1454 1106 mea
1483 1062 1623 1106 sunt.
1680 1053 1954 1118 Ideodixi,
1980 1055 2102 1122 quia
2136 1054 2199 1106 de
2223 1069 2338 1105 meo

742 1121 961 1211 accipiet
1011 1146 1080 1211 “,
1144 1153 1202 1198 ut
1254 1121 1516 1216 superius
1580 1144 1954 1209 dixerat;sed
2021 1155 2339 1212 permutans

742 1249 954 1305 tempus
980 1238 1152 1301 verbi,
1186 1238 1258 1291 ait
1289 1254 1302 1290 :
1332 1237 1454 1307 quia
1486 1237 1547 1289 de
1582 1253 1692 1289 meo
1723 1237 1907 1304 accipit
1944 1249 2041 1291 :ut
2074 1238 2123 1290 id
2159 1238 2337 1305 ipsum

741 1331 882 1400 quod
909 1330 1109 1399 accipit
1141 1327 1375 1399 Spiritus
1401 1345 1465 1383 ex
1503 1327 1668 1393 Filio,
1703 1328 1835 1381 nihil
1868 1329 2010 1382 aliud
2047 1329 2337 1398 signiticet,

739 1439 903 1492 quam
944 1438 1066 1478 esse
1108 1407 1538 1491 intemporaliter
1577 1437 1640 1475 ex
1676 1422 1812 1489 ip'so.
1848 1420 1911 1472 Et
1961 1421 2143 1488 aspice
2193 1419 2340 1475 Scri-

741 1525 956 1584 pturam
1017 1504 1313 1582 Scriptura:
1366 1512 2090 1583 coaptando,admirandam
2149 1512 2339 1566 analo—

740 1609 902 1673 giam.
946 1606 1118 1660 Filius
1142 1607 1418 1673 accipiens
1469 1621 1498 1658 a
1534 1603 1716 1670 Patre,
1769 1603 1998 1659 ell'undit
2033 1603 2336 1672 apostolis;

745 1698 981 1767 Spiritus
1057 1696 1286 1753 sat‘tctus
1347 1695 1622 1764 accipiens
1681 1697 1747 1749 de
1831 1695 1988 1757 Filio,
2055 1695 2341 1751 annuntiat

742 1793 1048 1858 apostolis:
1135 1793 1261 1843 item
1328 1790 1564 1858 apostoli
1625 1788 1957 1854 accipientes
2033 1802 2062 1838 a
2122 1785 2331 1853 Spiritu

2439 595 2587 649 illius
2626 605 2808 651 motus
2839 606 3095 666 tanquam
3131 597 3348 667 signum
3385 614 3478 654 seu
3514 600 3686 669 ﬁgura
3736 602 4013 672 intempo-

2438 689 2595 753 ralis,
2628 697 2681 742 et
2721 689 3053 758 incorporea:
3086 699 3138 742 et
3194 691 3579 758 inseparabilis
3640 696 4016 763 processionis

2443 781 2681 850 Spiritus
2722 785 2894 836 sancti
2925 823 2940 848 ,
2973 798 3036 837 ex
3073 783 3272 838 deitate
3298 782 3441 848 Filii,
3477 795 3534 838 ut
3596 801 3690 854 per
3715 787 3815 839 hoc
3849 787 4016 841 intel-

2438 873 2669 942 ligamus
2705 873 2968 943 Spiritum
3007 875 3217 929 aPatre
3274 876 3671 944 procedentem.
3723 879 3889 932 etiam
3942 894 4012 932 ex

2437 962 2577 1018 Filio
2613 965 2865 1018 similiter
2899 967 3194 1034 procedere
3222 965 3244 1018 ‘l
3271 966 3448 1037 Hujus
3496 979 3689 1023 autem
3719 970 3839 1023 dua:
3889 981 4018 1023 sunt

2438 1056 2813 1123 probationes.
2858 1055 2994 1121 Una,
3032 1059 3175 1125 quod
3206 1060 3372 1111 etiam
3407 1068 3633 1114 sanctus
3669 1062 4014 1128 Augustinus

2440 1146 2514 1200 ita
2547 1149 2804 1216 explanat
2841 1158 2896 1202 et
2949 1150 3161 1203 reducit
3228 1151 3392 1205 istum
3456 1153 3632 1206 locum
3670 1152 3964 1220 Scriptum
4000 1175 4012 1218 ;

2440 1239 2541 1292 alia
2571 1255 2699 1293 vero
2727 1281 2741 1306 ,
2774 1243 2917 1310 quod
2952 1243 3056 1296 nisi
3086 1243 3156 1296 ita
3189 1245 3466 1312 aperiatur
3525 1245 3616 1299 ille
3682 1246 4012 1308 insnlllatus,

2437 1333 2766 1401 relinquitur
2789 1333 2996 1404 absque
3031 1336 3243 1389 ratione
3269 1336 3447 1390 lactus
3476 1353 3491 1400 ;
3522 1338 3666 1405 quod
3699 1348 3782 1392 est
3812 1340 4015 1405 impos-

2441 1422 2622 1476 sibile.
2652 1422 2906 1477 Procedit
2940 1439 3073 1494 ergo
3111 1435 3165 1478 et
3188 1442 3250 1479 ex
3293 1426 3432 1480 Filio
3463 1428 3703 1496 Spiritus
3737 1438 3961 1483 sanctus
3998 1446 4010 1480 :

2441 1517 2561 1572 ideo
2593 1517 2738 1570 enim
2775 1515 2928 1584 prius
2963 1517 3275 1585 insumavit,
3309 1519 3506 1573 deinde
3536 1521 3675 1574 dixit
3710 1539 3722 1574 :
3758 1522 4016 1589 Accipite,

2442 1609 2848 1672 utostenderet,
2879 1611 3022 1678 quod
3056 1613 3434 1680 tcmporaliter
3495 1614 3812 1669 hominibus
3880 1617 4012 1668 dare

2442 1697 2707 1766 Spiritum
2746 1709 2996 1753 sanctum
3026 1702 3190 1755 habet
3244 1703 3381 1770 ipse,
3414 1720 3479 1758 ex
3517 1720 3582 1758 eo
3609 1706 3750 1772 quod
3780 1717 4016 1759 aeterna.

2442 1789 2564 1843 liter
2590 1790 2812 1858 exipso
2849 1794 3129 1859 procedit;
3191 1795 3450 1861 quoniam
3512 1795 3657 1849 illius
3723 1805 3807 1849 est
3878 1799 4012 1850 dare

743 1894 932 1939 sancto
964 1883 1288 1937 annnntiant
1315 1883 1535 1936 mundo.
1573 1881 1833 1934 Ait‘enim
1861 1880 1967 1933 alia
2010 1879 2316 1946 Scriptura:
2367 1865 2405 1918 Β
2442 1884 2641 1952 ipsum,
2677 1883 2770 1952 qui
2803 1883 3026 1952 quidem
3055 1893 3140 1940 est
3188 1886 3523 1954 principium
3578 1889 3697 1956 ejus
3756 1889 4016 1943 substan-

748 1977 1027 2044 Arcipietis
1060 1962 1299 2028 virtulem
1365 1990 1428 2027 ea:
1477 1972 1585 2026 alto
1638 1971 2045 2040 supervenientis
2108 1968 2336 2036 Spiritus

744 2073 913 2122 sancti
952 2083 1106 2134 super
1136 2083 1245 2132 vos,
1282 2077 1329 2119 et
1380 2066 1525 2118 eritis
1566 2065 1692 2116 mihi
1740 2072 1889 2116 testes
1929 2065 1981 2115 in
2011 2061 2334 2124 Jerusalem,

749 2172 798 2216 et
859 2163 1106 2215 universa
1168 2158 1362 2214 Juda’a
1394 2167 1441 2212 et
1495 2156 1764 2219 Samaria,
1797 2167 1844 2209 et
1909 2172 2071 2225 usque
2117 2163 2184 2207 ad
2237 2164 2338 2207 ter-

748 2257 917 2308 minos
952 2266 1102 2307 terrw
1141 2252 1206 2306 ⁸⁸.
1237 2252 1288 2306 Id
1324 2267 1472 2314 vero,
1497 2251 1639 2320 quod
1677 2250 1880 2303 dictum
1933 2257 2037 2311 est,
2100 2247 2178 2298 De
2225 2262 2337 2300 meo

742 2349 981 2416 accipiet,
1009 2360 1105 2414 pro
1132 2360 1194 2398 eo
1224 2345 1428 2398 dictum
1459 2351 1564 2405 est,
1622 2343 1767 2412 quod
1834 2341 1980 2394 dicat
2004 2340 2067 2393 de
2119 2355 2219 2399 ine,
2255 2340 2337 2392 vel

744 2463 809 2499 ea:
843 2459 919 2495 me
953 2459 968 2495 :
1003 2450 1062 2494 ut
1089 2435 1182 2508 pe'r
1217 2440 1318 2491 hoc
1368 2437 1698 2505 intelligatur
1756 2436 1872 2504 ipsa
1928 2434 2049 2487 Filii
2084 2447 2333 2503 persona,

742 2546 903 2605 prout
933 2541 1211 2593 testantur
1250 2529 1659 2597 Evangeliornm
1717 2528 2082 2596 expositores,
2115 2535 2338 2580 sanctus

741 2626 982 2680 Joannes
1011 2625 1434 2694 ClII‘JSOS‘ltllllllS
1480 2630 1533 2673 et
1585 2620 1780 2673 beatus
1829 2619 2085 2686 Cyrillus.

1053 2755 1286 2809 Tertium
1340 2755 1602 2806 decimum
1628 2752 2032 2822 Argumentum.

821 2897 908 2948 Ait
937 2892 1175 2946 Joannes
1233 2892 1285 2944 in
1323 2888 1643 2960 Apocalypsi
1673 2902 1686 2940 :
1729 2884 1792 2937 Et
1824 2883 2050 2938 ostendit
2082 2884 2211 2936 mihi
2233 2884 2337 2952 ﬂu-

745 2992 882 3042 uium
917 3001 1066 3054 aqua:
1092 2985 1220 3036 viva:
1244 2981 1448 3034 clarum
1498 2991 1752 3046 tanquam
1809 2975 2114 3045 crystallum
2161 2993 2339 3044 proce-

745 3082 947 3134 dcntcm
980 3077 1042 3129 de
1072 3076 1190 3129 sede
1219 3074 1311 3125 Dei
1337 3085 1385 3126 et
1436 3073 1570 3142 Agni
1600 3071 1667 3125 ⁸⁸.
1697 3069 1751 3124 ln
1784 3072 1866 3124 his
1924 3069 2146 3123 ﬂuvium
2183 3085 2337 3138 aqua:

747 3172 881 3222 vivae
916 3168 1180 3234 Spiritum
1215 3175 1464 3218 sanctum
1508 3173 1592 3216 est
1632 3161 1921 3224 nominari,
1953 3175 2146 3228 agnum
2208 3174 2337 3212 vero

747 3260 946 3314 Filium
985 3256 1075 3308 Dei
1109 3273 1120 3316 ;
1161 3253 1416 3322 quoniam
1452 3265 1580 3303 vero
1632 3249 1871 3318 procedit
1927 3246 2159 3314 Spiritus
2208 3261 2337 3298 san-

749 3361 870 3404 ctus
907 3361 958 3403 et
983 3364 1044 3402 ex
1081 3346 1251 3408 Filio,
1290 3361 1394 3396 non
1433 3343 1481 3394 in
1517 3353 1780 3411 quantum
1821 3342 1982 3393 homo
2018 3349 2096 3393 est
2142 3338 2334 3400 Filius,

749 3443 843 3498 scd
884 3444 934 3494 in
968 3449 1230 3508 quantum
1282 3437 1425 3490 Deus
1480 3444 1581 3496 est,
1616 3446 1669 3487 et
1695 3434 1938 3501 ejusdem
1978 3432 2120 3486 sedis
2149 3430 2289 3484 Patri
2320 3449 2332 3483 :

751 3535 872 3587 ideo
893 3531 1266 3600 aitprocedere
1299 3527 1516 3580 ﬂuvium
1553 3528 1616 3579 de
1636 3527 1762 3579 sede
1794 3525 1886 3578 Dei
1921 3534 1972 3578 et
1994 3525 2152 3593 Agni,
2189 3523 2333 3592 quod

749 3637 831 3680 est
864 3626 928 3677 de
962 3633 1152 3676 natura
1199 3621 1305 3680 illa,
1329 3635 1435 3688 qua
1467 3627 1551 3672 est
1591 3619 1776 3686 Agnus
1804 3617 2137 3686 synthronus
2169 3615 2332 3680 Patri,

751 3727 808 3771 ut
865 3732 958 3786 per
1007 3717 1108 3768 hoc
1159 3713 1513 3781 signiﬁcetur,
1576 3711 1785 3780 Agnum
1813 3719 2088 3765 auctorem
2136 3724 2257 3764 esse
2281 3708 2331 3762 in

759 3818 1023 3877 quantum
1059 3805 1172 3873 ipse
1199 3803 1384 3870 Agnus
1439 3803 1582 3855 Deus
1611 3811 1713 3854 est.

1060 3915 1324 3993 Dedimum
1356 3948 1603 4008 quartum
1626 3939 2023 4006 Argumentum.

823 4080 949 4134 Item
978 4081 1053 4132 ait
1075 4076 1314 4140 Joannes
1339 4074 1392 4127 in
1436 4073 1730 4143 Evangelio
1754 4073 1819 4125 de
1841 4072 2063 4124 Christo
2098 4088 2109 4122 :
2144 4069 2329 4138 Insuf-

753 4181 899 4244 [tam
925 4184 968 4225 et
988 4172 1124 4244 dixit
1151 4170 1424 4238 discipulis
1448 4184 1466 4222 :
1495 4168 1733 4235 Accipite
1768 4164 2029 4234 Spiritum
2059 4175 2325 4218 sanctum.

753 4240 858 4318 Sed
895 4240 1352 4332 quomo‘dadatur
1388 4259 1469 4313 vel
1505 4258 1774 4325 accipitur
1807 4255 2044 4332 Spiritus
2077 4267 2324 4320 sanctus,

750 4358 985 4425 vela-ejus
1007 4353 1259 4408 dona?et
1294 4351 1422 4420 quid
1457 4361 1541 4405 est
1564 4365 1689 4402 eum
1716 4349 1834 4401 dari
1863 4359 1915 4402 et
1936 4349 2109 4417 accipi
2132 4349 2154 4400 ?
2179 4359 2231 4401 et
2262 4349 2325 4400 ad

756 4449 947 4532 quales
978 4446 1087 4500 Deo
1144 4447 1401 4498 decentes
1434 4441 1820 4529 intelligentias
1853 4439 1947 4507 per
2008 4439 2322 4508 hujusntodi

755 4531 917 4597 voces
939 4549 1150 4610 oportet
1191 4554 1288 4592 nos
1349 4536 1557 4598 reduci,
1611 4535 1866 4601 superius
1907 4542 2154 4610 apertum
2219 4543 2320 4587 est.
2360 4531 2402 4584 D

753 4635 908 4688 Nunc
945 4608 1124 4688 autem
1155 4629 1484 4685 insuﬂlatum
1517 4636 1726 4680 tantum
1760 4608 2180 4679 exaniinandiitn
2231 4626 2320 4679 sit.

753 4729 972 4783 Certum
1001 4736 1083 4779 est
1111 4725 1279 4785 enim,
1306 4722 1450 4790 quod
1495 4721 1682 4773 dicens
1727 4690 1984 4771 DOniinns
2023 4736 2036 4770 :
2095 4719 2324 4781 Accipite

754 4821 1011 4886 Spiritum
1040 4826 1310 4874 sanctum,
1344 4813 1621 4880 nonjubet
1649 4810 1909 4878 apostolis
1960 4811 2204 4878 accipere
2260 4812 2322 4862 il-

754 4917 1216 4979 lnmcorporenm
1243 4917 1296 4960 et
1336 4907 1571 4957 humane
1624 4901 1688 4954 de
1760 4901 2003 4969 pretioso
2061 4916 2154 4954 ore
2203 4901 2323 4968 ejus

755 5006 1114 5075 pl‘Othlllllt'lll
1148 4998 1438 5067 Spiritum,
1471 5005 1528 5047 ut
1554 4995 1700 5046 illum
1723 4994 2083 5046 absorbentes
2115 4993 2326 5061 possint

761 5095 1058 5149 dimittere.
1095 5100 1145 5141 et
1179 5101 1360 5140 tenere
1390 5093 1630 5155 peceata.
1661 5081 1803 5150 Er‘go
1820 5082 1862 5134 si
1896 5083 2014 5136 sine
2047 5081 2326 5134 insumen—

757 5192 809 5244 di
840 5183 985 5245 arlu,
1020 5184 1180 5236 dit‘tis
1212 5178 1554 5248 soltnnmodo
1599 5176 1820 5243 reliquis
1845 5177 2049 5237 verbis,
2084 5176 2325 5229 eamdem

758 5279 986 5347 apostoli
1066 5251 1367 5338 reciperent
1425 5269 1700 5338 gratiam:
1758 5266 1890 5334 quid
1957 5267 2170 5320 volebat
2224 5266 2327 5320 sibi

756 5366 1072 5424 insulIl-are?
1114 5361 1299 5439 anilla
1336 5357 1552 5426 quidem
1590 5369 1888 5424 corporeus
1918 5359 2140 5424 spiritus
2179 5373 2331 5410 sum-

757 5473 880 5526 ptus
914 5455 1123 5510 exsdlit
1150 5462 1410 5519 tapquain
1444 5448 1659 5517 signum
1686 5447 2155 5515 Spiritusvsancli,
2189 5451 2329 5504 sicut

759 5553 907 5619 prius
962 5545 1259 5605 columba,
1323 5541 1533 5592 llontini
1617 5554 1742 5592 vero
1799 5555 2000 5608 corpus
2067 5552 2322 5609 tanquam

758 5641 1064 5710 symbolum
1102 5633 1343 5695 deitatis,
1381 5631 1462 5684 cui
1499 5631 1858 5698 personaliter
1889 5634 2100 5685 unitum
2156 5645 2272 5686 erat
2305 5637 2326 5686 ?

830 5819 1057 5871 “Joan.
1109 5832 1194 5875 XV,
1262 5813 1353 5870 9.6,
1432 5813 1646 5867 aNlo-an.
1689 5827 1794 5876 κη,
1831 5811 1908 5864 l3.

1987 5814 2031 5841 ⁸⁸³
2078 5816 2173 5866 ΑΗ
2235 5832 2266 5879 t,
2302 5815 2349 5875 7,
2385 5818 2434 5870 8.

2439 1975 2548 2029 tite.

2755 2068 3025 2122 Decimum
3047 2071 3287 2139 quintum
3318 2073 3728 2143 Argumentum.

2510 2181 2742 2251 Oportet
2773 2194 2953 2238 autem
2983 2195 3109 2254 post
3141 2187 3257 2241 haec
3287 2203 3608 2256 comparare
3665 2189 3790 2245 huic
3846 2189 4007 2244 iactae

2439 2289 2534 2342 per
2557 2290 2657 2329 nos
2686 2276 3168 2341 demonstrationi,
3227 2279 3293 2334 de
3364 2281 3717 2350 processione
3767 2282 4008 2352 Spiritus

2441 2366 2642 2430 sancti,
2678 2375 2730 2419 et
2765 2383 2827 2419 ex
2852 2367 3312 2433 Filio,sermones
3349 2386 3536 2425 eorum
3567 2376 3660 2442 qui
3696 2375 4008 2442 oppositum

2440 2458 2729 2512 ostendere
2763 2461 3031 2527 nituntur,
3067 2473 3119 2516 et
3176 2462 3360 2518 videre
3422 2475 3687 2534 quantum
3757 2469 4008 2522 interest.

2441 2547 2517 2603 Illi
2553 2552 2694 2603 enim
2735 2561 2828 2605 aut
2852 2555 3202 2610 contumeliis
3233 2566 3284 2610 et
3317 2557 3681 2626 blaSphemiis
3711 2575 3811 2614 nos
3874 2577 4004 2630 per-

2440 2642 2729 2703 cutientes,
2762 2655 2815 2697 et
2846 2646 2939 2697 tali
2975 2647 3157 2714 specie
3233 2664 3550 2704 sermonum
3607 2661 3842 2714 utentes.
3914 2665 4012 2707 aut

2440 2745 2803 2802 supponentcs
2843 2737 3001 2791 verba
3032 2748 3242 2803 nostra,
3274 2741 3354 2794 vel
3403 2744 3766 2809 quorumdam
3834 2746 4013 2800 dicto-

2442 2833 2560 2877 rum
2583 2828 2975 2892 expositiones,
3011 2829 3092 2883 vel
3161 2841 3644 2898 argumenta,non
3706 2835 3849 2889 sicut
3911 2853 4014 2890 nos

2441 2920 3123 2990 intelligimusetdicitrus
3185 2931 3240 2976 et
3305 2925 3672 2993 exponimus.
3724 2929 3816 2982 sed
3869 2932 4015 2983 sicut

2441 3009 2542 3078 ipsi
2574 3011 2754 3073 dicere
2786 3027 2884 3065 nos
2940 3023 2994 3066 et
3036 3013 3339 3083 intelligere
3405 3027 3632 3084 putant:
3697 3029 3789 3073 ant
3845 3024 4009 3074 etiam

2441 3103 2704 3172 ﬁngentes
2732 3106 2830 3174 ipsi
2877 3115 3063 3160 nostra
3103 3109 3285 3172 verba,
3351 3122 3512 3178 prout
3577 3115 3658 3167 eis
3723 3114 3877 3168 facile
3941 3117 4015 3169 sit

2367 3201 2409 3258 ο
2442 3197 2743 3262 destruere,
2779 3198 2847 3249 ita
2885 3198 3148 3252 adversus
3184 3215 3283 3253 nos
3311 3204 3771 3255 sermocinamur.

2517 3287 2793 3340 Dietorunt
2827 3299 3008 3341 autem
3036 3305 3205 3343 sacrae
3239 3289 3560 3359 Scripturr,
3586 3309 3679 3361 per
3713 3311 3832 3361 qua:
3867 3295 4002 3348 nihil

2440 3381 2856 3433 commiscentes
2878 3380 2958 3433 eis
2989 3382 3120 3434 nihil
3157 3382 3444 3436 forinsecae
3469 3385 3712 3438 scientia:
3784 3399 4009 3452 possent

2440 3471 2748 3531 ostendere,
2784 3486 2848 3524 ex
2892 3470 3006 3523 solo
3049 3469 3206 3525 Patre
3230 3487 3350 3526 esse
3410 3473 3673 3542 Spiritum
3733 3488 4009 3540 sanctum,

2441 3565 2640 3617 nullam
2674 3573 3088 3630 coiiseqnuntur
3145 3566 3481 3620 facultatem.
3524 3567 3633 3621 Nos
3701 3579 3880 3622 autem
3954 3572 4009 3623 in

2438 3656 2687 3723 exposito
2765 3656 2866 3708 hoc
2920 3670 3173 3710 sermone
3237 3657 3564 3711 contumelia
3633 3659 3782 3712 omni
3842 3660 4011 3713 absti-

2438 3759 2648 3828 nentes,
2677 3757 2727 3800 et
2769 3748 2898 3799 nihil
2935 3748 3273 3802 calumniose
3301 3758 3700 3818 supponentes,
3736 3768 3832 3820 per
3889 3755 4004 3820 ipsa

2437 3856 2590 3893 sacra
2657 3840 2869 3908 eloquia
2933 3840 3064 3891 nihil
3124 3856 3275 3894 vana:
3341 3842 3578 3896 scientia:
3639 3854 4004 3907 assumentes,

2435 3931 2796 3991 ostendimus,
2833 3931 2977 3998 quod
3011 3945 3073 3983 ex
3101 3929 3236 3983 Filio
3267 3933 3514 3999 procedit
3575 3933 3816 4001 Spiritus
3881 3952 4010 3990 san-

2437 4037 2580 4074 cius.
2607 4021 2786 4086 Quare
2811 4024 2853 4074 si
2882 4022 3002 4088 quis
3029 4037 3133 4074 non
3158 4023 3402 4077 sullicerc
3424 4034 3577 4092 putat
3598 4026 3732 4080 hanc
3765 4037 4006 4082 nostrain

2433 4114 2974 4178 demonstrationem,
3037 4115 3128 4166 sed
3195 4116 3374 4168 adhuc
3425 4115 3642 4170 dubitat
3670 4128 3722 4171 et
3787 4130 4010 4172 veretur

2433 4203 2772 4256 cunclnsioni
2807 4204 3099 4258 assentiri:
3131 4206 3298 4258 multo
3335 4207 3510 4276 magis
3542 4209 3667 4261 talis
3693 4209 3852 4262 debet
3907 4209 4012 4263 du-

2434 4297 2604 4349 bitare
2640 4307 2690 4349 et
2724 4296 2915 4349 timere
2951 4296 3210 4365 recipere.
3249 4297 3394 4365 quod
3419 4314 3482 4353 ex
3511 4299 3628 4353 solo
3666 4303 3819 4355 Patre
3870 4302 3994 4371 Spi-

2436 4389 2570 4439 ritus
2595 4395 2697 4449 est,
2726 4403 2847 4440 cum
2884 4389 3045 4456 hnjns
3079 4389 3223 4441 nulla
3268 4390 3393 4443 talis
3421 4392 3599 4458 possit
3624 4407 3744 4446 esse
3774 4394 4006 4449 demon-

2433 4479 2641 4531 stratio.
2672 4477 2803 4530 Nam
2825 4480 3102 4531 timentem
3131 4479 3417 4532 admittere
3451 4481 3525 4543 id,
3557 4483 3701 4550 quod
3737 4500 3830 4550 per
3863 4485 4008 4537 mul-

2436 4578 2483 4621 ta
2514 4570 2843 4630 ostenditur,
2880 4569 3142 4621 audacter
3175 4569 3466 4635 affirmare,
3495 4574 3638 4639 quod
3670 4587 3762 4641 per
3795 4575 4003 4626 nullum

2434 4659 2637 4711 dictum
2665 4675 2835 4711 sacrte
2865 4658 3160 4725 Scriptura:
3186 4670 3449 4726 apparet,
3488 4665 3668 4730 passio
3697 4676 3778 4716 est
3801 4667 4009 4719 ratione

2436 4751 2650 4822 pepitus
2681 4764 2892 4803 carens.

2755 4881 3022 4934 Decimum
3057 4897 3259 4935 textum
3291 4885 3691 4952 Argumentum.

2491 4980 2641 5060 «Quia
2675 5011 2822 5059 vero,
2849 5000 2991 5050 sicut
3028 5007 3202 5066 potest
3237 5000 3446 5068 aliquid
3476 5002 3688 5054 ostendi
3718 5017 3809 5070 per
3867 5002 4008 5055 divi-

2439 5103 2560 5139 nam
2586 5087 2925 5156 Scripturam
2952 5105 3141 5143 eorum
3170 5108 3290 5158 qua:
3320 5093 3501 5147 verbis
3524 5093 3656 5161 ipsis
3677 5110 3784 5147 non
3814 5096 4007 5148 dicun-

2436 5189 2546 5240 tur,
2574 5195 2668 5247 per
2697 5197 2916 5234 sensum
2949 5197 3078 5235 vero
3114 5184 3484 5238 diversimode
3541 5168 3814 5240 dictorum
3876 5203 4005 5240 con-

2437 5270 2755 5333 cluduntur,
2791 5280 2843 5326 et
2870 5287 3106 5340 praesens
3134 5275 3362 5343 qurestio
3394 5276 3532 5330 bene
3582 5287 3634 5329 et
3677 5278 3994 5332 sullicii-ntei

2434 5372 2650 5428 ostensa
2682 5374 2787 5421 est.
2823 5366 2948 5418 inde
2979 5366 3329 5420 manifestum
3363 5367 3636 5436 :Spiritus
3669 5381 3888 5423 sanctus
3923 5371 4007 5423 in-

2434 5465 2647 5509 creatus
2687 5467 2737 5509 et
2763 5459 3250 5513 consubstantialis
3275 5459 3423 5512 Patri
3449 5470 3501 5514 et
3537 5460 3677 5514 Filio
3703 5477 3825 5515 esse
3884 5479 4005 5515 crc-

2431 5548 2593 5610 ditur,
2619 5551 2718 5601 hoc
2748 5565 2855 5601 non
2883 5544 3204 5619 verliis'ipsis
3223 5553 3404 5605 divina
3436 5552 3716 5621 Scriptura
3754 5555 3968 5609 dicente
3993 5597 4006 5616 .

2431 5642 2521 5695 sed
2549 5658 2640 5708 per
2670 5645 2832 5694 tnu‘la
2862 5644 2963 5696 alia
2988 5645 3272 5712 diligenter
3292 5661 3408 5699 eam
3434 5648 3734 5715 legentibus
3758 5649 3805 5701 id
3833 5649 4007 5721 ipsum

2515 5820 2557 5847 “
2590 5823 2751 5881 .iimc.
2788 5838 2916 5875 ml.
2969 5823 3010 5872 Ι.
