4450 6440
414 393 552 460 1329

1755 398 1900 456 PRO
1936 397 2258 457 LATINIS.

3511 399 3655 463 1330

404 507 768 580 significante.
802 510 869 562 At
899 523 1024 562 vero
1062 511 1103 562 si
1143 511 1264 577 quis
1321 510 1551 564 voluerit
1590 513 1694 564 illis
1742 512 1966 564 demou-
2001 517 2042 570 Α
2075 523 2255 579 plura,
2289 527 2333 565 ει
2363 527 2484 581 quis
2515 527 2622 564 non
2653 513 2802 567 dicat
2835 529 3054 566 causam
3092 528 3212 568 esse
3238 552 3252 576 ,
3283 519 3426 581 quod
3481 513 3655 572 Filius

405 601 785 664 strationibus,
817 616 913 669 per
974 616 1109 669 quas
1178 602 1489 654 ostenditur
1538 605 1603 656 dc
1663 601 1966 670 Scriptura,

407 695 707 748 inc-reatum
745 703 798 746 et
825 695 1344 748 consubstantialem
1390 695 1534 748 l'atti
1575 707 1624 747 et
1655 693 1791 746 Filio
1849 710 1970 748 esse

409 783 670 851 Spiritum
705 798 976 846 sanctum,
999 800 1318 850 comparare
1349 788 1468 847 has,
1509 800 1602 852 per
1630 801 1763 852 quas
1789 796 1971 838 osten-

409 875 592 945 dimus
652 873 914 942 Spiritum
979 890 1043 928 ex
1096 876 1255 928 Patre
1305 873 1553 944 Filioque
1622 875 1967 942 procedere:

408 966 644 1020 inveniet
674 967 728 1019 in
771 952 1058 1020 nullo'illis
1088 965 1390 1028 inferiores,
1413 966 1503 1019 sed
1536 965 1646 1018 fere
1673 966 1926 1019 fortiores
1958 982 1970 1018 :

409 1057 592 1111 divina
614 1055 894 1126 Scriptura
932 1058 1190 1126 majorem
1237 1056 1544 1109 facultatem
1567 1055 1631 1108 ad
1666 1060 1784 1115 has,
1811 1069 1972 1122 quam

411 1153 475 1203 ad
514 1149 651 1212 il-las,
689 1152 993 1217 preebente,
1025 1157 1081 1201 ut
1107 1147 1521 1202 demonstrabo.

482 1239 734 1295 Omnium
765 1242 1033 1294 dictorum
1087 1239 1285 1292 divinae
1323 1238 1642 1305 Scripturze,
1701 1249 1794 1304 per
1856 1248 1977 1302 qua:

414 1335 599 1389 Patres
628 1333 924 1388 ostendunt
957 1335 1258 1385 increatum
1320 1332 1484 1384 Deum
1527 1344 1647 1382 esse
1705 1327 1973 1396 Spiritum

414 1439 684 1490 sanctum,
719 1426 959 1480 haeretici
995 1425 1414 1479 adinveuiehant
1460 1422 1624 1476 aliam
1682 1419 1976 1486 expositio-

418 1536 561 1582 nem,
597 1521 719 1573 licet
753 1535 858 1572 non
897 1535 1116 1583 veram;
1154 1518 1247 1572 sed
1303 1517 1374 1569 ita
1430 1513 1864 1584 persuasibilem,
1924 1520 1978 1564 et

417 1624 618 1668 tantam
676 1614 1046 1681 apparentiam
1102 1614 1413 1675 habentem,
1473 1619 1530 1662 ut
1584 1623 1679 1662 eos
1716 1606 1808 1674 qui
1872 1621 1979 1658 non

417 1706 899 1775 perscrutabantur
924 1704 1263 1773 Scripturas,
1299 1716 1473 1771 neque
1517 1700 1585 1753 ab
1621 1700 1741 1767 ipso
1769 1698 1976 1766 Spiritu

414 1798 763 1866 iuvabantur,
800 1797 935 1849 Satis
964 1795 1259 1862 decipiant,
1328 1791 1681 1859 blasphemiae
1745 1804 1982 1842 consen-

419 1889 540 1941 tire.
577 1887 682 1940 Sed
717 1888 908 1939 horum
947 1901 1040 1951 per
1079 1900 1197 1952 qua:
1220 1899 1318 1937 nos
1343 1881 1680 1937 ostendimus
1718 1880 1980 1947 Spiritum

418 1987 668 2032 sanctum
701 1985 754 2030 et
780 1993 843 2029 ex
870 1974 1009 2029 Filio
1036 1991 1176 2040 esse,
1218 1975 1366 2027 nulla
1401 1974 1508 2027 alia
1541 1972 1816 2039 expositio
1887 1985 1983 2039 po-

419 2081 523 2124 test
557 2070 787 2123 inveniri
832 2071 901 2122 ita
939 2071 1193 2137 Opposita
1227 2068 1490 2121 adversus
1513 2074 1779 2125 nostram,
1806 2071 1863 2116 ut
1890 2062 1982 2115 illa

419 2163 643 2224 credita,
683 2162 795 2215 haec
828 2160 1141 2214 necessario
1170 2159 1517 2214 excludatur.
1551 2156 1724 2210 Habet
1753 2155 1894 2208 enim
1916 2169 1986 2208 .se

423 2267 507 2305 res
536 2253 654 2304 ita:
693 2253 748 2304 iu
810 2252 1010 2319 quibus
1069 2251 1250 2303 divina
1306 2249 1589 2316 Scriptura
1619 2247 1684 2301 de
1741 2247 1878 2300 Filio
1931 2254 1986 2299 et

423 2343 625 2410 Spiritu
658 2343 914 2410 disputat,
976 2358 1093 2410 qua:
1148 2343 1286 2395 inter
1353 2342 1507 2407 ipsos
1561 2347 1690 2393 sunt
1738 2339 1984 2402 tradens,

423 2439 607 2488 decem
638 2440 879 2502 quaedam
908 2435 1061 2502 ponit
1121 2450 1227 2485 non
1258 2433 1650 2495 convertentia,
1693 2440 1749 2484 ut
1802 2443 1986 2484 osten-

425 2541 545 2577 sum
583 2535 697 2588 est;
732 2540 852 2593 quae
879 2541 969 2591 per
1001 2525 1103 2577 hoc
1134 2524 1264 2576 nihil
1295 2523 1441 2577 aliud
1477 2523 1982 2590 signiﬁcant,qu;tm

427 2616 620 2670 Filium
655 2618 977 2685 principium
1009 2632 1126 2670 esse
1152 2617 1404 2683 Spiritus.
1431 2615 1628 2684 Utpote
1663 2617 1817 2685 (nihil
1843 2616 1984 2670 enim

430 2709 680 2778 prohibet
714 2724 776 2762 ea
813 2709 1319 2778 resumendojuxta
1345 2709 1577 2762 invicem
1614 2709 1831 2777 ponere)
1865 2727 1878 2762 :

498 2798 770 2867 Scriptum
797 2811 899 2862 est,
934 2802 1072 2868 quod
1106 2801 1274 2854 Filius
1325 2801 1608 2855 brachium
1649 2811 1730 2854 est
1765 2799 1880 2860 Dei,
1933 2806 1987 2852 et

428 2892 663 2960 Spiritus
696 2893 899 2959 digitus
947 2903 1028 2947 est
1081 2893 1194 2946 Dei.
1251 2891 1499 2962 Cumque
1563 2893 1741 2946 omnis
1785 2891 1986 2959 digitus

427 2981 733 3048 dependeat
763 2983 829 3037 de
857 2981 1106 3050 brachio,
1150 2983 1310 3052 hujus
1337 2998 1366 3038 e
1398 2997 1659 3039 converso
1721 2983 1982 3049 scriptum

428 3088 534 3126 non
559 3082 664 3126 est.

2080 605 2406 673 principium
2434 619 2516 658 est
2557 605 2813 673 Spiritus,
2849 608 3050 659 nullam
3099 606 3259 658 aliam
3294 622 3514 660 causam
3571 609 3655 662 in-

2078 696 2255 749 veniet
2294 715 2304 749 :
2337 712 2589 764 quaerens
2645 707 2846 750 etcum
2895 700 2980 751 his
3041 699 3452 766 processionem
3506 698 3654 753 ﬂuvii

2075 801 2228 853 aqua:
2260 785 2410 848 vitae,
2453 786 2517 837 de
2543 786 2670 839 sede
2706 786 2794 837 Dei
2832 798 2879 839 rt
2913 790 3046 854 Agui
3075 805 3087 849 ;
3122 797 3172 840 et
3221 796 3340 855 post
3403 803 3650 843 resurre—

2077 879 2314 930 ctionem
2350 877 2693 941 insnﬂlatus;
2728 878 2860 929 ninil
2923 879 3067 930 aliud
3112 879 3426 947 significare
3478 882 3655 947 possi—

2077 970 2181 1023 bile
2200 980 2301 1033 est,
2339 986 2498 1038 quam
2534 970 2792 1036 Spiritum
2821 987 2880 1021 ex
2910 970 3044 1024 Filio
3071 986 3190 1024 esse

2149 1060 2280 1113 Item
2302 1062 2640 1127 contemplor
2669 1063 2832 1114 ctiazn
2864 1062 3019 1122 illud,
3049 1063 3196 1129 quod
3233 1063 3324 1130 qui
3351 1063 3478 1114 olim
3514 1076 3651 1113 con—

2079 1163 2161 1206 tra
2198 1162 2526 1220 pugnatores
2561 1152 2799 1220 Spiritus
2870 1155 3181 1219 certabant,
3236 1169 3344 1206 non
3403 1162 3653 1222 poterant

2080 1250 2344 1304 reducere
2369 1264 2425 1302 se
2452 1249 2517 1302 ad
2549 1251 2791 1305 seniores
2824 1249 3114 1315 doctores;
3145 1249 3237 1317 qui
3283 1250 3656 1303 communiter

2084 1357 2177 1410 per
2205 1341 2393 1395 ambas
2424 1349 2602 1409 partes
2638 1357 2736 1408 pro
2769 1344 2974 1396 sanctis
3010 1344 3368 1405 haberentur,
3395 1354 3452 1396 et
3486 1343 3654 1396 Deum

2083 1435 2385 1487 increatum
2417 1449 2536 1486 esse
2575 1433 2840 1500 Spiritum
2873 1443 3123 1487 sanctum
3158 1434 3210 1485 in
3249 1435 3367 1486 suis
3426 1435 3653 1501 scriptis

2084 1534 2268 1595 aperte
2304 1525 2602 1586 traderent,
2637 1533 2694 1578 ut
2729 1526 2942 1579 illorum
2991 1526 3308 1579 testimoitio
3369 1528 3658 1580 haereticos

2083 1616 2410 1684 compellant
2457 1632 2485 1668 a
2547 1616 2880 1682 blasphemia
2946 1617 3247 1670 discedere.
3304 1617 3408 1669 Nos
3473 1628 3655 1670 autem

2085 1723 2230 1761 nunc
2258 1708 2523 1761 habemus
2561 1717 2813 1759 sanctum
2848 1705 3244 1773 Augustinum,
3282 1708 3494 1760 beatum
3553 1707 3658 1775 Cy-

2088 1800 2289 1862 rillum,
2333 1809 2583 1850 sanctum
2612 1797 2967 1850 Athanasium
2993 1806 3048 1850 et
3078 1799 3259 1865 plures
3291 1798 3430 1850 alios
3469 1816 3481 1850 :
3554 1800 3648 1866 qui

2086 1899 2138 1941 et
2169 1888 2360 1957 primis
2399 1890 2698 1941 honoribus
2720 1889 2788 1941 ab
2822 1889 2905 1940 his
2939 1890 3031 1955 qui
3059 1890 3216 1940 nobis
3246 1888 3658 1949 contradicunt,

2087 1979 2384 2041 ducuntur,
2417 1977 2750 2046 etSpiritum
2809 1987 3057 2032 sanctum
3119 1987 3170 2030 et
3214 1993 3278 2030 ex
3333 1976 3468 2030 Filio
3537 1991 3658 2030 esse

2089 2080 2273 2140 aperte
2306 2077 2594 2124 testantur.
2627 2068 2807 2134 Quare
2839 2070 3022 2121 multis
3049 2048 3412 2121 rnollismoltis
3442 2067 3658 2120 facilius

2088 2169 2171 2214 est
2201 2159 2512 2220 ostendere,
2546 2158 2691 2227 quod
2731 2175 2793 2211 ex
2833 2158 2968 2210 Filio
3011 2157 3247 2224 Spiritus
3309 2167 3424 2218 est,
3491 2169 3654 2221 quam

2089 2251 2330 2317 antiquis
2372 2250 2625 2303 Patribus
2652 2249 2968 2311 ostendere,
3007 2249 3149 2316 quod
3201 2247 3342 2300 Deus
3379 2248 3657 2299 incrcat-us

2091 2341 2327 2408 Spiritus
2348 2351 2451 2393 est.

2159 2433 2344 2487 Potest
2369 2442 2547 2486 autem
2579 2433 2628 2485 id
2662 2433 2838 2501 ipsum
2906 2430 3120 2484 ostendi
3147 2439 3198 2484 ct
3233 2432 3377 2484 inde.
3434 2430 3652 2481 Certum

2089 2536 2171 2580 est
2199 2528 2364 2590 enim,
2411 2527 2555 2595 quod
2621 2541 2836 2593 semper
2894 2525 3186 2578 incertiora
3221 2535 3267 2575 et
3330 2522 3653 2575 obscuriora

2088 2619 2504 2686 quaerendorum
2534 2632 2626 2686 per
2649 2617 2880 2668 certiora
2941 2624 2990 2668 et
3058 2615 3287 2669 clariora
3350 2626 3473 2665 nata
3530 2625 3660 2666 sunt

2090 2709 2322 2762 ostendi.
2354 2709 2550 2761 Beatus
2583 2724 2706 2761 vero
2730 2708 2963 2776 Cyrillns
2988 2707 3040 2760 in
3077 2708 3358 2759 Tltesauris
3393 2708 3656 2759 adversus

2091 2799 2371 2852 haereticos
2403 2798 2752 2865 disputando,
2778 2798 2928 2865 prius
2969 2814 3066 2866 per
3098 2796 3436 2864 Scripturam
3470 2804 3658 2848 osten-

2089 2892 2166 2943 dit
2199 2902 2250 2944 et
2274 2891 2568 2954 concludit,
2596 2899 2648 2943 et
2680 2906 2742 2944 ex
2778 2887 2918 2943 Filio
2955 2906 3074 2944 esse
3103 2887 3363 2956 Spiritum
3385 2900 3654 2966 sanctum.

2091 2982 2293 3036 Deinde
2337 2998 2428 3050 per
2469 2982 2571 3034 hoc
2614 2984 2885 3036 concludit
2921 2982 3442 3035 consubstantialmn
3481 2982 3657 3048 ipsum

2088 3088 2208 3128 esse
2244 3074 2391 3127 Patri
2429 3085 2480 3126 et
2510 3073 2667 3127 Filio.
2693 3074 2870 3137 Quare
2901 3075 2951 3125 in
2984 3074 3095 3138 ipsa
3154 3073 3335 3126 divina
3369 3072 3656 3141 Scriptura

499 3165 652 3226 Item,
677 3167 942 3235 scriptum
971 3177 1075 3230 est,
1104 3169 1245 3238 quod
1312 3167 1554 3237 Spiritus
1620 3175 1842 3221 sanctus
1902 3176 1984 3220 est
2015 3173 2052 3227 α
2090 3165 2191 3219 hoc
2241 3175 2322 3219 est
2352 3167 2592 3233 apertius
2618 3174 2672 3218 et
2711 3166 2912 3218 clarius
2943 3165 3057 3217 illo.

428 3256 539 3310 Oris
568 3255 686 3309 Filii
719 3268 772 3310 et
808 3258 971 3310 liema
1005 3260 1140 3328 ejus.
1178 3259 1280 3313 Sed
1318 3259 1504 3322 Filius,
1550 3259 1672 3326 quia
1707 3257 1879 3325 Logos
1910 3265 1990 3309 est

427 3344 624 3410 Patris,
654 3349 915 3416 scriptum
957 3359 1075 3402 est:
1116 3350 1241 3417 quia
1305 3365 1431 3404 vero
1496 3349 1666 3404 Rema
1724 3349 1987 3416 Spiritus,

429 3438 510 3492 vel
540 3440 649 3492 oris
688 3437 946 3507 Spiritus,
982 3456 1250 3509 nusquam
1291 3443 1554 3508 scriptum
1599 3449 1702 3494 est.

499 3529 627 3583 Item
653 3531 852 3583 dicitur
881 3531 932 3584 in
963 3531 1244 3600 Scriptura
1303 3531 1539 3599 Spiritus
1590 3542 1814 3585 sanctus
1870 3547 1990 3586 esse

433 3622 553 3676 Filii
580 3635 626 3676 et
665 3625 841 3692 imago
880 3625 997 3693 ejus
1024 3640 1038 3688 ;
1063 3622 1528 3692 sed'Ftliusquia.
1556 3625 1732 3678 Patris
1790 3633 1892 3689 est,
1939 3634 1992 3679 et

432 3718 609 3784 imago
638 3718 754 3784 ejus
785 3718 1049 3784 scriptum
1079 3726 1160 3770 est
1195 3733 1208 3769 :
1241 3717 1389 3785 quod
1421 3731 1550 3770 vero
1599 3716 1835 3785 Spiritus
1905 3718 1990 3771 vel

433 3809 749 3876 simpliciter
773 3808 854 3861 vel
885 3808 1085 3876 imago,
1119 3808 1342 3862 minime
1373 3809 1637 3876 scriptum
1675 3817 1780 3862 est.

500 3901 628 3955 Item
664 3901 716 3954 in
752 3899 1033 3964 Scriptura
1077 3899 1241 3954 mittit
1271 3907 1325 3954 et
1348 3901 1458 3965 dat,
1491 3909 1544 3953 et
1572 3899 1797 3953 effundit
1819 3897 1991 3953 Filius

434 3994 729 4061 Spiritum:
762 3994 898 4046 mitti
935 4008 1064 4047 vero
1095 3996 1177 4047 vel
1230 3996 1344 4048 dari
1383 3993 1465 4047 vel
1496 3993 1700 4047 effundi
1733 3994 1988 4062 aSpiritu

432 4102 539 4140 non
581 4086 966 4140 diciturFilius
989 4127 1003 4149 ,
1037 4102 1349 4156 quanquam
1381 4086 1435 4140 in
1472 4085 1752 4156 Scriptura
1791 4091 1991 4142 missus

429 4187 483 4231 et
513 4179 670 4231 datus
700 4192 728 4229 a
753 4176 911 4229 Patre
942 4175 1175 4228 dicatur.

500 4266 625 4319 Item
651 4266 851 4334 Spiritu
875 4276 927 4319 et
950 4282 1041 4333 per
1069 4265 1328 4334 Spiritum
1361 4268 1538 4321 facere
1571 4267 1743 4321 Filius
1785 4268 1991 4322 dicitur

432 4357 536 4410 Deo
592 4357 837 4410 decentia
896 4371 1080 4424 opera.
1143 4355 1277 4411 Filio
1331 4373 1460 4411 vero
1525 4369 1580 4412 et
1630 4374 1722 4425 per
1775 4357 1990 4425 Filium,

429 4449 553 4514 quia
585 4447 740 4502 Pater
769 4448 917 4511 facit,
949 4448 1216 4517 scriptum
1243 4459 1362 4504 est:
1388 4449 1513 4518 quia
1556 4465 1682 4503 vero
1725 4451 1985 4519 Spiritus,

430 4541 672 4594 minime.

499 4631 628 4684 Item
657 4632 857 4698 accipit
887 4632 937 4684 in
1006 4632 1287 4702 Scriptura
1339 4631 1583 4700 Spiritus
1638 4640 1860 4685 sanctus
1922 4633 1986 4685 de

429 4722 584 4777 Filio.
617 4723 717 4776 Sed
757 4721 923 4777 Filius
943 4739 1005 4778 ex
1037 4724 1198 4778 Patre
1219 4725 1435 4793 quidem
1457 4725 1704 4792 accipere
1737 4723 1936 4777 dicitur
1970 4740 1982 4776 :

427 4829 492 4867 ex
523 4813 726 4881 Spiritu
765 4829 892 4867 vero
928 4831 1032 4869 non
1067 4816 1346 4871 scribitur.

495 4903 636 4973 Ergo
663 4915 717 4958 ut
744 4907 855 4960 haec
883 4922 986 4961 non
1018 4911 1390 4963 convertentia
1422 4909 1707 4962 videantur
1765 4907 1817 4961 in
1840 4906 1986 4962 Scri—

2160 3258 2377 3312 Certum
2411 3267 2588 3311 autem
2617 3259 2667 3310 id
2705 3259 2876 3326 ipsum
2905 3268 2982 3312 est
3028 3266 3083 3311 et
3111 3274 3204 3325 per
3233 3259 3497 3326 opposita.
3523 3258 3654 3311 Nam

2092 3357 2143 3402 et
2169 3350 2506 3403 ostensiones
2538 3363 2726 3401 eorum
2748 3350 2838 3416 qui
2904 3359 3173 3403 conantur
3241 3350 3531 3402 ostendere
3587 3364 3657 3403 ex

2094 3442 2210 3495 solo
2243 3441 2401 3494 Patre
2428 3456 2548 3495 esse
2587 3442 2874 3509 Spiritum,
2933 3442 3104 3494 multo
3147 3450 3275 3494 sunt
3328 3441 3656 3494 inﬁrmiores

2094 3537 2198 3590 illis
2223 3537 2421 3603 quibus
2451 3545 2778 3604 pugnatores
2815 3535 3050 3603 Spiritus
3085 3535 3394 3588 utebantur.

2104 3653 2108 3659 α
2166 3628 2242 3681 llli
2268 3628 2537 3681 enimnon
2572 3643 2739 3694 pauca
2774 3628 2934 3679 verba
2971 3628 3324 3680 habebautde
3346 3625 3653 3693 Scriptura,

2092 3735 2212 3788 qua:
2259 3736 2364 3773 non
2416 3720 2595 3773 debite
2656 3721 2787 3772 lecta
2855 3730 2907 3772 et
2958 3719 3269 3781 intellecta,
3331 3719 3652 3772 videbantur

2093 3811 2444 3882 blasphemia:
2500 3827 2687 3865 eorum
2750 3811 3034 3880 suffragari
3075 3813 3278 3864 :sicuti
3325 3813 3438 3875 illa,
3506 3814 3648 3881 quod

2092 3902 2329 3972 Spiritus
2368 3912 2589 3957 sanctus
2626 3903 2875 3966 mittitur,
2926 3904 3106 3965 datttr,
3159 3901 3475 3966 eil‘unditur,
3523 3913 3577 3956 et
3623 3919 3650 3956 a

2094 3997 2272 4062 seipso
2307 4011 2410 4047 non
2442 3994 2715 4060 loquitur;
2748 3995 2838 4045 sed
2879 4008 3216 4061 quzecunque
3251 3994 3420 4056 audit,
3454 4003 3508 4046 et
3558 3995 3651 4046 de-

2095 4087 2315 4150 siderat,
2343 4096 2394 4139 et
2431 4101 2524 4153 pro
2565 4087 2767 4138 sanctis
2831 4085 3290 4140 inenarrabilibus
3359 4085 3650 4152 gemitibus

2095 4178 2416 4245 interpellat,
2453 4186 2505 4229 et
2526 4177 2649 4229 talia
2675 4192 2794 4244 qua:
2824 4193 2931 4231 non
2960 4177 3139 4231 debite
3161 4178 3494 4242 examinata,
3535 4192 3652 4230 ser-

2094 4269 2216 4322 vilis
2247 4269 2500 4322 videntur
2532 4283 2650 4322 esse
2676 4279 2902 4322 naturze.
2948 4269 3009 4322 lli
3037 4280 3245 4334 autem,
3285 4271 3376 4336 qui
3417 4284 3482 4322 ex
3536 4271 3651 4322 solo

2095 4358 2252 4413 Patre
2293 4359 2578 4423 afﬁrmant,
2607 4359 2809 4411 nullum
2841 4360 3058 4427 penitus
3090 4358 3157 4412 de
3196 4358 3474 4426 Scriptura
3523 4359 3654 4412 sub-

2097 4451 2291 4502 sidium
2329 4448 2526 4502 habent
2559 4465 2571 4500 :
2601 4463 2707 4501 non
2756 4449 3070 4511 dictionem,
3107 4465 3212 4502 non
3261 4450 3487 4511 dictum,
3542 4465 3649 4503 non

2023 4519 2065 4572 ι)
2096 4539 2399 4609 symbolum
2434 4553 2524 4591 seu
2558 4538 2804 4606 ﬁguram,
2841 4555 2945 4591 non
2981 4538 3150 4603 aliud,
3208 4555 3302 4607 per
3344 4540 3514 4608 quod,
3568 4540 3652 4594 vel

2096 4646 2189 4698 per
2241 4646 2359 4699 qua:
2389 4646 2574 4683 eorum
2600 4631 2782 4697 opinio
2822 4643 2966 4685 stare
2989 4645 3190 4700 posset.
3227 4633 3406 4696 Quare
3441 4633 3648 4686 nullum

2092 4725 2311 4778 dubium
2342 4737 2444 4788 est,
2480 4726 2621 4791 quod
2643 4734 2826 4779 nostra
2861 4725 3129 4778 sententia
3193 4725 3325 4779 bene
3356 4740 3449 4794 per
3504 4724 3653 4778 Scri-

2093 4823 2302 4881 pturam
2327 4814 2754 4877 demonstratur,
2783 4822 2835 4864 et
2857 4813 2934 4869 hi.
2970 4813 3062 4881 qui
3125 4829 3185 4866 ea
3234 4828 3340 4867 non
3401 4814 3650 4874 credunt,

2096 4907 2332 4960 haeretici
2363 4914 2557 4958 suntet
2582 4921 2609 4958 a
2644 4904 2906 4958 catholica
2938 4905 3037 4958 [ide
3070 4906 3251 4957 alieni.
