4450 6440
427 412 563 475 2333

1623 417 1909 478 ORATIO
1953 422 2101 484 PRO
2143 421 2454 483 UNIONE.

3478 423 3611 488 l33£

416 524 836 578 destructionem
863 530 1044 578 autem
1069 523 1379 590 impiorum,
1419 523 1800 592 perfectionem
1834 544 1961 582 vero
1992 538 2032 591 Λ
2067 532 2238 595 missi.
2268 548 2442 601 neque
2478 546 2506 584 a
2533 541 2763 600 quatuor
2794 531 3141 598 patria‘rcliis.
3183 533 3274 599 qui
3305 533 3611 600 gitllm'ttatit

415 625 468 669 et
519 616 776 670 unitatem
823 619 1058 669 omnium
1092 617 1546 672 Christianorum.
1599 620 1957 676 Sanctissime

419 708 593 771 Pater,
621 709 729 759 duo
759 718 886 760 sunt
917 699 1079 770 modi,
1105 724 1198 777 per
1221 725 1350 777 quos
1378 722 1550 778 potest
1576 712 1770 780 aliquis
1802 729 1958 780 repu-

421 811 533 850 tare
564 799 816 865 possibile
845 814 983 861 esse,
1011 798 1124 851 fieri
1154 801 1462 868 praedictam
1492 802 1765 855 unionem.
1801 802 1953 856 Unus

419 887 632 950 quidem
663 889 752 946 sit.
820 889 1101 950 violenter,
1133 889 1233 942 hoc
1266 899 1367 950 est.
1405 890 1447 942 si
1482 891 1584 942 vim
1617 892 1760 958 passi
1805 893 1956 946 habi-

419 985 593 1029 tantrs
618 975 914 1039 Orientem,
945 979 1190 1031 nolentes
1223 979 1482 1046 recipiant
1532 992 1763 1034 vestram
1804 997 1956 1034 com-

422 1066 734 1118 tnunitatem
769 1085 781 1120 :
818 1069 957 1120 alius
985 1082 1131 1131 vero,
1163 1070 1253 1136 qui
1297 1071 1431 1122 liber
1462 1070 1553 1132 sit,
1597 1071 1696 1124 hoc
1726 1083 1829 1134 est,
1862 1087 1956 1139 per

417 1155 733 1208 doctrinalia
767 1158 933 1209 verba'
953 1157 1146 1210 eruditi
1187 1169 1237 1212 et
1273 1159 1554 1224 liumiliati,
1589 1161 1829 1214 volentes
1863 1177 1956 1213 vo-

419 1245 620 1298 biscum
660 1247 936 1299 uniantur.
971 1247 1170 1300 Hortfm
1223 1262 1349 1314 ergo
1404 1249 1632 1302 duorum
1667 1251 1952 1306 modorum

416 1337 565 1402 prior
615 1336 826 1403 quidem
880 1338 1101 1391 omnino
1151 1339 1472 1403 dimittatur,
1507 1343 1762 1408 quoniam
1800 1343 1954 1396 vobis

417 1427 604 1493 placet.
631 1427 910 1481 Secundus
931 1436 1132 1489 autem.
1154 1432 1246 1499 qui
1269 1439 1352 1485 est
1374 1431 1734 1495 voluntarius,
1756 1434 1953 1502 duplex

414 1526 514 1570 est.
545 1517 693 1570 Alius
722 1529 800 1571 est
829 1520 970 1571 enim
1014 1520 1225 1582 modus.
1265 1537 1359 1588 per
1393 1537 1550 1590 quem
1585 1524 1841 1590 possibile
1871 1535 1955 1580 est

414 1604 680 1672 sapientes
728 1618 939 1661 nostros
971 1609 1290 1662 concordari
1342 1611 1660 1676 vobiscum;
1707 1623 1760 1665 et
1789 1614 1950 1675 alius.

417 1707 509 1757 per
536 1708 716 1758 quem.
766 1696 1019 1764 populum
1055 1713 1423 1751 communem.
1452 1698 1796 1766 Sapientium
1827 1703 1952 1770 qui-

414 1783 532 1833 dem
559 1786 751 1839 modus
778 1787 1000 1854 simplex
1036 1799 1119 1840 est
1149 1800 1203 1841 et
1234 1788 1404 1842 facilis
1434 1807 1448 1843 :
1481 1806 1602 1844 nam
1636 1791 1680 1844 si
1707 1793 1952 1846 venerint

2059 621 2387 676 Orientalem
2425 621 2742 685 Ecclesiam,
2783 635 2958 690 neque
2989 637 3016 672 a
3050 623 3268 689 populo,
3309 623 3401 674 sed
3433 641 3457 674 a
3493 627 3609 676 solo

2063 713 2409 779 imperatore,
2431 711 2520 780 qui
2553 720 2776 766 conatus
2801 711 2901 765 fuit
2927 712 3102 764 facere
3143 713 3395 765 unionem
3425 715 3606 766 vobis—

2061 816 2181 853 cum
2213 816 2277 854 ex
2311 802 2360 853 vi
2396 840 2411 864 ,
2445 814 2498 856 et
2529 817 2633 854 non
2658 802 2980 855 voluntarie.
3018 802 3072 853 Si
3111 817 3240 868 ergo
3275 814 3451 854 vestra
3485 817 3609 856 san-

2058 892 2220 943 ctitas
2253 894 2528 953 concedit.
2567 903 2624 945 ut
2652 892 2738 946 fiat
2771 895 2838 945 de
2864 894 2970 946 isto
3001 893 3254 959 generale
3285 894 3597 953 t‘OIIt‘ilittlti,

2057 980 2127 1034 sit
2150 980 2328 1033 taliter
2359 979 2478 1046 ejus
2507 981 2738 1034 initium.
2775 980 3055 1032 Mittantur
3082 995 3108 1030 a
3135 980 3289 1031 vobis
3313 980 3378 1030 ad
3411 978 3604 1031 Orien-

2057 1070 2214 1120 taiem
2258 1069 2558 1123 Ecelesiam
2608 1070 2787 1138 legati.
2833 1071 2931 1123 viri
2986 1070 3222 1136 religiosi
3273 1080 3325 1123 ct
3354 1070 3609 1122 timentes

2057 1159 2249 1223 Deum.
2281 1169 2335 1214 ct
2376 1163 2514 1229 pleni
2545 1163 2735 1227 spiritu
2769 1163 3090 1214 humilitatis
3129 1170 3181 1214 ct
3219 1161 3507 1226 patientim,
3551 1173 3605 1213 et

2055 1261 2313 1319 portenta
2333 1253 2483 1307 vobis
2505 1253 2713 1307 litteras
2738 1253 2997 1306 habentes
3024 1255 3184 1304 istum
3216 1254 3426 1304 modum
3454 1250 3604 1305 :\'iri

2059 1340 2276 1401 fratres.
2311 1342 2486 1405 scitis,
2515 1342 2640 1407 quia
2662 1343 2966 1396 communis
3001 1342 3250 1392 inimicus
3277 1352 3457 1393 nos-ter
3485 1343 3604 1393 dia-
3652 1381 3659 1387 .

2057 1426 2208 1480 bolos
2233 1428 2411 1492 posuit
2438 1427 2688 1481 scandala
2720 1428 2861 1481 inter
2892 1441 2987 1480 vos
3015 1437 3070 1481 et
3103 1444 3222 1489 nos,
3250 1437 3303 1480 et
3332 1429 3601 1493 separavit

2057 1529 2155 1567 nos
2185 1514 2252 1567 ab
2299 1515 2550 1568 invicem.
2583 1514 2850 1570 Debemus
2879 1530 3008 1583 ergo
3035 1524 3088 1569 et
3125 1531 3225 1568 nos
3259 1527 3311 1568 et
3343 1531 3438 1568 vos
3499 1518 3564 1566 tri
3585 1544 3599 1555 -

2057 1601 2190 1653 stari
2220 1585 2379 1668 super
2401 1601 2526 1667 hoc,
2555 1609 2607 1654 et
2633 1616 2919 1655 commune
2948 1601 3207 1654 damnum
3242 1613 3491 1668 reputare
3525 1604 3598 1652 is-

2056 1698 2166 1741 tam
2191 1693 2612 1756 separationem.
2641 1691 2912 1759 Rogamus
2942 1705 3068 1759 ergo
3124 1707 3218 1744 vos
3251 1702 3306 1742 ut
3333 1692 3525 1744 fratres
3549 1693 3598 1743 iu

2055 1780 2296 1842 Christo.
2335 1783 2695 1850 patriarcbam
2722 1783 3400 1850 Constantiimpolitanum.
3429 1792 3482 1834 ct
3513 1799 3600 1849 pa~

416 1869 481 1922 ad
512 1884 741 1925 vestram
776 1876 1170 1928 sanctissimam
1203 1875 1530 1944 maiestatem
1557 1893 1620 1931 ex
1647 1881 1842 1932 nostris
1869 1895 1955 1932 sa-
1988 1856 2026 1908 Β
2058 1872 2348 1925 triarcham
2382 1874 2832 1938 Alexandrinum,
2873 1875 3268 1928 Antiochenum
3322 1884 3374 1925 ct
3411 1873 3601 1928 Iliero-

416 1960 684 2026 pientibus
715 1964 930 2032 triginta
963 1974 1054 2018 aut
1083 1967 1453 2034 quadraginta.
1483 1979 1576 2022 aut
1604 1980 1954 2042 quotcunque

415 2052 543 2113 sint,
579 2052 714 2107 bene
735 2055 872 2116 scio.
897 2057 1023 2124 quia
1050 2057 1522 2111 concordabuntur
1547 2059 1821 2114 vobiscum
1847 2071 1956 2114 sta-

416 2143 507 2194 tim
549 2141 819 2200 facillime.
854 2146 1220 2215 Quare?quia
1270 2163 1443 2217 neque
1475 2165 1568 2204 vos
1593 2153 1955 2219 qumritis,'ut

415 2235 744 2291 irrationalis
770 2239 1038 2304 appetitus
1064 2240 1260 2300 vincat.
1294 2256 1468 2308 neque
1495 2242 1567 2295 illi
1593 2236 1617 2294 ς’
1643 2243 1736 2298 sed
1769 2253 1821 2296 et
1854 2257 1950 2296 vos

414 2336 466 2378 et
501 2327 572 2380 illi
597 2331 860 2394 quaeritis,
891 2340 946 2382 ut
974 2331 1149 2384 vincat
1175 2332 1390 2400 veritas.
1423 2331 1583 2399 Ergo.
1614 2334 1869 2400 quoniam
1899 2343 1952 2387 et

414 2413 574 2466 ambo
610 2417 930 2470 desideratis
961 2420 1264 2483 veritatem,
1311 2422 1634 2474 credendum
1670 2435 1774 2484 esn,
1825 2426 1949 2490 quia

413 2512 468 2556 et
497 2505 605 2558 cito
632 2505 802 2572 ipsam
840 2508 1146 2569 invenietis.
1194 2517 1248 2562 et
1299 2511 1408 2562 cito
1457 2513 1948 2568 concordabitnini.

416 2592 519 2644 Sed
568 2594 679 2658 isti,
715 2606 1002 2661 postquam
1034 2596 1262 2651 fuissent
1297 2601 1613 2653 concordati
1648 2602 1949 2666 vobiscum,

417 2684 617 2734 reversi
648 2685 713 2734 ad
735 2683 1032 2744 Orientem.
1066 2700 1171 2739 non
1211 2695 1460 2754 poterunt
1493 2689 1751 2744 reducere
1782 2707 1951 2758 popu-

414 2771 524 2821 lum
554 2780 799 2826 nostrum
834 2773 898 2826 ad
935 2775 1279 2840 credendum,
1323 2777 1445 2844 quia
1473 2777 1688 2834 fuerunt
1717 2795 1950 2835 concor-

415 2859 526 2914 dati
560 2863 864 2925 vobiscum,
896 2881 1016 2917 cum
1049 2865 1203 2918 salva
1234 2875 1416 2921 essent
1446 2868 1694 2936 dogmata
1726 2880 1944 2923 sancto-

417 2967 532 3003 rum
563 2953 783 3007 Patrum
809 2972 822 3007 :
846 2953 937 3008 sed
968 2966 1187 3024 surgent
1216 2957 1304 3010 alii
1330 2958 1570 3025 quidam,
1599 2971 1691 3012 aut
1731 2970 1948 3028 propter
1976 2955 1979 2958 ’

416 3040 694 3106 invidiam,
727 3054 819 3096 aut
859 3059 1045 3097 vauant
1076 3045 1325 3112 gloriam.
1357 3057 1452 3101 aut
1481 3047 1615 3103 forte
1649 3052 1948 3116 reputando

415 3129 552 3184 bene
577 3129 772 3196 facere,
799 3140 853 3188 et
880 3133 1144 3189 docebunt
1167 3145 1335 3190 totum
1358 3141 1680 3193 contrarium
1707 3142 1867 3210 plebi,
1895 3151 1948 3197 et

416 3221 638 3276 dicent:
673 3221 787 3278 Viri
828 3224 1042 3289 fratres,
1073 3228 1251 3283 videte
1285 3244 1352 3282 ne
1377 3231 1735 3294 seducamini.
1770 3249 1948 3302 neque

415 3311 598 3364 audite
629 3318 765 3376 ‘eos;
798 3311 890 3366 isti
943 3315 1086 3368 enim
1123 3331 1246 3369 cum
1295 3318 1406 3371 sint
1457 3320 1694 3387 corrupti
1729 3334 1947 3389 propter

419 3415 636 3452 munera
659 3409 714 3452 et
740 3403 1202 3469 vanamgloriam.
1242 3406 1427 3459 dicunt
1452 3422 1569 3473 quae
1601 3409 1829 3474 dicunt;
1861 3412 1947 3463 nio

418 3489 510 3542 hil
534 3504 665 3556 ergo
694 3491 1023 3546 removeatis
1053 3507 1119 3545 ex
1153 3493 1219 3547 iis
1248 3509 1368 3563 qua
1413 3497 1627 3551 tenetis.
1658 3497 1751 3553 Isti
1797 3513 1944 3569 ergo,

413 3580 753 3632 sanctissime
777 3580 954 3645 Pater,
980 3581 1208 3636 dicendo
1229 3584 1352 3638 talia
1376 3586 1556 3651 verba,
1583 3588 1948 3643 humiliabunt

418 3668 622 3733 plebem
646 3669 865 3723 credere
883 3672 984 3724 eis.
1012 3669 1295 3740 Sapientes
1316 3683 1518 3740 autem.
1545 3679 1637 3746 qui
1671 3679 1944 3734 vobiscum

419 3757 617 3810 fuerint
647 3760 980 3826 concordati,
1005 3762 1138 3815 nihil
1165 3762 1341 3818 facere
1372 3774 1641 3833 poterunt.
1663 3771 1756 3824 sed
1779 3771 1948 3839 magis

414 3857 574 3909 esuut
595 3850 646 3899 in
676 3848 911 3916 periculo
940 3863 971 3902 a
997 3852 1154 3906 turba
1176 3855 1454 3920 pereundi.
1476 3854 1628 3912 Unde
1658 3861 1948 3926 prtedictus

419 3937 610 3991 modus
642 3948 858 4006 propter
879 3941 1094 4008 quidem
1119 3941 1386 4010 sapientes
1407 3945 1676 4002 sufficiens
1700 3956 1805 4011 est,
1826 3963 1950 4017 pro~

417 4034 530 4092 pter
563 4042 692 4080 vero
727 4028 979 4096 populum
1011 4045 1374 4100 nequaquam.
1405 4032 1539 4097 Quis
1567 4045 1696 4105 ergo
1717 4046 1801 4090 est
1832 4053 1946 4092 mo-

415 4118 537 4177 dus,
566 4117 658 4182 qui
689 4126 746 4170 et
791 4118 1000 4185 plebem
1029 4129 1083 4172 et
1115 4120 1382 4186 sapientes
1434 4122 1596 4176 simul
1627 4126 1854 4180 adducet
1881 4129 1946 4182 ad

418 4205 668 4259 unionem
705 4201 980 4262 vestram?
1017 4207 1127 4277 Ego
1155 4201 1348 4263 dicam.
1397 4211 1676 4266 Audiendo
1700 4229 1945 4269 commu-

420 4293 501 4347 nis
532 4297 778 4362 p‘opulus.
803 4297 944 4365 quod
968 4298 1143 4376 sexies
1168 4297 1367 4352 factum
1387 4311 1469 4354 est
1495 4303 1740 4369 generale
1768 4309 1949 4360 conci-

418 4385 570 4446 lium.
605 4395 677 4450 et,
713 4389 924 4456 quoties
955 4387 1152 4441 factum
1185 4399 1286 4451 est.
1333 4391 1400 4443 ad
1433 4392 1812 4458 perfectionem
1842 4395 1942 4449 Ec-

2055 1963 2453 2032 solymitauum,
2479 1975 2533 2018 et
2563 1966 2699 2019 alios
2732 1965 3014 2034 pontifices
3045 1975 3098 2020 et
3129 1965 3330 2019 electos
3354 1967 3520 2030 viros.
3545 1977 3603 2018 ut

2053 2056 2441 2110 convettiamus
2490 2057 2649 2110 simul
2683 2058 2739 2109 in
2785 2057 2967 2122 aliquo
3021 2057 3164 2118 loco,
3197 2063 3250 2108 et
3296 2071 3601 2122 qua-ramus

2053 2147 2417 2200 communiter
2455 2162 2574 2200 cum
2609 2147 2876 2214 spirituali
2912 2145 3106 2198 affectu
3155 2145 3222 2197 de
3273 2145 3596 2211 praepositis,

2053 2247 2106 2288 et
2127 2237 2270 2302 quod
2300 2237 2454 2289 nobis
2483 2237 2745 2290 revelahit
2771 2235 3004 2301 Spiritus
3027 2243 3268 2296 sanctus,
3299 2235 3401 2287 hoc
3426 2236 3597 2286 tle-ter-

2054 2327 2374 2390 minabitur,
2407 2339 2460 2380 et
2499 2341 2782 2392 speramus
2819 2328 2870 2379 in
2902 2327 3278 2379 misericordia
3311 2326 3426 2387 Dei.
3472 2327 3594 2393 quia

2053 2416 2306 2468 scandala
2338 2415 2485 2469 foras
2522 2415 2831 2483 ejicientur,
2882 2426 2936 2469 et
2971 2417 3300 2469 unanimitas
3351 2424 3407 2468 et
3446 2431 3596 2468 amor

2053 2507 2471 2561 dominabuntur
2525 2510 2712 2562 vestri.
2766 2506 2820 2561 Si
2875 2506 2977 2570 sic,
3022 2507 3368 2561 sanctissime
3415 2507 3594 2566 i'ater.

2054 2608 2333 2652 mansueta
2359 2599 2516 2652 verba
2542 2597 2813 2652 audierint
2847 2596 3171 2660 Orientales,
3194 2601 3594 2663 imperatorque

2051 2700 2103 2744 et
2135 2691 2458 2759 patriarchae
2500 2700 2553 2744 et
2574 2695 2807 2758 populus
2850 2690 3081 2744 maxime
3111 2690 3459 2756 gaudebunt;
3488 2699 3595 2742 sta-

2053 2783 2147 2834 tim
2185 2782 2445 2850 incipicnt
2480 2782 2696 2850 operari
2749 2781 2815 2835 ad
2855 2781 3214 2849 propositum,
3247 2787 3300 2830 et
3324 2796 3445 2832 cum
3506 2795 3596 2832 vc-

2049 2871 2180 2925 stris
2203 2872 2408 2926 nuntiis
2448 2871 2770 2929 ordinabunt
2795 2873 3035 2931 modum.
3058 2877 3273 2936 tempus
3319 2880 3371 2923 et
3393 2870 3588 2926 locum.

2051 2958 2104 3012 in
2140 2974 2250 3028 quo
2286 2959 2589 3018 universale
2618 2958 2707 3012 fiet
2734 2958 3047 3020 concilium,
3081 2959 3132 3010 in
3162 2972 3269 3024 quo
3298 2959 3414 3011 sine
3445 2959 3590 3008 omni

2050 3050 2216 3104 dubio
2237 3058 2320 3103 est
2350 3049 2698 3117 credendum,
2731 3048 2855 3115 quia
2888 3047 3016 3101 unio
3044 3047 3269 3099 firmiter
3301 3046 3441 3099 facta
3467 3048 3590 3098 erit.

2049 3142 2243 3197 Postea
2274 3151 2517 3210 quoquot
2543 3140 2883 3194 interfuerint
2911 3139 2998 3195 isti
3027 3138 3257 3192 concilio
3281 3139 3506 3191 exibunt
3529 3138 3594 3189 ad

2048 3246 2392 3293 communem
2459 3231 2754 3299 populum,
2807 3238 2861 3283 et
2914 3228 3154 3295 dicent:
3191 3226 3300 3280 Viri
3375 3225 3592 3284 fratres.

2049 3330 2294 3374 sanctum
2325 3330 2377 3374 et
2403 3320 2660 3388 generale
2682 3320 2982 3374 concilium
3004 3317 3377 3372 determinavit
3407 3317 3517 3368 haec
3542 3323 3596 3368 et

2051 3410 2204 3472 haec;
2247 3408 2458 3464 debetis
2495 3413 2626 3475 ergo
2665 3411 2908 3478 recipere
2945 3422 3029 3461 ea.
3064 3407 3126 3458 Et
3156 3398 3345 3472 omnes
3380 3420 3440 3458 ea
3475 3406 3594 3458 sine

2047 3499 2213 3564 dubio
2248 3498 2530 3566 recipient.
2565 3497 2690 3559 Iste,
2719 3486 3065 3552 sanctissime
3094 3496 3274 3557 Pater,
3306 3495 3455 3548 solus
3482 3510 3594 3546 mo-

2047 3589 2147 3643 dus
2180 3598 2282 3650 est,
2328 3588 2468 3642 sicut
2495 3586 2712 3640 videtur
2743 3586 2897 3651 mihi,
2927 3599 3024 3654 per
3056 3599 3217 3652 quem
3249 3584 3375 3636 unie
3411 3582 3593 3636 Eccle-

2028 3680 2143 3734 sia:
2175 3680 2288 3734 fieri
2314 3687 2510 3748 potest.
2539 3678 2777 3732 Coosulo
2804 3685 2982 3731 autem
3011 3689 3065 3730 et
3098 3678 3234 3738 hoc;
3273 3676 3441 3743 magis
3465 3690 3592 3728 vero

2048 3768 2333 3836 deprecor.
2370 3767 2428 3821 In
2466 3766 2662 3836 Turcis
2690 3755 2924 3836 qua-tuor
2953 3776 3081 3820 sunt
3107 3767 3353 3820 civitates
3384 3780 3591 3834 magna:

2047 3867 2101 3913 et
2120 3858 2332 3921 divites.
2362 3874 2483 3927 quc
2504 3856 3013 3913 hactenusfuerunt
3038 3855 3368 3914 Graecorum.
3393 3865 3444 3908 et
3471 3871 3587 3922 pro-

2049 3957 2168 4017 pter
2197 3955 2416 4016 peecata
2445 3957 2626 4001 nostra
2660 3945 2833 4000 multo
2854 3957 3092 4012 tempore
3109 3948 3221 4012 jam
3251 3946 3459 3998 tradita:
3481 3945 3590 4001 fue-

2049 4045 2177 4091 runt
2205 4038 2258 4091 in
2293 4041 2484 4089 manus
2520 4035 2808 4104 impiorum
2845 4052 2859 4087 :
2917 4049 3058 4087 nunc
3119 4049 3248 4087 vero
3278 4035 3368 4099 qui
3402 4044 3589 4087 tenent

2045 4136 2102 4184 et
2123 4125 2437 4180 custodiunt
2489 4125 2628 4186 illas,
2655 4131 2810 4177 erant
2844 4110 3064 4190 quidem
3092 4121 3412 4181 Christiani,
3438 4137 3498 4173 ex
3539 4124 3585 4173 vi

2026 4227 2226 4272 autem
2270 4216 2394 4271 facti
2428 4223 2556 4269 sunt
2586 4211 2768 4267 Turci.
2806 4211 2898 4266 isti
2943 4224 3093 4276 ergo,
3131 4209 3361 4262 volendo
3385 4210 3585 4284 iterum

2047 4307 2248 4361 reverti
2273 4304 2339 4358 ad
2370 4303 2738 4365 Christianam
2766 4297 2949 4360 ﬁdem,
2980 4305 3164 4351 notum
3200 4296 3446 4349 fecerunt
3485 4300 3586 4354 do-

2049 4399 2198 4450 mino
2220 4409 2338 4449 meo
2359 4393 2690 4462 imperatori,
2713 4401 2774 4444 ut
2796 4389 2958 4445 vadat
2976 4401 3095 4442 cum
3118 4386 3354 4439 exercitu
3380 4385 3443 4437 ad
3466 4398 3580 4444 eos.

417 4475 592 4528 etesiae
623 4475 822 4530 factum
851 4488 953 4542 est,
983 4487 1038 4532 et
1059 4478 1126 4531 ad
1153 4479 1537 4534 correctionem
1558 4496 1825 4544 errorum.
1849 4485 1940 4552 qui
1972 4485 2019 4539 Ι)
2049 4495 2103 4541 et
2144 4486 2246 4554 ipsi
2291 4484 2368 4537 illi
2420 4482 2631 4537 tradent
2662 4480 2950 4548 pradictas
2993 4478 3258 4530 civitates.
3292 4474 3584 4542 Imperator

417 4573 571 4618 erant
618 4567 672 4620 in
714 4567 820 4620 illis
859 4568 1212 4634 temporibus,
1263 4563 1569 4635 opinionem
1626 4582 1947 4639 receperunt

417 4670 605 4708 omnes
631 4658 696 4709 ad
739 4657 948 4709 animas
977 4671 1107 4710 suas
1135 4694 1150 4719 ,
1181 4658 1308 4724 quia
1337 4657 1482 4724 quod
1509 4657 1581 4712 sit
1617 4659 1945 4714 determina-

416 4755 528 4798 tum
550 4760 578 4796 a
597 4746 831 4813 generali
854 4746 1104 4818 concilio.
1136 4755 1340 4800 rectum
1369 4755 1421 4800 et
1445 4761 1634 4801 sanum
1652 4758 1755 4802 est.
1781 4750 1942 4818 Ergo,

415 4839 462 4889 si
497 4837 585 4890 fiet
616 4847 671 4890 et
721 4850 865 4889 nunc
908 4837 974 4888 de
1018 4814 1364 4908 iliﬂ‘erentiis,
1407 4851 1544 4902 quas
1583 4838 1791 4892 habetis
1819 4814 1942 4892 eum

416 4925 636 4987 Grceis.
675 4927 926 4995 generale
970 4924 1276 4986 concilium,
1319 4935 1378 4978 ut
1430 4939 1526 4978 nos
1575 4927 1940 4990 ostendemus,

415 5028 754 5082 quaecunque
778 5027 807 5066 a
831 5013 1066 5081 generali
1096 5012 1323 5067 concilio
1344 5013 1697 5066 determinata
1723 5012 1942 5080 fuerint,

417 5117 608 5158 omnes
651 5102 955 5157 Orientales
980 5103 1215 5157 libenter
1242 5103 1354 5158 hac
1381 5103 1663 5171 recipient.
1695 5112 1751 5156 et
1785 5118 1941 5157 nemo

417 5195 519 5246 erit
548 5193 638 5260 qui
671 5192 755 5243 his
798 5191 1156 5255 contradicat,
1184 5202 1239 5246 et
1286 5192 1364 5247 sic
1399 5193 1723 5246 unanimitas
1760 5195 1940 5254 statim

415 5291 468 5331 et
490 5281 616 5335 unio
651 5282 789 5333 facta
832 5278 1025 5333 eriLSi
1053 5290 1232 5335 autem
1259 5282 1453 5350 aliquis
1488 5281 1649 5344 dicat,
1673 5283 1798 5349 quia
1823 5284 1934 5348 jam

417 5369 616 5423 factum
660 5379 742 5423 est
768 5368 835 5423 de
871 5369 990 5423 istis
1018 5371 1269 5437 generale
1296 5360 1579 5425 concilium
1625 5371 1678 5422 in
1710 5369 1940 5438 Lugdu-

417 5464 586 5524 ucnsi,
620 5464 672 5513 in
709 5475 820 5529 quo
850 5462 1066 5514 fuerunt
1096 5470 1148 5512 et
1180 5459 1374 5522 Graeci,
1409 5462 1564 5525 sciat,
1598 5464 1741 5528 quod
1783 5474 1941 5515 nemo

419 5551 614 5612 poto-rit
646 5551 928 5602 huntiliare
959 5548 1210 5615 populum
1239 5549 1566 5611 ercorum,
1595 5558 1650 5600 ut
1683 5548 1942 5616 recipiant

418 5637 544 5688 illud
586 5639 874 5690 concilium
903 5638 1022 5690 sine
1052 5636 1156 5689 alio
1188 5637 1434 5690 concilio.
1469 5637 1645 5702 Quare
1665 5637 1686 5687 ?
1707 5637 1829 5703 quia
1865 5637 1940 5690 illi

417 5726 608 5789 Grrei,
644 5728 734 5793 qui
781 5726 1137 5783 intetfuerunt
1164 5729 1250 5783 isti
1283 5728 1532 5795 concilio,
1583 5743 1687 5782 non
1725 5725 1946 5784 fuerunt

2047 4592 2197 4641 vero,
2231 4589 2338 4628 non
2370 4572 2692 4644 confidendo
2720 4571 2773 4624 in
2806 4571 2920 4625 sola
2956 4583 3052 4623 sua
3092 4576 3268 4636 gente,
3312 4568 3454 4619 misit
3483 4579 3581 4618 nos

2046 4666 2113 4720 ad
2135 4665 2668 4720 'Christianissitnum
2707 4667 2885 4726 regem
2932 4659 3286 4715 Francorum.
3335 4671 3581 4721 quaerens

2047 4759 2264 4817 propter
2293 4747 2395 4800 hoc
2443 4747 2728 4799 auxilium.
2773 4744 2908 4798 Nam
2940 4746 2984 4798 si
3014 4744 3357 4811 apprehensa:
3380 4743 3581 4795 fuerint

2046 4840 2152 4892 illa
2180 4839 2446 4897 civitates,
2480 4844 2534 4888 et
2567 4850 2793 4888 reversa
2827 4833 2898 4886 ad
2929 4849 3047 4894 nos,
3095 4832 3324 4898 primqu
3363 4832 3576 4910 quidem

2047 4938 2212 4982 totam
2238 4927 2514 4990 virtutem,
2546 4939 2704 4990 quam
2729 4923 2928 4978 habent
2961 4921 3125 4974 Turci
3159 4936 3254 4987 per
3282 4937 3448 4982 tnare.
3473 4930 3574 4972 sta-

2044 5016 2138 5070 tim
2169 5015 2410 5084 perdent,
2443 5023 2496 5066 et
2523 5011 2772 5065 deficient
2797 5012 2934 5064 maia
2965 5025 3084 5078 qua:
3117 5011 3395 5079 patiuntur
3425 5008 3576 5058 Chri-

2044 5106 2205 5160 stiani
2239 5119 2334 5172 per
2354 5117 2505 5156 mare
2529 5117 2546 5165 ;
2573 5101 2642 5154 ab
2669 5101 2749 5154 eis
2769 5101 2933 5154 etiam
2959 5101 3203 5170 regiones
3224 5106 3278 5150 et
3308 5096 3572 5157 civitates.

2043 5207 2163 5265 qua:
2201 5199 2326 5244 sunt
2367 5192 2508 5242 inter
2556 5188 2838 5254 prmdictas
2872 5186 3116 5238 civitates
3148 5193 3201 5238 et
3241 5195 3336 5233 vos
3364 5196 3575 5240 omnes.

2043 5279 2322 5333 tradentur
2348 5279 2505 5329 nobis
2530 5293 2544 5338 ;
2567 5284 2620 5329 ct
2644 5277 2746 5328 erit
2770 5290 2958 5343 magna
2985 5274 3145 5340 janua
3174 5277 3358 5333 aperta
3389 5279 3575 5321 sancto

2043 5368 2311 5436 passagio.
2360 5365 2424 5418 Et
2470 5365 2694 5418 audiens
2755 5364 2868 5417 hac
2915 5376 3005 5412 rex
3037 5357 3393 5419 Francorum,
3427 5358 3576 5410 misit

2044 5474 2143 5510 nos
2171 5457 2236 5510 ad
2263 5471 2377 5519 vos.
2425 5465 2483 5509 ut
2514 5455 2725 5516 dicatis,
2757 5451 2885 5520 quid
2925 5447 3074 5499 vobis
3102 5445 3168 5499 de
3205 5446 3306 5498 isto
3344 5449 3572 5513 placeat.

2045 5545 2195 5600 Unde
2222 5547 2584 5613 supplicamus
2608 5543 2778 5601 vobis,
2803 5536 3142 5604 sanctissime
3168 5537 3342 5597 Pater,
3369 5546 3426 5588 ut
3447 5552 3575 5588 con-

2043 5637 2266 5696 cedatis,
2308 5643 2364 5684 ut
2416 5633 2659 5683 mittatur
2694 5626 2946 5677 auxilium
2983 5626 3046 5677 ad
3080 5641 3261 5693 partes
3307 5626 3447 5685 illas,
3483 5636 3576 5677 aut

2044 5725 2358 5789 priusquam
2389 5721 2578 5772 vadant
2627 5717 2751 5770 illuc
2782 5715 3018 5783 prtctlicti
3067 5717 3226 5769 vestri
3265 5714 3448 5782 icgati,
3483 5726 3573 5766 aut
