4450 6440
893 388 1026 451 1335

1961 407 2345 470 BARLAAMI
2390 414 2484 472 DE
2525 414 2947 477 SEMINARIA

3935 422 4069 488 1336

884 508 1071 560 simul.
1103 509 1215 610 lloc
1247 523 1421 579 autem
1460 516 1581 568 dico
1605 529 1822 585 propter
1853 522 1986 577 duas
2015 528 2267 582 rationes.
2298 528 2413 583 Pri-
2444 543 2488 595 Α
2524 534 2673 588 vobis
2705 547 3046 604 prosternere
3091 553 3223 604 eos;
3263 540 3420 604 unde,
3448 539 3622 594 donec
3651 549 3734 595 est
3765 538 3920 596 facile
3949 556 4070 610 pro-

885 612 1030 648 mum
1057 601 1290 666 quidem,
1323 607 1462 669 quod
1489 610 1802 663 naturaliter
1824 627 2012 669 omnes
2034 619 2282 676 homines
2312 640 2424 678 ma-

883 685 982 749 gis
1017 690 1192 740 volunt
1249 693 1522 763 subjugari
1572 687 2039 759 benefacientibus
2098 710 2199 774 eis,
2258 729 2418 780 quam

879 786 1066 828 contra
1104 780 1443 837 facientibus.
1474 787 1605 839 Nam
1637 801 1691 842 et
1728 790 1920 858 Judzei,
1942 812 2064 850 cum
2103 800 2210 853 sint
2241 803 2421 870 ingra-

878 872 1070 916 tissimi
1102 872 1338 924 omnium
1374 875 1675 941 hominum,
1720 891 1894 937 tamen
1925 890 2142 954 quando
2168 890 2416 948 Christus

873 955 1094 1043 nutrivit
1122 974 1212 1012 eos
1239 976 1299 1012 ex
1325 966 1560 1032 quinque
1583 972 1808 1036 panibus
1839 975 1890 1028 in
1916 978 2151 1043 deserto,
2173 998 2295 1034 eum
2323 1000 2414 1037 vo-

869 1041 1081 1097 luerunt
1116 1065 1301 1104 eorum
1337 1070 1512 1123 regem
1548 1057 1740 1115 facere.
1770 1064 1910 1134 Ergo
1932 1078 1984 1120 et
2006 1041 2198 1133 Graeci,
2229 1045 2416 1128 vidi-n-

872 1144 971 1196 tus,
999 1138 1098 1190 sibi
1119 1141 1228 1206 jam
1259 1143 1456 1196 factum
1485 1160 1721 1205 vestrum
1749 1158 2034 1224 auxilium,
2061 1165 2230 1232 magis
2254 1182 2414 1224 erant

869 1228 1045 1324 parati
1081 1235 1319 1297 recipere
1349 1238 1506 1288 verba
1545 1236 1843 1298 veStrorum
1878 1228 2195 1316 legatorum,
2221 1265 2271 1307 et
2299 1257 2411 1324 ipsa

865 1317 1202 1384 adimplere;
1238 1325 1398 1377 etiam
1438 1343 1558 1392 nos,
1597 1333 1688 1399 qui
1738 1335 2115 1397 desideramus
2161 1317 2411 1401 Ecclesia:

865 1405 1144 1502 unionem,
1173 1415 1469 1475 poterimus
1501 1419 1825 1477 tiducialiter
1865 1429 2118 1484 unionem
2153 1437 2408 1502 populum

862 1491 1058 1547 docere
1088 1513 1101 1559 ;
1127 1509 1176 1551 et
1204 1500 1494 1569 imperator
1517 1521 1720 1571 noster,
1748 1515 2020 1584 accipiens
2049 1491 2408 1587 occasionem,

863 1585 1062 1669 poterit
1113 1598 1165 1637 et
1198 1592 1521 1654 patriarcha:
1558 1608 1608 1650 et
1649 1600 1770 1653 aliis
1800 1603 2153 1669 pontiﬁcibus
2184 1585 2406 1668 dieerei

2523 631 2762 679 sternere
2792 641 2909 690 eos,
2943 645 3008 682 ne
3049 643 3141 683 vos
3188 630 3387 698 pigeat,
3437 646 3537 683 nec
3569 631 3850 684 dimittatis
3890 632 4072 685 venire

2523 713 2654 766 illud
2713 725 2942 798 tempus.
3003 718 3057 771 in
3104 733 3214 787 quo
3258 720 3362 773 erit
3406 699 3559 773 vobis
3615 721 3911 783 meditatio,
3965 736 4068 772 non

2520 807 2790 868 quomodo
2833 807 2980 860 ibitis
3030 822 3193 875 super
3239 823 3353 871 eos,
3399 811 3488 862 sed
3533 811 3813 876 quomodo
3851 811 4073 863 cavebi-

2521 896 2648 946 mini
2681 896 2747 947 ab
2775 897 2851 950 eis
2878 908 2983 957 ..ει
3007 900 3107 952 erit
3138 915 3388 966 magnum
3423 901 3548 966 quid
3577 902 3746 964 vobis,
3784 901 3970 954 ulcisci
4003 902 4070 954 ab

2519 990 2619 1040 eis.
2667 985 2949 1051 Quartum.
3003 990 3047 1042 si
3083 990 3184 1042 soli
3217 990 3378 1042 Turci
3431 991 3703 1043 venissent
3735 992 3798 1044 ad
3839 1007 3954 1050 vos.
3986 991 4066 1044 di-

2517 1087 2750 1130 centes:
2791 1075 2837 1130 0
2882 1077 3079 1139 Latini,
3133 1079 3381 1132 volumus
3428 1079 3644 1146 quidem
3703 1095 3821 1132 csse
3873 1081 4065 1134 saltem

2517 1165 2699 1232 Turci,
2745 1179 2919 1222 tamen
2952 1185 3202 1237 rogamus
3243 1186 3361 1227 vos.
3391 1180 3447 1222 ut
3475 1163 3940 1224 simulvobiscum
3974 1187 4068 1223 ex-

2515 1250 2810 1327 pugnemus
2870 1259 3146 1326 Tartaros,
3216 1259 3539 1324 Saracenos,
3591 1271 3642 1313 et
3691 1261 4066 1328 disperdamus

2509 1365 2626 1411 eos,
2676 1352 3014 1418 recepissetis
3069 1353 3252 1419 utique
3304 1365 3493 1403 eorum
3573 1351 4064 1418 supplicationem;

2511 1443 2713 1508 quare?
2736 1444 2862 1510 quia
2896 1441 3066 1512 magis
3087 1451 3227 1496 esset
3255 1444 3384 1496 utile
3414 1443 3567 1496 vobis
3597 1458 3719 1496 cum
3745 1443 3937 1495 Turcis
3973 1457 4067 1494 cx-

2511 1544 2744 1598 pugnare
2768 1529 3026 1585 Tartarus
3058 1541 3111 1585 et
3138 1529 3455 1592 Saracenos,
3486 1544 3643 1595 quam
3677 1531 3722 1582 si
3769 1527 3868 1580 soli
3899 1542 4069 1592 expu-

2509 1620 2776 1686 gnassetis
2799 1635 2984 1673 omnes
3013 1631 3141 1673 tres.
3183 1619 3255 1672 Ex
3290 1620 3452 1671 simili
3488 1633 3616 1684 ergo
3644 1617 3832 1671 utilius
3865 1628 3949 1668 est
3972 1631 4065 1668 vo-

865 1668 1073 1772 Videte,
1109 1683 1378 1742 quomodo
1399 1681 1576 1755 Latini
1598 1699 1722 1741 sunt
1754 1690 1880 1770 bo_ni
1907 1696 2174 1760 homines,
2197 1710 2250 1752 et
2274 1717 2411 1768 quo-

2510 1668 2771 1686 ,,--_---,_-
3016 1668 3141 1673 -_---
3186 1668 3255 1672 __
3292 1668 3311 1671 _
3494 1668 3610 1684 -,,,_
3652 1668 3715 1671 _-,

2297 1717 2411 1768 Ιυο·
2511 1711 2613 1772 his,
2665 1726 2784 1763 cum
2835 1709 3056 1770 Graecis.
3114 1722 3218 1763 tam
3267 1711 3325 1764 si'
3365 1708 3694 1762 concordant
3748 1707 4054 1769 vobiscum,

863 1763 1022 1866 "mil?
1060 1780 1308 1866 ξμξδῖηηη
1342 1787 1439 1826 nos
1469 1773 1764 1834 [τυαυοδίδ
1790 1786 2045 1849 operibus
2079 1799 2130 1841 εί
2157 1792 2407 1866 εΐίιιξοείε
2442 1856 2478 1866 μ
2510 1814 2669 1865 quam
2699 1799 2741 1851 si
2769 1814 2893 1860 non,
2927 1799 3121 1866 impios
3144 1797 3474 1865 expugn'are,
3507 1812 3663 1864 quam
3693 1797 3737 1850 si
3772 1795 3869 1848 soli
3895 1811 4065 1860 expu.

860 1853 1034 1907 verbis
1060 1856 1072 1905 !
1105 1856 1362 1953 debemus
1392 1878 1520 1930 ergo
1548 1876 1601 1918 et
1630 1884 1727 1923 nos
1757 1872 2008 1928 similiter
2044 1860 2404 1946 diligere'eos,
2437 1856 2483 1913 Β
2511 1853 2681 1951 έηειίδ
2720 1885 2924 1939 Turcos
2974 1853 3026 1938 ei
3073 1853 3287 1953 impios.
3323 1887 3579 1949 Quintum
3603 1924 3619 1948 ,
3655 1887 3848 1940 scitote
3877 1891 3932 1936 et
3962 1883 4064 1934 hoc

859 1952 913 1994 et
941 1959 1184 2010 quaerere
1212 1951 1452 2014 modum,
1487 1969 1581 2021 per
1612 1974 1769 2025 quem
1799 1977 1920 2015 cum
1955 1966 2085 2031 ipsis
2111 1973 2406 2026 concorde-

862 2048 1002 2086 mur.
1038 2037 1283 2092 Secunda
1310 2052 1488 2106 autem
1520 2049 1656 2100 ratio
1685 2061 1766 2104 est
1789 2053 1886 2107 ista
1916 2071 1930 2107 :
1957 2073 2062 2109 non
2087 2064 2281 2125 poterit
2305 2064 2407 2115 im-

864 2136 1078 2211 perator
1100 2129 1230 2184 dare
1253 2147 1311 2185 se
1335 2134 1400 2186 ad
1425 2137 1785 2194 ordinandum
1810 2147 2058 2212 generale
2089 2153 2403 2216 concilium,

861 2216 964 2269 nisi
997 2220 1144 2284 prius
1170 2237 1384 2290 guerra,
1415 2243 1576 2294 quam
1599 2231 1755 2284 habet
1778 2249 1898 2287 cum
1925 2236 2136 2302 Turcis,
2173 2243 2404 2297 diﬂinia-

857 2317 947 2362 tur
977 2327 990 2372 ;
1026 2328 1200 2380 neque
1234 2319 1376 2371 enim
1414 2320 1539 2374 dum
1584 2337 1776 2390 guerra
1809 2327 1894 2390 sit,
1937 2332 2132 2398 poterit
2165 2347 2404 2401 quatuor

859 2402 1190 2466 patriarchas
1221 2417 1270 2458 et
1299 2407 1434 2461 alios
1464 2413 1749 2476 pontiﬁces
1775 2415 1827 2468 in
1857 2433 2019 2471 unum
2048 2435 2400 2492 congregare,

860 2506 957 2544 nec
979 2495 1210 2547 concilio
1243 2500 1438 2560 poterit
1462 2501 1738 2566 interesse,
1773 2516 1827 2558 et
1856 2521 2138 2575 pr0pterea
2164 2527 2398 2582 Oportet,

860 2592 917 2633 ut
949 2582 1050 2648 ipsi
1069 2587 1248 2639 armnli
1285 2591 1432 2655 prius
1461 2593 1529 2644 ab
1560 2593 1785 2662 imperio
1819 2599 2155 2666 aliquantum
2188 2606 2400 2676 longius

854 2674 1193 2740 expelluntur
1217 2693 1231 2740 ;
1255 2689 1307 2730 et
1333 2689 1459 2734 tunc
1489 2683 1798 2750 imperator.
1845 2703 2063 2759 accepta
2093 2674 2398 2764 tranquilli-

857 2772 988 2824 tate,
1041 2776 1301 2830 quantutu
1351 2784 1416 2823 ex
1450 2785 1545 2826 sua
1580 2784 1732 2841 parte
1778 2789 1880 2841 est,
1920 2785 2114 2847 poterit
2166 2786 2400 2853 perfecte

857 2854 1174 2919 adimplere.
1213 2856 1366 2918 Quod
1391 2875 1520 2916 vero
1539 2864 1725 2920 dicunt
1744 2868 1964 2936 quidam
1988 2887 2050 2924 ex
2079 2875 2253 2936 vobis,
2276 2880 2398 2944 quia

856 2954 1068 3010 oportet
1102 2949 1249 3013 prius
1305 2951 1447 3005 uniri
1479 2955 1758 3009 vobiscum
1790 2957 2027 3024 Graecos,
2058 2974 2111 3017 et
2144 2973 2272 3019 tunc
2298 2968 2401 3020 ibi-

858 3048 980 3086 mus
1013 3046 1199 3088 contra
1228 3036 1455 3104 Turcos,
1482 3057 1588 3095 non
1620 3045 1754 3097 mihi
1785 3049 1995 3103 videtur
2027 3053 2163 3105 bene
2197 3057 2396 3108 dictum

857 3137 1002 3184 esse,
1047 3134 1265 3192 propter
1291 3142 1383 3180 sex
1413 3116 1751 3198 argumenta.
1788 3114 2054 3200 Primum.
2089 3142 2212 3209 quia
2239 3142 2398 3196 Turci

858 3224 966 3264 ιῖςιη
1000 3215 1406 3269 solum-nocent
1440 3217 1661 3285 Grecis,
1691 3224 1784 3275 sed
1822 3225 1984 3278 etiam
2015 3227 2309 3291 Armeniis.
2344 3243 2395 3285 et

859 3301 1164 3371 Cypriauis,
1186 3316 1238 3357 ct
1268 3304 1547 3374 lierodiis,
1575 3315 1698 3377 quia
1725 3326 1912 3368 omnes
1937 3326 2062 3371 sunt
2082 3321 2279 3374 subditi
2305 3337 2400 3376 no-

857 3393 980 3457 stri,
1007 3405 1059 3446 et
1077 3396 1328 3451 omnibus
1373 3397 1750 3456 habitantibus‘
1789 3404 2008 3460 insulas.
2039 3408 2204 3474 Unde,
2231 3428 2402 3482 quan-

857 3484 927 3535 do
960 3496 1172 3551 propter
1196 3487 1412 3543 Grtecos
1438 3506 1542 3544 non
1565 3492 1726 3548 vultis
1754 3495 1967 3554 mittere
1987 3501 2250 3556 auxilium
2273 3518 2401 3557 con-

859 3584 939 3626 tra
996 3574 1222 3642 Tereos,
1256 3579 1322 3631 ad
1376 3581 1554 3635 minus
1606 3572 1824 3652 propter
1860 3587 2085 3644 miseros
2116 3593 2400 3662 Armentos

857 3668 947 3734 qui
982 3681 1105 3722 sunt
1133 3670 1245 3738 jam
1280 3673 1528 3738 desolati,
1555 3686 1607 3728 et
1632 3687 1851 3744 propter
1875 3680 2009 3735 alios
2037 3681 2395 3754 Christianos,

857 3758 1102 3812 subditos
1129 3770 1363 3823 nostros,
1387 3763 1594 3839 debetis
1617 3767 1830 3820 mittere
1850 3769 1915 3821 ad
1938 3778 2117 3836 partes
2144 3771 2264 3826 illas
2311 3789 2402 3828 ve-

853 3858 1024 3902 struni
1056 3853 1334 3904 auxilium.
1369 3853 1674 3909 Secundum
1700 3896 1716 3923 ,
1745 3860 1870 3928 quia
1900 3859 2062 3918 Turci
2095 3875 2400 3934 expugnant

855 3937 1095 4006 Graecos,
1130 3959 1235 3995 non
1266 3953 1519 4012 tanquam
1553 3946 1786 4012 Grmcos,
1817 3965 1916 4006 nec
1942 3954 2200 4021 quoniam
2244 3955 2395 4009 diﬂ’eo

853 4041 982 4086 runt
1010 4048 1039 4084 a
1067 4032 1237 4094 vobis,
1261 4033 1354 4085 sed
1379 4035 1499 4100 quia
1523 4049 1737 4090 crucem
1769 4052 1894 4093 sunt
1915 4028 2222 4097 adorantes.
2247 4042 2398 4096 Unde

853 4135 950 4188 per
983 4136 1042 4173 se
1067 4112 1285 4189 quidem
1313 4133 1872 4191 expugnanterucem,
1895 4143 1988 4195 per
2019 4131 2271 4186 accidens
2300 4146 2398 4184 au-

854 4219 960 4260 tem
998 4209 1236 4263 Graecos.
1274 4208 1330 4262 Si
1374 4223 1501 4278 ergo
1531 4211 1775 4266 abieritis
1815 4226 2009 4269 contra
2034 4215 2397 4288 Turcostnou

856 4299 1004 4353 ibitis
1031 4299 1098 4352 ad
1131 4299 1391 4352 auxilium
1437 4299 1770 4367 Graecorum,
1796 4305 1892 4358 sed
1917 4309 2113 4371 crucis,
2165 4325 2284 4378 qua
2319 4322 2400 4378 est

858 4391 1169 4443 communis
1189 4392 1333 4444 salus
1363 4393 1605 4446 omnium
1663 4394 2122 4451 Christianorum.
2144 4401 2285 4470 Ergo
2310 4402 2399 4467 ju-

2512 1989 2655 2036 vcre,
2690 1976 2814 2042 quia
2848 1991 2952 2027 non
2980 1985 3188 2028 tantum
3224 1975 3522 2028 differentia
3555 1980 3862 2043 dogmatqu
3896 1988 4056 2036 sepa-

2510 2071 2593 2114 rat
2618 2065 2779 2115 corda
2813 2065 3122 2117 Graecorum
3153 2079 3182 2116 a
3207 2065 3377 2124 vobis,
3407 2073 3668 2130 quantum
3697 2063 3881 2115 odium
3914 2062 4061 2129 quod

2508 2154 2729 2207 intravit
2759 2154 2813 2206 in
2853 2155 3062 2208 animos
3090 2169 3276 2206 corum
3311 2165 3499 2206 contra
3536 2151 3759 2205 Latinos
3811 2167 3875 2205 ex
3913 2151 4059 2203 mul-

2508 2247 2578 2299 tis
2605 2255 2658 2298 et
2687 2245 2894 2311 magnis
2922 2244 3096 2307 malis,
3128 2258 3247 2313 qua:
3281 2257 3373 2306 per
3405 2243 3616 2295 diversa
3645 2251 3888 2309 tempora
3916 2242 4060 2308 passi

2507 2347 2636 2390 sunt
2651 2335 2824 2390 Graeci
2850 2349 2877 2386 a
2903 2334 3128 2396 Latinis,
3149 2343 3199 2386 et
3217 2333 3392 2386 adhuc
3412 2333 3688 2400 patiuntur
3709 2346 3801 2398 per
3820 2330 4061 2398 singulos

2506 2428 2655 2488 dies;
2683 2424 2824 2490 quod
2850 2424 3030 2476 odium
3069 2425 3173 2476 nisi
3223 2422 3372 2491 prius
3401 2421 3690 2488 abjiciatur
3718 2422 3785 2472 ab
3814 2421 3915 2480 eis,
3949 2435 4057 2472 non

2505 2516 2699 2584 poterit
2727 2516 2853 2569 unio
2882 2515 3016 2568 ﬁeri.
3051 2513 3456 2576 Verumtamen,
3505 2513 3605 2564 nisi
3654 2512 3804 2580 prius
3853 2510 3942 2563 ﬂat
3979 2510 4061 2563 eis

2505 2620 2757 2674 magnum
2806 2619 2835 2656 a
2895 2605 3049 2657 vobis
3107 2604 3446 2664 beneficium,
3512 2615 3687 2669 neque
3742 2600 4057 2669 prodictum

2504 2695 2682 2748 odium
2740 2694 3041 2762 alujieietur,
3075 2707 3250 2759 neque
3296 2689 3492 2756 aliquis
3521 2688 3716 2755 poterit
3754 2689 3954 2739 audere
3979 2686 4062 2739 lo-

2502 2786 2591 2854 qui
2645 2789 2709 2837 ad
2743 2798 2834 2838 eos
2862 2799 2923 2838 ea
2956 2797 3074 2850 qua:
3115 2792 3242 2835 sunt
3276 2781 3515 2834 unionis.
3549 2780 3768 2834 Sextum
3796 2817 3812 2841 ,
3863 2777 4060 2831 scitote

2501 2883 2553 2926 et
2611 2873 2732 2935 hoc,
2783 2872 2908 2942 quia
2960 2885 3065 2924 non
3129 2870 3434 2923 communis
3483 2866 3789 2922 Graecorum
3827 2864 4056 2933 populus

2503 2963 2650 3015 misit
2686 2979 2789 3023 me,
2815 2964 2879 3016 "ut
2903 2975 3141 3030 quaeram
3166 2974 3196 3012 a
3227 2960 3377 3014 vobis
3407 2958 3663 3012 auxilium
3690 2965 3743 3010 et
3775 2956 4052 3015 unionem,

2503 3051 2596 3102 sed
2633 3051 2927 3114 imperator
2956 3050 3106 3103 solus
3127 3057 3334 3102 secrete
3361 3065 3377 3112 ;
3409 3049 3528 3116 qui,
3558 3047 3663 3100 nisi
3696 3046 3845 3114 prius
3870 3045 4056 3097 mitta-

2425 3171 2472 3232 Ο
2506 3147 2590 3190 tur
2623 3138 2882 3190 auxilium
2921 3140 2985 3190 ad
3018 3147 3195 3204 partes
3228 3138 3369 3212 illas,
3410 3151 3514 3190 non
3559 3137 3758 3200 peterit
3829 3135 4057 3189 manife-

2511 3243 2651 3285 stare
2668 3245 2725 3282 se
2756 3230 2890 3296 plebi
2913 3245 3042 3294 suae,
3066 3230 3207 3298 quod
3233 3229 3342 3281 vult
3365 3237 3592 3282 vestram
3621 3229 3897 3282 unionem.
3919 3225 4056 3280 Erce

2507 3321 2616 3375 dixi
2638 3329 2691 3374 et
2731 3321 2940 3392 narravi
2973 3323 3122 3373 vobis
3152 3320 3353 3372 omnia.
3387 3319 3524 3373 Deus
3555 3317 3716 3373 faciat
3767 3321 3909 3387 quod
3943 3333 4056 3370 me-

2506 3413 2611 3467 lius
2632 3422 2733 3466 est.
2763 3410 3079 3464 Praedictum
3109 3411 3327 3479 quidem
3365 3411 3580 3464 modum
3618 3408 3835 3462 unionis
3881 3408 4055 3460 habeo

2505 3502 2873 3567 manifestum,
2900 3511 2954 3554 et
2985 3502 3029 3554 si
3073 3502 3329 3569 possibile
3360 3510 3442 3554 est
3487 3500 3636 3553 vobis
3668 3499 3868 3572 facere
3910 3512 4050 3561 eam,

2505 3592 2675 3661 gratia
2706 3590 2776 3646 sit
2805 3590 2931 3644 Deo.
2957 3589 3012 3643 Si
3045 3605 3169 3642 vero
3202 3605 3330 3659 non,
3357 3591 3532 3643 dicam
3565 3589 3718 3642 vobis
3744 3588 3905 3640 alium
3938 3602 4052 3640 Ino-

2504 3681 2633 3735 dum
2673 3681 2762 3749 qui
2807 3682 2861 3734 io
2892 3679 3056 3732 dubio
3091 3680 3308 3747 quidem
3358 3688 3461 3742 est,
3492 3687 3670 3730 tamen
3700 3685 3876 3745 potest
3910 3676 4053 3728 Deus

2503 3768 2680 3823 facere
2703 3780 2757 3823 et
2787 3783 2881 3836 per
2923 3769 3099 3836 ipsum
3135 3769 3412 3821 unionem.
3453 3765 3606 3831 Quod
3642 3781 3771 3833 ergo
3799 3766 3910 3834 jam
3938 3764 4052 3817 dixi

2493 3873 2756 3928 magnum
2784 3858 2986 3922 odium,
3018 3859 3236 3912 intravit
3265 3858 3317 3910 in
3345 3857 3555 3909 animas
3578 3855 3889 3910 Graecorum
3919 3868 4052 3908 con-

2506 3961 2586 4003 t‘ra
2618 3950 2838 4003 Latinos
2866 3964 2934 4002 ex
2962 3948 3149 4002 multis
3170 3947 3346 4008 malis,
3376 3961 3496 4014 quae
3518 3947 3663 4014 passi
3695 3955 3823 3998 sunt
3850 3943 3918 3997 ab
3946 3944 4050 4008 eis;

2504 4041 2646 4110 quod
2675 4041 2858 4093 odium
2897 4039 2998 4093 nisi
3039 4040 3190 4108 prius
3216 4037 3485 4104 ejiciatur,
3518 4051 3677 4090 nemo
3708 4038 3903 4103 poterit
3946 4037 4051 4090 do-

2504 4147 2626 4186 cere
2649 4130 2869 4184 Graccus
2899 4139 3132 4183 vestram
3165 4129 3442 4180 unionem.
3478 4125 3551 4181 Ut
3578 4141 3704 4196 ergo
3733 4129 4049 4193 praedictum

2503 4223 2683 4275 odium
2717 4223 2864 4287 prius
2891 4221 3158 4287 ejiciatdr,
3194 4219 3583 4286 supplicamus,
3628 4228 3686 4270 ut
3714 4217 4053 4285 adimpleatis

2505 4312 2824 4366 nobis.istas
2852 4319 2960 4363 tres
2992 4300 3455 4377 supplicationes:
3490 4308 3738 4375 primam.
3770 4319 3828 4361 ut
3852 4323 4052 4362 conceo

2503 4400 2642 4453 datis
2675 4400 2782 4466 regi
2815 4397 3142 4450 Francorum
3193 4400 3400 4451 mittere
3429 4399 3494 4450 ad
3529 4410 3708 4465 partes
3739 4398 3858 4450 illas
3889 4398 4049 4450 auxi.

858 4491 1000 4534 stum
1027 4485 1288 4544 esl,sicut
1323 4483 1494 4537 Graeci
1522 4498 1650 4539 sunt
1675 4485 2203 4556 defensorescrncis,
2227 4502 2279 4547 et
2307 4507 2400 4547 vos
2430 4504 2476 4557 υ
2507 4490 2657 4551 lium;
2693 4476 3004 4546 secundam.
3041 4496 3098 4539 ιιι
3131 4488 3267 4540 detis
3287 4488 3675 4556 indulgentiam
3699 4498 4048 4556 peccatorum

860 4573 1108 4627 similiter
1145 4573 1284 4628 sitis.
1320 4573 1563 4627 Tertium
1589 4613 1604 4638 ,
1645 4577 1772 4644 quia
1814 4592 1957 4630 nunc
2003 4581 2242 4647 quidem,
2274 4583 2399 4635 dum

861 4665 938 4714 sit
965 4665 1167 4714 εςιινιιιυ
1200 4665 1484 4731 imperium
1518 4665 1846 4731 Graecorum,
1905 4679 1958 4721 et
1988 4670 2060 4722 sit
2090 4670 2144 4722 in
2190 4672 2402 4735 juribus

862 4753 996 4812 suis,
1032 4755 1343 4806 facillimum
1373 4764 1454 4807 est
1482 4754 1686 4808 Latinis
1703 4771 1824 4809 cum
1849 4759 2168 4827 imperatore
2187 4753 2402 4810 (irasco-

865 4858 982 4893 rum
1010 4842 1214 4896 Turcos
1256 4856 1612 4910 prosternere.
1634 4848 1811 4912 Quare
1834 4848 1858 4900 2
1885 4850 2006 4916 quia
2023 4851 2254 4914 primum
2281 4849 2403 4916 qui-

862 4933 1007 4993 dem,
1022 4930 1203 4984 Graeca
1217 4935 1399 4987 militia
1419 4938 1519 4988 scit
1535 4937 1666 4989 bene
1683 4952 1776 5003 per
1787 4937 2172 5006 experientiam
2189 4938 2403 4991 modqu

865 5037 1072 5090 gum-ra:
1125 5020 1419 5074 Turcorum
1460 5041 1475 5088 ;
1522 5036 1574 5078 et
1617 5028 1840 5094 insuper
1886 5045 1978 5096 per
2045 5037 2208 5080 totam
2239 5028 2404 5080 .Tur-

864 5118 999 5168 ciunt
1055 5124 1107 5166 et
1153 5112 1494 5166 Saraceniam
1550 5127 1673 5168 sunt
1721 5119 1987 5172 commisti
2051 5119 2293 5186 plurimi.
2354 5129 2407 5172 et

865 5207 1041 5257 adhuc
1089 5202 1403 5262 Christiani,
1435 5212 1488 5255 et
1526 5205 1614 5255 alii
1654 5206 1763 5271 iam
1815 5209 2075 5275 renegati,
2121 5208 2212 5275 qui
2255 5209 2406 5260 valde

865 5298 1094 5366 diligunt
1124 5294 1422 5348 dominium
1455 5292 1787 5358 Grecorum;
1813 5296 1895 5348 isti
1926 5312 2052 5365 ergo
2075 5314 2196 5352 cum
2225 5300 2406 5352 audie-

863 5383 992 5447 rint,
1027 5387 1149 5453 quia
1179 5401 1297 5436 cum
1318 5383 1554 5436 exercitu
1590 5383 1875 5448 imperator
1905 5386 2130 5438 vaditad
2154 5401 2268 5445 eos.
2300 5397 2408 5440 sta-

865 5479 960 5527 tim
995 5477 1318 5528 unanimiter
1341 5472 1698 5539 subjicientur
1732 5471 1831 5523 sibi
1875 5487 1890 5523 :
1932 5473 1978 5524 si
2018 5481 2220 5534 autem,
2264 5475 2405 5540 quod

869 5565 1010 5616 Dens
1062 5580 1165 5617 non
1215 5566 1505 5632 permittat,
1540 5568 1843 5616 everterent
1877 5561 2159 5627 imperium
2200 5561 2409 5616 Graeco-

869 5655 1010 5716 rum,
1042 5663 1192 5706 tanto
1217 5664 1376 5705 erunt
1401 5653 1665 5716 fortiores,
1693 5667 1755 5705 ex
1786 5660 1974 5703 natura
2000 5651 2101 5703 loci
2125 5659 2177 5702 et
2197 5666 2406 5705 rerum:

873 5743 994 5809 quia
1029 5751 1206 5796 autem
1238 5743 1457 5797 omnino
1483 5742 1807 5809 impossibile
1840 5750 1892 5795 et
1917 5736 2281 5805 diﬂicillimum
2310 5742 2410 5795 erit

2502 4578 2755 4632 omnibus
2816 4577 3122 4629 volentibus
3165 4577 3422 4643 adjuvare
3465 4593 3585 4632 cum
3627 4580 3787 4632 rebus
3833 4593 4049 4641 eorum,

2503 4680 2554 4720 et
2589 4667 2839 4719 omnibus
2885 4659 3244 4718 morientibus
3277 4665 3332 4717 in
3367 4666 3508 4718 bello
3551 4665 3886 4730 Turcorum;
3931 4681 4037 4723 ter-

2505 4743 2652 4816 tiam,
2690 4763 2746 4807 ut
2777 4769 2963 4807 omnes
3001 4751 3192 4816 Graeci,
3227 4753 3319 4820 qui
3362 4753 3584 4806 fuerunt
3615 4757 3810 4807 venditi
3845 4775 3872 4807 a
3907 4759 4051 4818 Lati-

2505 4846 2608 4909 nis,
2661 4847 2966 4911 ubicunque
3009 4845 3135 4908 sint,
3171 4843 3486 4905 liberentur,
3531 4851 3584 4896 et
3630 4845 3696 4897 de
3743 4855 3956 4902 catt-aro.
3989 4859 4051 4900 ut

2505 4950 2611 4988 non
2641 4927 2938 5017 vendantur
2963 4934 3154 4997 Graeci,
3184 4943 3237 4986 et
3286 4932 3334 4988 si
3383 4933 3656 5002 quondam
3689 4936 4048 5002 vendiderint,

2505 5026 2585 5078 vel
2615 5026 2844 5078 eruerint
2886 5039 3000 5090 eos,
3049 5026 3130 5077 vol
3180 5025 3376 5079 vadant
3435 5034 3621 5078 contra
3651 5040 3769 5092 eos,
3817 5027 3926 5080 sint
3957 5044 4051 5080 ex-

2504 5098 2936 5182 communicati;
2990 5126 3065 5178 et,
3127 5113 3442 5184 priusquam
3494 5117 3633 5170 facta
3686 5126 3867 5170 essent
3918 5117 4044 5182 ista,

2505 5207 2791 5260 mittantur
2826 5223 2854 5257 a
2890 5206 3042 5259 vobis
3072 5203 3137 5256 ad
3171 5215 3349 5271 partes
3384 5206 3504 5258 illas
3547 5207 3818 5265 d0ctorcs.
3863 5214 3916 5259 et
3946 5206 4047 5259 do-

2506 5304 2662 5348 ccant
2690 5295 2964 5363 populum,
3001 5279 3323 5361 imperatore
3366 5293 3524 5345 dante
3551 5295 3630 5347 eis
3660 5296 4003 5348 securitatem
4028 5312 4044 5356 ;

2507 5396 2562 5438 et
2597 5385 2820 5438 forsitan
2859 5384 3085 5450 populus
3111 5383 3197 5436 ille
3225 5381 3470 5434 videntes
3494 5381 3641 5448 prius
3674 5393 3850 5448 vestra
3883 5383 4049 5437 bene-

2509 5475 2647 5538 ficia,
2677 5473 3201 5534 vererundabqutur,
3233 5481 3288 5523 et
3321 5471 3744 5523 bumiliabuntur
3785 5473 4044 5538 recipere.

2508 5575 2562 5615 ct
2593 5564 2708 5616 sine
2744 5562 2977 5630 generali
3010 5561 3259 5624 concilio,
3281 5571 3512 5614 vestram
3541 5549 3813 5614 unionem.
3843 5557 4046 5614 Tamen

2509 5652 2750 5719 supplico
2795 5653 3132 5705 sanctitatem
3182 5661 3450 5713 vestram,
3521 5662 3580 5705 ut
3635 5654 3677 5706 si
3731 5653 4049 5708 inveneritis

2511 5745 2671 5796 alium
2704 5744 2942 5806 modum,
2968 5755 3059 5809 per
3081 5755 3239 5808 quem
3270 5741 3524 5808 possibile
3547 5743 3648 5798 crit
3676 5743 3930 5812 pepulum
3960 5759 4045 5799 re-
