4450 6440
479 365 606 423 ι337

1642 370 1925 430 ORATIO
1966 373 2112 433 PRO
2153 376 2464 443 UNIONE.

3531 391 3666 457 1338

461 476 641 538 cipere
689 489 728 523 v-
752 483 915 525 stram
946 475 1526 539 unionem,ostenilatis
1549 478 1703 532 nobis
1727 480 1932 547 ipsum,
1952 488 2008 534 et
2036 489 2080 541 Α
2111 469 2230 540 men
2261 490 2324 541 ad
2352 490 2654 557 hujusmodi
2677 498 2729 544 ct
2758 491 2896 548 alios
2930 495 3273 561 expellendos
3320 497 3385 551 de
3413 500 3666 556 cordibus

467 579 589 627 nos,
615 563 1028 631 quodpossibile
1044 571 1144 625 est,
1166 565 1332 630 parati
1360 581 1549 621 sumus
1573 569 1768 622 ducere
1788 571 1851 621 ad
1878 563 2008 624 eﬂe-

467 664 629 706 ctum.
662 671 680 701 ›
719 681 789 690 -
823 652 1028 716 Quibus
1078 669 1170 721 per
1208 656 1428 709 eosdem
1456 648 1733 709 dominum
1759 666 2004 711 nostrum

465 757 734 796 summum
773 744 1077 811 pontilicem
1107 753 1178 798 vet
1210 745 1492 814 collegium
1529 747 1658 799 visis
1688 756 1743 801 et
1777 748 2006 815 diligen-

467 829 575 881 tius
611 831 917 892 intellectis,
967 830 1253 900 babitaquo
1300 848 1464 905 super
1495 834 1573 886 eis
1620 835 2007 888 deliberatione

469 930 698 979 matura,
750 919 980 973 breviter
1007 923 1417 988 'responderuut
1447 961 1462 984 ,
1490 925 1630 990 quod
1669 938 1790 976 cum
1820 925 1946 977 olim
1978 940 2009 977 a

466 1007 668 1082 sanctis
692 1007 958 1070 Patribus,
989 1017 1040 1060 et
1065 1009 1191 1062 viris
1211 1010 1494 1064 catholicis
1518 1011 1573 1062 in
1595 1010 1863 1079 Ephesino
1889 1029 2010 1080 par-

468 1096 596 1156 tium
630 1082 867 1159 Graeciaa,
901 1097 1042 1164 quod
1074 1107 1154 1150 est
1178 1114 1348 1153 unum
1369 1100 1441 1152 de
1456 1110 1683 1168 quatuor
1703 1103 2011 1171 principali-

465 1188 564 1238 bus
596 1187 870 1251 conciliis;
900 1202 999 1241 nec
1049 1203 1153 1243 non
1206 1178 1489 1253 Toletano,
1536 1191 1900 1262 Lugdunensi,
1958 1203 2012 1248 et

465 1276 584 1330 aliis
623 1277 851 1331 diversis
878 1275 1122 1332 conciliis
1170 1295 1265 1348 per
1310 1278 1582 1337 Romanos
1628 1273 1909 1351 pontifices
1957 1293 2012 1338 et

461 1366 744 1422 ecclesiam
805 1365 1126 1433 Romanam,
1161 1369 1243 1423 vel
1291 1372 1610 1426 auctoritate
1661 1374 1898 1441 ipsorum
1957 1362 2011 1428 in

461 1450 688 1506 diversis
752 1455 930 1508 mundi
989 1457 1230 1524 partibus
1287 1467 1392 1512 tam
1427 1457 1819 1526 Orientalibus,
1849 1477 2009 1531 quam

463 1542 892 1599 Occidentalibus
941 1546 1257 1612 celebratis,
1319 1533 1634 1628 solemniter
1683 1550 2012 1604 determina-

463 1640 575 1682 tum
607 1633 870 1687 eatholice
895 1633 1076 1699 fuerit,
1111 1650 1175 1688 ac
1199 1638 1863 1712 etiam'diiﬁnitum,qnod
1888 1640 2015 1709 Spi-

461 1717 598 1770 ritus
630 1731 847 1774 sanctus
879 1725 1208 1778 aaternaliter
1233 1740 1262 1779 a
1291 1726 1449 1780 Patre
1474 1738 1528 1780 et
1558 1727 1712 1791 Filio,
1759 1727 2015 1797 tanquam

459 1806 528 1859 ab
555 1823 661 1860 uno
694 1810 958 1882 principio
983 1821 1037 1866 et
1060 1815 1461 1882 conspiratione
1502 1814 1762 1884 prooedit,
1791 1828 1843 1872 et
1870 1835 2011 1888 qua:-

457 1897 540 1950 vis
565 1898 746 1965 opinio
772 1902 1040 1954 contraria
1065 1895 1347 1970 reprobata
1381 1907 1651 1961 exstiterit
1703 1917 1757 1962 et
1787 1910 2011 1964 damna-

458 1996 547 2052 ta;
587 2003 690 2041 non
733 2000 874 2044 esset
907 1991 1100 2048 decens
1149 2009 1247 2049 nec
1290 1997 1582 2065 expediens
1635 1999 1859 2068 przel‘ato
1911 2001 2011 2056 do-

458 2077 605 2130 mino
644 2089 932 2145 nostro,'et
965 2082 1219 2138 Ecclesia:
1261 2098 1462 2142 sanctae
1492 2088 1608 2154 Dei,
1642 2093 1913 2161 cmtuique
1945 2092 2008 2146 ii-

459 2168 680 2231 delium,
712 2170 791 2224 sic
829 2172 1056 2237 clarum,
1089 2174 1510 2231 determinatum
1545 2187 1599 2232 et
1629 2179 1914 2234 diﬂiuitutn
1948 2182 2009 2235 ﬂ-

456 2257 540 2310 dei
575 2260 862 2314 articrlum
889 2264 1220 2330 hujusmodi,
1256 2282 1413 2334 quem
1439 2267 1608 2322 Graeci
1630 2273 2008 2338 antiquissimo

460 2357 720 2417 tempore,
750 2342 856 2420 piae
891 2357 1163 2410 memoriae
1196 2355 1444 2412 Ormisda
1477 2374 1614 2427 papa
1660 2356 1924 2425 Romano,
1955 2373 2009 2416 et

457 2439 664 2494 Joanne
726 2447 1032 2511 patriarcha
1087 2447 2007 2517 Constantinopolitano,Ecclesiis

459 2537 585 2581 tunc
617 2533 1046 2596 presidentibus,
1067 2545 1117 2587 et
1140 2531 1692 2605 Justinoimperatore
1726 2552 2002 2610 regnante,

454 2615 698 2684 professi'
746 2620 972 2674 fuerunt
1008 2636 1420 2689 expressey‘nec
1464 2642 1570 2681 non
1616 2627 2012 2696 subsequenter

455 2718 575 2775 post
613 2709 820 2776 lapsum
849 2710 993 2779 longi
1043 2716 1302 2783 temporis
1333 2731 1496 2783 super
1538 2717 1874 2787 professione
1921 2722 2003 2792 ip-

442 2799 570 2852 sius
599 2800 811 2854 articuli
837 2793 1072 2857 Joannes
1104 2814 1229 2858 tunc
1280 2810 1586 2874 patriarcha
1620 2810 2007 2868 Constantino-

470 2888 771 2956 politanus,
802 2899 870 2947 et.
953 2889 1179 2946 Michael
1223 2893 1558 2966 Palzeologus
1594 2908 1721 2954 tunc
1753 2902 2010 2970 temporis

457 2980 765 3032 moderator
787 2979 1116 3046 Graecorum,
1165 2985 1313 3049 prius
1350 2985 1419 3039 ab
1477 2988 1664 3042 eodem
1699 2993 2003 3058 patriarcha

2109 573 2416 630 Graecorum
2456 593 2690 640 errores,
2726 581 2981 650 ipsosque
3018 584 3352 639 inducendos
3381 587 3446 640 ad
3482 589 3666 640 unita-

2111 664 2181 719 tis
2213 666 2491 720 catholicae
2514 667 2817 732 veritatem,
2845 673 2981 724 idem
3015 675 3269 726 dominus
3296 687 3478 728 noster
3506 678 3665 730 aliam

2109 754 2246 830 viam
2270 758 2448 824 magis
2495 759 2704 812 facilem
2737 768 2789 813 et
2822 763 3250 827 accommodam,
3296 780 3415 832 qua:
3465 765 3565 818 sibi
3616 777 3669 820 et

2109 843 2256 896 dicto
2279 845 2502 912 collegio
2550 848 2889 902 dominorum
2925 851 3282 903 cardinalium
3319 854 3664 916 occurrebat,

2110 932 2398 1000 przlibatis
2428 934 2637 988 Barlam
2678 947 2731 990 et
2764 938 2920 990 militi
2978 939 3384 1001 ostendendam,
3420 942 3668 995 videlicet

2111 1026 2252 1092 quod
2277 1041 2368 1094 per
2401 1028 2572 1090 illutn,
2603 1030 2693 1096 qui
2719 1045 2776 1084 se
2811 1031 2864 1083 in
2891 1022 3134 1099 partibus
3164 1031 3270 1084 illis
3297 1034 3659 1101 patriarcham

2111 1116 2761 1186 Constan'tinopolitanutn
2832 1122 3086 1190 appellat,
3155 1131 3208 1175 et
3272 1123 3661 1176 moderatorem

2109 1203 2420 1260 Graecorum
2452 1209 2546 1277 qui
2578 1225 2719 1263 nunc
2740 1221 2844 1275 est,
2889 1211 3199 1265 convocatis
3239 1212 3367 1275 illis,
3399 1212 3490 1278 qui
3541 1213 3666 1263 Ale-

2111 1295 2412 1357 xandrinae,
2457 1299 2804 1353 Antiochense
2838 1309 2891 1353 et
2949 1285 3445 1370 llierosolyntitana:
3479 1300 3668 1353 Eccle-

2111 1383 2315 1439 siarum
2345 1388 2685 1443 antistitesin
2717 1390 2797 1443 eis
2811 1391 3052 1458 partibus
3080 1391 3446 1449 nominantur,
3469 1405 3495 1440 a
3521 1383 3668 1440 clero

2114 1475 2345 1540 partium
2396 1477 2704 1530 earumdem
2744 1479 3150 1547 principalibus,
3195 1489 3247 1532 et
3300 1481 3571 1531 nobilibus
3605 1489 3660 1530 et

2115 1562 2414 1630 majoribus
2454 1566 2632 1632 p0puli
2677 1566 2730 1619 in
2762 1571 3074 1636 synodatico
3100 1567 3328 1622 concilio
3355 1569 3670 1620 convocatis

2111 1652 2244 1706 certi
2266 1665 2667 1708 assumerentur
2695 1657 2983 1724 sapientes,
3010 1669 3060 1710 et
3083 1659 3145 1710 ad
3174 1658 3269 1710 has
3298 1668 3476 1724 partes
3507 1658 3669 1715 Occi-

2111 1741 2354 1794 dentales
2380 1729 2736 1806 mitterentur,
2770 1745 2978 1799 idoneis
3007 1746 3270 1798 mandatis
3294 1731 3544 1805 snﬂnlti,‘
3579 1747 3670 1810 qui

2115 1842 2236 1881 cum
2269 1829 2389 1882 aliis
2426 1831 2554 1884 viris
2585 1833 2942 1899 sapientibus,
2971 1835 3139 1888 dnctis
3177 1836 3228 1887 in
3277 1835 3389 1898 lege
3433 1834 3668 1893 Domini,

2114 1926 2168 1972 et
2197 1919 2404 1986 peritis,
2436 1935 2531 1988 per
2561 1923 2744 1975 sedem
2779 1925 3128 1990 apostolicam
3164 1940 3325 1990 super
3365 1926 3465 1976 hoc
3496 1925 3670 1991 depu-

2116 2010 2313 2072 tandis,
2340 2025 2445 2063 non
2490 2027 2584 2079 per
2618 2015 2834 2066 modum
2862 2010 3242 2081 disputationis
3274 2016 3354 2068 vel
3388 2025 3667 2067 concerta-

2116 2100 2298 2162 tionis.
2331 2101 2422 2154 sed
2474 2103 2871 2168 instructionis,
2906 2104 3083 2171 quoad
3133 2102 3347 2157 Grazcos
3383 2105 3527 2169 ipsos
3582 2119 3671 2155 sa-

2111 2188 2324 2253 lutifere
2368 2191 2627 2243 haberent
2677 2201 2942 2253 maturos,
2969 2200 3021 2244 et
3067 2193 3347 2260 diligenter
3389 2201 3665 2247 tractatos.

2113 2287 2172 2331 ut
2217 2279 2426 2331 tandem
2477 2294 2642 2347 super
2676 2279 2927 2347 pradicto
2974 2279 3224 2343 articulo,
3278 2291 3328 2332 et
3371 2281 3567 2339 dubiis,
3615 2265 3664 2332 si

2111 2383 2230 2436 quae
2263 2366 2434 2422 Graeci
2474 2369 2710 2436 praedicti
2755 2370 2978 2422 habeant
3025 2371 3128 2423 alia
3172 2371 3314 2423 circa
3370 2372 3549 2434 Iidem,
3600 2374 3669 2422 ab

2113 2458 2246 2527 ipsis
2275 2456 2497 2522 Graecis,
2543 2459 2662 2512 luce
2699 2450 2976 2513 catholicae
3014 2461 3255 2514 veritatis
3303 2470 3574 2529 percepta,
3611 2470 3668 2513 et

2111 2546 2178 2599 de
2209 2546 2461 2600 cordibus
2491 2550 2675 2601 eorum
2709 2548 2902 2616 fugatis
2932 2549 3187 2611 tenebris,
3215 2550 3279 2601 ad
3322 2549 3469 2602 ovile
3494 2564 3670 2602 rever-

2113 2642 2354 2686 terentur
2381 2633 2743 2698 Dmnlnicum,
2767 2639 2926 2705 cujus
2950 2647 3031 2689 cst
3055 2653 3192 2690 unus
3215 2647 3415 2705 pastor,
3443 2646 3495 2689 et
3516 2648 3668 2690 extra

2111 2725 2254 2797 quod
2286 2740 2394 2778 non
2427 2734 2508 2780 est
2549 2724 2709 2779 alicui
2743 2727 2913 2794 gratia
2951 2743 3126 2796 neque
3159 2730 3325 2782 salus.
3373 2727 3504 2780 Nam
3538 2742 3668 2782 ροη-

2110 2813 2219 2866 cilii
2257 2815 2524 2881 generalis
2580 2816 3065 2883 convocatio,‘qn:e
3091 2817 3235 2884 longi
3273 2819 3530 2883 temporis
3561 2827 3672 2868 tra-

2110 2911 2254 2956 ctum
2282 2903 2478 2971 exiget,
2507 2918 2569 2954 ac
2597 2918 2883 2971 expensas,
2906 2916 2960 2957 et
2990 2905 3202 2958 labores
3229 2906 3402 2958 varios
3444 2917 3497 2958 et
3528 2907 3668 2979 into-

2111 2989 2380 3054 lerabiles,
2424 2992 2597 3058 quoad
2627 2989 2997 3046 Occidentales
3035 2995 3283 3061 praelatos
3318 3004 3370 3046 et
3405 3009 3665 3059 personas

456 3071 712 3135 synodico
733 3071 1000 3126 celebrato
1022 3073 1272 3140 concilio,
1300 3075 1596 3130 solemnem
1617 3080 1895 3145 epistolam
1921 3099 2004 3138 re-
2038 3097 2078 3150 ο
2112 3080 2525 3145 ecclesiasticas,
2551 3083 2782 3148 necinon
2804 3097 2975 3151 reges,
3003 3084 3272 3152 principes
3299 3093 3349 3136 et
3371 3085 3508 3137 alios
3531 3099 3662 3136 con-

458 3158 692 3212 colenda:
722 3162 992 3215 memorite
1009 3161 1201 3217 Joanni
1228 3155 1378 3234 papae
1402 3160 1524 3220 XXI'
1546 3170 1834 3236 miserunt,
1860 3190 2007 3229 nunc

460 3264 552 3317 per
586 3266 752 3306 novas
781 3253 1190 3320 disputationes,
1218 3258 1301 3311 vel
1333 3258 1727 3325 altercationes,
1759 3272 1852 3316 aut
1873 3266 2008 3318 alias

458 3342 884 3408 quomodt’tlibet,
917 3344 969 3395 in
1007 3344 1561 3413 dubium‘revocare;
1591 3364 1689 3402 nec
1719 3353 2007 3417 providen-

455 3433 527 3484 tia
553 3431 696 3484 sedis
719 3431 1026 3498 apostolica
1065 3432 1619 3502 circumspecta,’qua:
1649 3438 1704 3493 in
1731 3440 1848 3494 suis
1876 3442 2007 3493 arti-

457 3521 559 3574 bus
589 3530 642 3572 et
666 3521 1038 3588 processibus,
1056 3524 1286 3577 maxime
1314 3538 1477 3591 super
1503 3527 1569 3580 iis
1596 3541 1713 3594 quae
1732 3528 1889 3582 (idem
1912 3545 2006 3583 or-

458 3611 744 3665 thodoxam
775 3602 1129 3674 éonceruunt,
1156 3615 1514 3668 maturitatem
1544 3617 1836 3672 observare
1865 3620 2002 3672 solet

455 3716 486 3754 a
517 3702 851 3756 rectitudinis
870 3713 922 3756 et
940 3705 1175 3756 veritatis
1202 3704 1416 3777 tramite
1446 3720 1548 3758 non
1580 3707 1883 3772 discedens,
1922 3709 2005 3763 fe-

454 3791 588 3844 cerit
615 3806 849 3860 ea,.quz
892 3807 985 3861 per
1024 3807 1142 3846 eam
1179 3794 1419 3861 provide,
1450 3795 1760 3851 solemniter
1795 3804 1884 3862 get
1908 3814 2004 3853 ca-

455 3882 651 3936 tholice
683 3883 1035 3937 determinata
1078 3892 1133 3938 et
1180 3885 1402 3939 ditﬁnita
1445 3896 1593 3951 sunt,
1627 3888 1679 3940 in
1727 3877 2006 3943 concerta-

456 3973 628 4026 tiones
648 3973 725 4027 t'el
741 3967 1437 4043 disputationessuperﬂuas
1452 3977 1736 4040 deducere,
1772 3980 2004 4032 maxime

454 4076 552 4129 per
584 4061 1049 4116 schismaticorum
1096 4071 1150 4116 et
1174 4062 1556 4131 inereticorum
1599 4063 2000 4132 instigationem

456 4151 537 4204 vel
574 4150 912 4215 instantiam,
963 4152 1282 4228 consuevit:
1331 4158 1413 4217 et,“
1450 4152 1496 4206 si
1528 4152 1630 4208 hoc
1670 4153 1786 4209 ﬁeri
1837 4169 2003 4223 super

456 4244 683 4296 articulo
713 4252 1026 4305 memorato,
1045 4241 1412 4305 ,determinato
1430 4242 1585 4312 juxta
1608 4245 1887 4299 veritatem
1916 4262 2004 4299 ca-

458 4331 732 4393 tholicam,
761 4341 813 4384 et
843 4330 1137 4398 przscrtim
1163 4333 1493 4398 permitteret
1525 4334 1667 4387 circa
1691 4334 1840 4387 illum
1863 4332 2002 4388 vide-

2112 3173 2388 3226 vocandos
2438 3174 2502 3225 ad
2540 3173 2692 3237 illud,
2743 3187 2920 3227 secum
2970 3175 3224 3241 traheret,
3271 3189 3378 3226 non
3429 3173 3663 3234 videtur,

2109 3260 2406 3326 praesertim
2442 3262 2546 3314 hoc
2575 3261 2826 3329 praesenti
2863 3262 3076 3315 turbato
3125 3273 3176 3314 et
3233 3262 3498 3329 impacato
3532 3271 3665 3313 tem-

2107 3351 2531 3415 pore.‘peccatis,
2557 3364 2652 3414 pro
2681 3351 2869 3404 dolorl
2898 3351 3256 3418 exigentibus,
3283 3350 3555 3417 expedire.
3589 3349 3670 3402 Ad

2107 3433 2208 3486 hoc
2234 3442 2414 3487 autem
2446 3437 2588 3501 quod
2618 3437 2683 3488 de
2711 3439 3011 3502 praestando
3055 3438 3257 3489 eisdem
3287 3437 3486 3491 Graecis
3545 3449 3670 3502 ante

2105 3524 2285 3576 omnia
2311 3523 2570 3588 subsidio,
2595 3535 2648 3577 et
2673 3525 2793 3578 aliis
2821 3526 3138 3579 exhibendis
3172 3527 3379 3593 gratiis,
3403 3538 3460 3579 ut
3484 3529 3673 3595 expri-

2104 3614 2288 3674 mitur,
2313 3612 2562 3679 superius
2615 3613 2914 3680 petebatur,
2939 3622 2991 3664 et
3017 3611 3338 3665 fulciebatur
3386 3629 3480 3680 pro
3517 3623 3668 3680 parte

2105 3699 2235 3753 dicti
2270 3700 2482 3753 Barlam
2526 3701 2827 3754 rationibus
2861 3701 3204 3768 quibusdam,
3239 3703 3304 3754 ab
3331 3717 3396 3754 eo
3423 3701 3589 3756 datis'
3613 3705 3664 3756 in

2102 3790 2338 3859 seriptis,
2366 3801 2422 3843 ut
2451 3781 2694 3858 sequitur
2722 3789 2776 3843 in
2818 3789 2961 3842 hunc
3021 3792 3294 3843 modum.»
3321 3819 3389 3828 —-
3425 3791 3665 3844 Licentia

2105 3877 2233 3929 mihi
2264 3877 2388 3930 data
2409 3891 2438 3929 a
2458 3885 2632 3930 vestra
2654 3876 2940 3930 sanctitate
2975 3859 3321 3944 respondere;
3344 3879 3666 3931 ﬁducialiter

2101 3961 2457 4032 respondebo.
2490 3961 2686 4016 Dicunt
2709 3963 2949 4029 quidam,
2989 3961 3367 4016 inconveniens
3441 3978 3580 4025 esse,
3617 3963 3663 4015 si

2102 4053 2448 4123 posuerimus
2469 4052 2662 4106 iterum
2685 4053 2736 4106 in
2763 4053 3213 4110 examinationem
3233 4053 3374 4125 quod
3401 4053 3664 4105 habemus

2097 4144 2208 4210 jam
2264 4133 2408 4198 sicut
2444 4144 2811 4209 manifestum,
2836 4145 2967 4197 mihi
3007 4154 3185 4198 autent
3243 4143 3455 4196 videtur
3488 4152 3659 4196 totum

2101 4233 2468 4298 contrarium;
2501 4234 2546 4288 si
2586 4233 2930 4288 manifestum
2953 4243 3054 4298 est,
3072 4235 3241 4287 multo
3264 4234 3432 4300 magis
3466 4247 3662 4286 conve-

2102 4326 2182 4377 nit
2222 4323 2346 4392 poni
2378 4324 2554 4391 ipsum
2587 4322 2642 4376 in
2665 4322 2934 4384 examine,
2968 4321 3012 4376 si
3068 4322 3234 4389 aliqui
3295 4322 3542 4374 dubitant
3598 4321 3662 4373 de

457 4422 578 4476 licet
623 4391 891 4480 dubitare,
944 4419 1086 4485 quod
1121 4391 1281 4475 absit.
1333 4419 1544 4476 Rursus
1589 4437 1712 4476 eum
1761 4423 2001 4490 prazdicti
2027 4391 2079 4450 Β
2106 4391 2302 4476 εονὺετ
2322 4413 3068 4481 (ιυδιιιοτηιίυηθεοαυπιιηι
3108 4413 3280 4480 prima
3313 4412 3665 4485 estista.Vos

457 4511 665 4564 Batiam
716 4517 770 4562 et
813 4508 988 4568 miles,
1051 4507 1360 4573 huiusmodi
1409 4514 1762 4580 responsione
1801 4515 2005 4577 audita,

455 4601 712 4663 dicerent,
739 4598 882 4668 quod
912 4598 1122 4659 saltem,
1167 4593 1314 4665 quod
1338 4600 1387 4653 si
1440 4601 1508 4653 ad
1542 4602 1893 4670 proﬁtendum
1924 4603 2008 4656 di-

458 4701 602 4746 rtum
632 4686 922 4744 articulum
952 4686 1140 4752 ,στεοἰ
1160 4687 1368 4741 λοι-θαι)
1408 4687 1586 4743 induci
1618 4705 1724 4744 non
1769 4701 2006 4760 possent,

459 4780 716 4836 reunione
777 4778 917 4831 facta
961 4776 1398 4845 permitterentur
1447 4777 1548 4845 ipsi
1605 4776 1803 4842 Graeci,
1858 4781 2006 4847 quod

460 4857 623 4935 super
670 4867 857 4924 eodetn
909 4864 1136 4918 articulo
1181 4871 1386 4923 tenent,
1436 4863 1676 4929 credere,
1724 4864 2008 4933 Latinique

464 4958 746 5012 crederent
781 4957 1067 5021 catholice,
1114 4954 1373 5022 Spiritum
1422 4965 1668 5008 sanctum
1701 4968 1730 5007 a
1763 4954 1918 5009 Patre
1955 4965 2010 5010 et

465 5049 598 5104 Filio
624 5037 911 5116 procedere
934 5046 1232 5100 secundum
1267 5043 1538 5097 veritatem
1565 5043 1904 5108 catholicam,
1926 5044 2010 5097 ’si-

463 5151 548 5194 cut
577 5140 842 5204 credunt;
878 5151 1196 5205 responsum
1229 5127 1463 5197 exstitit,
1488 5133 1589 5186 hoc
1628 5147 1748 5186 esse
1777 5133 2007 5187 nullate-

465 5243 564 5282 nus
591 5221 950 5291 toierandum’,
975 5226 1099 5291 quia
1132 5226 1185 5278 in'
1214 5226 1327 5294 ipsa
1371 5217 1606 5280 Ecclesia
1633 5221 1921 5292 catholica,
1952 5222 2006 5274 in

462 5331 568 5384 qua
613 5331 715 5368 una
754 5315 884 5368 tides
911 5313 1031 5366 esse
1059 5313 1320 5375 noscitur,
1368 5310 1447 5370 sic
1487 5309 1664 5376 quoad
1699 5307 1801 5360 hoc
1829 5307 2009 5374 dupli~

462 5419 576 5460 cem
606 5405 760 5456 tidem
795 5402 974 5454 minus
999 5401 1260 5453 veraciter
1291 5407 1431 5454 esset
1455 5397 1602 5458 dare,
1638 5394 2011 5448 dictus‘domi-

464 5510 567 5548 nus
593 5502 776 5547 noster
806 5505 1051 5544 summus
1079 5490 1314 5557 pontifex
1347 5504 1475 5543 cum
1501 5488 1612 5554 ipsa
1645 5485 1880 5538 Ecclesia
1910 5487 2008 5537 hu-

465 5582 696 5652 jusmodi
720 5581 1004 5634 manifesto
1028 5594 1132 5632 non
1157 5579 1472 5639 resistendo,
1499 5577 1669 5629 errori
1703 5575 2009 5628 viderentur

475 5671 664 5735 eidem,
692 5671 836 5739 quod
858 5677 1062 5725 avcrtat
1086 5656 1362 5734 Dominus,
1391 5663 1708 5723 consentire.
1731 5662 2008 5719 Verumta-

2108 4503 2434 4558 coniiteminl
2451 4518 2616 4564 nunc,
2640 4503 2766 4571 quia
2784 4501 3014 4571 Spiritus
3027 4511 3247 4555 sanctus
3262 4504 3502 4570 procedit
3519 4512 3570 4553 et
3599 4516 3662 4554 ex

2112 4594 2268 4657 Filio,
2304 4593 2444 4646 sicut
2476 4603 2529 4647 et
2561 4604 2626 4646 ex
2666 4593 2858 4657 Patre;
2887 4597 2980 4646 sed
3025 4594 3128 4647 hoc
3156 4608 3185 4646 a
3216 4592 3419 4645 Grecis
3453 4593 3664 4644 dubita-

2074 4680 2076 4682 ’
2115 4692 2224 4737 tur.
2257 4683 2314 4736 Si
2337 4693 2515 4735 autem
2540 4698 2724 4736 verum
2751 4692 2855 4744 est,
2897 4692 2950 4734 et
2978 4692 3207 4751 ponetur
3233 4684 3286 4734 in
3317 4696 3660 4734 communem

2111 4773 2581 4835 examinationem,
2613 4773 2754 4824 sicut
2796 4785 2878 4825 est
2910 4787 3051 4823 nunc
3096 4772 3245 4823 vobis
3295 4771 3662 4833 manifestum,

2111 4864 2190 4916 sic
2218 4867 2273 4917 et
2299 4872 2423 4915 tunc
2452 4861 2537 4914 liet
2567 4871 2620 4913 et
2643 4859 2842 4913 Grazcis
2869 4859 3210 4913 manifestum
3235 4876 3248 4921 ;
3281 4862 3422 4929 quod
3451 4877 3547 4916 vos
3570 4864 3660 4916 de-

2111 4950 2328 5008 beretis
2363 4933 2591 5004 maxime
2612 4946 3462 5013 considerare.Quemadmodum
3519 4951 3659 5003 enim

2110 5052 2299 5097 natura
2326 5046 2865 5106 aromatum,quanto
2901 5039 3024 5106 quis
3047 5039 3153 5092 ista
3184 5050 3360 5092 movet
3388 5038 3657 5099 manibus,

2110 5132 2369 5200 majorem
2401 5128 2596 5182 emittit
2623 5127 2864 5189 odorem,
2901 5127 2982 5183 sic
3011 5137 3065 5180 et
3089 5139 3275 5182 natura
3301 5126 3433 5190 veri,
3458 5137 3660 5192 quanto

2111 5219 2281 5287 magis
2315 5217 2655 5272 examinatur
2683 5203 3071 5285 disputatione,
3108 5224 3258 5269 tanto
3309 5214 3478 5280 magis
3523 5229 3658 5282 pura

2108 5322 2163 5363 et
2191 5309 2332 5362 clara
2363 5314 2601 5374 apparet.
2637 5304 2823 5359 Omnis
2851 5307 2997 5360 enim
3028 5302 3356 5358 examinatio
3393 5317 3498 5355 non
3528 5318 3658 5356 con-

2112 5398 2282 5450 suevit
2315 5396 2489 5448 ia'cerc
2513 5393 2671 5447 dubia
2698 5409 2817 5460 quae
2847 5394 3022 5461 primo
3043 5399 3199 5443 erant
3233 5389 3539 5452 manifesta,
3569 5395 3660 5445 scd

2111 5485 2459 5557 contrarium.
2489 5483 2563 5536 Ea
2589 5482 2735 5536 enim
2769 5497 2888 5548 qua:
2929 5480 3074 5547 prius
3105 5487 3262 5531 erant
3307 5478 3493 5542 dubia,
3541 5482 3656 5548 ipsa

2111 5576 2441 5631 examinatio
2473 5574 2629 5627 habet
2673 5589 2703 5626 a
2751 5579 2938 5624 natura
2990 5568 3057 5621 ad
3101 5569 3304 5621 clarum
3339 5570 3553 5624 ducere.
3585 5571 3657 5625 Ea

2113 5682 2262 5735 ergo,
2292 5680 2411 5734 qua:
2442 5663 2589 5732 prius
2626 5669 2776 5715 erant
2819 5656 3122 5724 n-anifcsta,
3171 5660 3286 5728 ipsa
3328 5663 3656 5718 examinatio
