4450 6440
793 321 921 381 i339

777 528 883 580 est,
916 528 974 570 ut
1027 532 1116 567 vos
1149 514 1444 581 exemplum
1496 515 1780 582 assignetis
1824 529 1852 566 a
1901 513 2102 566 sanctis
2145 509 2314 562 Patri-

782 609 901 670 ltus.
953 607 1026 658 Illi
1059 606 1198 657 enim
1246 604 1508 656 habebant
1544 604 1756 669 quidem
1803 603 2166 661 manifestum,
2200 600 2323 667 quia

779 694 946 745 Filius
1003 693 1237 758 ejusdem
1310 689 1620 744 substantia
1679 699 1758 743 est
1823 689 1963 742 Patri
2010 709 2022 752 ;
2090 700 2262 741 tamen
2309 726 2324 749 ,

776 783 1029 848 quoniam
1080 782 1261 834 Ariani
1303 783 1611 835 dubitarant
1648 782 1713 835 de
1748 782 1868 844 hoc,
1899 791 2189 853 posuerunt
2223 781 2324 831 hoc

780 865 832 925 itt
867 873 1278 936 examinatione,
1314 881 1368 924 ut
1397 881 1445 924 et
1484 872 1616 924 alios
1648 873 1916 924 salvarent
1943 885 1957 922 :
1985 870 2233 923 similiter
2259 878 2325 922 et

784 979 834 1016 tu
878 945 1014 1016 aliis
1047 963 1287 1016 conciliis
1332 962 1611 1033 orthodoxi
1669 962 1852 1015 Patres
1895 961 2162 1014 habebant
2204 961 2325 1028 qui-

783 1053 1212 1125 tiem'manil‘esta
1247 1067 1328 1109 ea.
1385 1055 1450 1104 de
1492 1052 1684 1118 quibus
1725 1052 1960 1104 haretici
1992 1052 2322 1113 dubitabant,

782 1132 1227 1210 lamenquoniam
1265 1142 1630 1195 desiderabant
1665 1154 1716 1194 et
1757 1142 1872 1195 illos
1905 1142 2113 1208 jnrare,
2158 1159 2321 1210 pone-

779 1233 905 1285 bant
947 1247 1006 1283 ea
1046 1232 1100 1284 in
1140 1246 1476 1285 Communem
1511 1231 1977 1312 examinzitionem.
2021 1233 2132 1286 Non
2182 1236 2323 1287 enim

775 1334 888 1376 erat
913 1323 964 1374 in
982 1325 1059 1376 eis
1100 1324 1226 1390 quid
1250 1324 1541 1391 prohibens
1566 1338 1658 1378 eos
1683 1322 1858 1377 facere
1882 1341 1897 1389 ;
1924 1332 1977 1377 et
2003 1326 2320 1389 credebant;

778 1428 918 1472 vere,
933 1417 1080 1481 quia,
1097 1428 1214 1481 qua:
1233 1414 1494 1469 habebant
1513 1415 1610 1478 ipsi
1633 1413 1929 1477 manifesta,
1948 1413 2116 1483 posita
2138 1414 2189 1467 in
2202 1429 2322 1467 exa-

779 1503 1339 1566 ntinationem,adhuc
1377 1505 1738 1557 manifestiora
1764 1504 1982 1567 lient,‘et
2015 1504 2212 1557 multos
2239 1504 2325 1570 ju-

777 1593 976 1643 vahnnt
998 1608 1012 1644 :
1031 1574 1173 1660 ergo‘
1192 1601 1244 1646 et
1262 1607 1374 1654 vos.
1392 1593 1435 1646 si
1454 1593 1700 1646 similiter
1725 1593 1997 1646 volueritis
2035 1592 2226 1654 facere,
2258 1593 2322 1644 ad

776 1682 998 1754 gloriam
1041 1683 1191 1735 vobis
1241 1683 1529 1748 continget.
1562 1680 1739 1736 Tertia
1778 1684 1910 1736 ratio
1939 1693 2022 1737 est
2054 1683 2178 1738 ista.
2214 1684 2324 1751 Ego

779 1765 995 1832 quidem
1045 1774 1221 1824 sciens
1265 1774 1416 1834 bene,
1453 1771 1670 1852 Latinos
1715 1788 1988 1841 nunquam
2027 1774 2092 1826 de
2129 1776 2208 1827 eis
2226 1775 2324 1824 ali-

776 1862 916 1926 quod
947 1862 1377 1923 blasnhemium;
1414 1862 1707 1929 prudentes
1753 1866 1895 1916 enim
1954 1865 2092 1916 viros
2125 1874 2179 1916 et
2227 1880 2313 1916 sa—

777 1951 1144 2020 pientissimos
1171 1951 1281 2004 scio
1307 1969 1320 2014 ;
1352 1953 1442 2004 sed
1481 1953 1570 2003 alii
1600 1951 1796 2009 Graci,
1831 1953 1918 2018 qui
1948 1968 2051 2004 noti
2083 1963 2310 2006 noscunt

772 2057 866 2096 eos
907 2042 1044 2094 sicut
1072 2055 1194 2107 ego,
1223 2041 1421 2102 dicent,
1451 2039 1600 2107 quia.
1651 2056 1746 2106 pro
1800 2039 2102 2104 littiltlilal‘;
2132 2039 2309 2094 nolite»

776 2141 900 2185 runt
940 2131 1119 2184 venire
1159 2132 1223 2183 ad
1252 2131 1721 2191 examinationem,
1756 2131 2010 2194 timcndo,
2063 2144 2128 2182 ne
2175 2130 2311 2184 forte

774 2226 1057 2276 videantur
1106 2223 1279 2275 'Graei
1320 2222 1510 2274 dicere
1550 2222 1759 2274 veriOra
1815 2237 1974 2290 quam
2029 2222 2125 2289 ipsi
2171 2220 2309 2290 ;qui

773 2314 915 2364 enim
951 2313 1172 2365 conlidit
1206 2313 1329 2374 sibi,
1363 2322 1416 2365 et
1451 2301 1660 2380 reputat
1692 2313 1915 2366 firmiter
1947 2313 2149 2374 habere
2176 2314 2306 2365 reri-

775 2412 958 2464 tatem,
986 2417 1089 2455 non
1111 2403 1293 2471 ell‘ugit
1314 2404 1764 2457 examinationem
1789 2423 1803 2468 ;
1832 2407 1920 2470 qui
1963 2414 2139 2456 autem
2171 2404 2312 2458 hanc

775 2492 984 2556 eﬂ'ngit,
1036 2503 1254 2558 praStat
1288 2494 1644 2557 suspicionem
1705 2494 2027 2545 timiditatis.
2080 2493 2139 2545 Si
2187 2493 2311 2560 quis

775 2587 940 2647 enim,
988 2583 1261 2637 cambiens
1313 2598 1526 2646 aurum,
1569 2593 1727 2650 negat
1777 2585 2004 2651 experiri
2033 2586 2084 2636 in
2118 2586 2309 2651 lapide,

777 2689 897 2728 cum
930 2673 1190 2739 recipiens
1242 2674 1415 2739 ipsum
1459 2682 1598 2738 petat
1641 2682 1694 2725 et
1748 2675 1850 2726 hoc
1885 2657 2017 2735 ﬂeri,
2056 2676 2314 2741 suspieio-

781 2780 900 2817 netn
938 2764 1052 2825 dat,
1085 2764 1210 2831 quia
1270 2777 1373 2815 non
1431 2764 1618 2827 credit,
1678 2778 1871 2831 purum
1935 2777 2056 2816 esse
2116 2777 2312 2816 aurum

778 2869 935 2907 suum
985 2853 1109 2906 :sie
1162 2860 1216 2905 et
1268 2864 1488 2907 vocatus
1535 2853 1588 2906 itt
1643 2828 1900 2921 iudicium
1940 2864 1992 2906 et
2043 2855 2315 2908 examina—

779 2947 974 2996 tionem
1003 2957 1099 3010 pro
1131 2943 1306 3009 aliqua
1334 2959 1410 3006 re,
1441 2953 1495 2995 et
1519 2944 1706 2996 nolens
1727 2943 2006 3004 accedere,
2051 2943 2310 3009 suspicio-

778 3051 895 3088 nem
925 3035 1035 3096 dat,
1063 3035 1188 3100 quia
1224 3047 1326 3085 non
1361 3032 1582 3086 conﬁdit
1610 3033 1663 3084 in
1692 3045 1750 3084 se
1791 3033 1927 3096 ipso,
1958 3043 2131 3095 neque
2162 3020 2317 3094 repu~

1887 312 2268 372 BAliL.\.\.\ll
2326 310 2419 367 DE
2458 309 2874 368 SEMINARIA

788 428 1152 482 matiitestiora
1185 427 1332 480 facit.
1376 425 1623 480 Secunda
1673 426 1808 478 ratio
1852 436 1930 478 est
1966 427 2083 477 i5ta.
2113 423 2324 476 Jttsutm
2359 422 2403 474 Δ
2431 422 2766 480 substantia.
2822 421 3090 473 suﬂiciani
3139 421 3238 472 ista
3317 420 3493 485 nobis,

3843 309 3978 371 i350

3565 431 3621 472 ut
3685 421 3978 474 habeamus

2433 503 2704 564 unioirem.
2765 510 2836 563 De
2893 510 3237 578 processione
3289 522 3466 562 autem
3519 507 3749 576 Spiritus
3806 512 3978 562 sancti

2430 615 2533 652 non
2566 600 2868 652 dividantur
2902 601 2967 652 ab
3023 600 3292 662 invicem;
3325 599 3417 652 sed
3451 601 3719 666 sapientes
3759 599 3975 664 quidam

2429 692 2597 744 nostri
2625 707 2748 744 cum
2783 692 2977 744 vestris
3009 693 3281 758 disputent
3318 691 3384 742 de
3419 691 3518 742 ista
3547 690 3869 757 quastione,
3929 691 3974 740 si

2426 783 2637 835 volunt.
2680 783 3053 834 Communiter
3077 796 3206 834 vero
3261 797 3366 834 non
3394 767 3716 833 haberemus
3754 789 3976 846 promer

2428 871 2532 924 hec
2565 872 3008 934 divisionem,sed
3044 881 3217 924 tenete
3245 887 3361 933 vos,
3396 873 3534 931 quod
3566 873 3729 925 vultis
3763 871 3827 921 de
3848 871 3971 931 isto,

2424 973 2480 1015 et
2535 977 2631 1014 nos
2673 962 2938 1024 simi'iter,
2990 971 3042 1015 et
3081 978 3185 1014 non
3235 962 3549 1014 damnemus
3607 960 3819 1028 propter
3875 961 3973 1010 ltor

2426 1054 2776 1114 alterutrum;
2811 1053 2902 1105 sed
2959 1053 3155 1103 factum
3185 1052 3253 1105 sit
3309 1061 3530 1106 tantum.
3589 1049 3696 1103 Vos
3757 1044 3970 1117 quidem

2425 1143 2547 1195 date
2599 1141 2856 1195 Ecclesia
2884 1140 3142 1194 Romana
3185 1141 3333 1194 illum
3373 1144 3654 1205 honorem,
3691 1156 3845 1208 quem
3875 1141 3971 1191 da-

2425 1233 2552 1285 bant
2588 1241 2640 1286 et
2690 1233 2892 1299 antiqui
2953 1233 3270 1298 patriarchae
3335 1236 3385 1285 in
3437 1244 3674 1299 tempore
3728 1219 3971 1291 ultionis,

2422 1340 2583 1394 quam
2640 1324 3133 1378 deterntinaverttnt
3160 1335 3211 1376 et
3269 1324 3409 1392 leges
3466 1326 3866 1390 imperatorum.
3919 1333 3970 1372 ot

2423 1429 2660 1468 canones
2686 1424 2994 1466 sanctorum
3027 1413 3267 1474 Patrum,
3297 1425 3348 1465 et
3378 1412 3494 1479 plus
3531 1427 3634 1464 non
3682 1412 3910 1477 petimus
3939 1423 3966 1459 a

2423 1508 2596 1559 vobis.
2655 1504 2760 1557 Nos
2806 1513 2982 1556 autem
3025 1503 3195 1571 parati
3231 1517 3417 1556 sumus
3467 1504 3614 1562 dare.
3643 1510 3697 1555 et
3758 1503 3968 1554 [innare

2425 1592 2679 1647 Ecclesia
2707 1593 2985 1655 Orientali,
3017 1603 3068 1646 et
3097 1593 3401 1657 specialiter
3433 1592 3682 1645 Ecclesia
3706 1590 3966 1644 Constan-

2424 1684 2804 1751 tinopolitanae,
2828 1692 2880 1736 et
2906 1682 3131 1750 imperio
3155 1681 3752 1748 Constantinopolitano
3781 1682 3962 1731 omnia

2420 1771 2563 1838 jura,
2617 1787 2736 1839 qua
2773 1780 2897 1824 sunt
2931 1774 3011 1825 vel
3045 1772 3113 1824 ab
3164 1772 3379 1838 antiqua
3423 1770 3832 1831 consuetudine,
3887 1768 3965 1819 rei

2422 1861 2775 1913 determinata
2810 1869 2902 1912 aut
2938 1877 2968 1912 a
3002 1861 3206 1928 legibus
3236 1862 3737 1927 imperatorum,aut
3789 1875 3819 1911 a
3870 1872 3964 1909 ra-

2418 1950 2652 2002 nonibns
2685 1958 2995 2001 sanctorum
3035 1950 3274 2003 i'atrum.
3315 1952 3416 2002 Ista
3442 1951 3626 2011 verba,
3653 1938 3964 2002 sanctisime

2410 2035 2590 2100 Pater,
2623 2040 2903 2092 audientes
2934 2039 3131 2100 Graci,
3189 2040 3232 2091 si
3280 2053 3469 2092 omnes
3516 2040 3797 2107 recipient,
3858 2053 3962 2090 non

2411 2146 2628 2198 possum
2652 2130 2827 2183 dicere
2849 2148 2865 2192 ;
2893 2140 3067 2183 tamen
3095 2131 3275 2190 credo,
3296 2130 3418 2197 quia
3443 2129 3653 2196 plurimi
3677 2128 3962 2193 recipient,

2411 2229 2466 2274 et
2496 2219 2726 2273 forsitan
2782 2235 2874 2286 per
2939 2220 3099 2270 istum
3151 2216 3368 2274 modum
3419 2216 3566 2270 Deus
3608 2217 3754 2268 dabit
3807 2217 3962 2270 nobis

2413 2313 2692 2364 unionem.
2725 2309 2927 2363 Tamen
2954 2308 3322 2377 supplicamus
3340 2318 3571 2361 vestram
3603 2308 3961 2368 sanctitatem,

2365 2391 2369 2393 ’
2413 2419 2515 2456 non
2568 2401 2828 2455 omittatis
2864 2416 2962 2454 nos
2989 2401 3106 2455 sine
3152 2409 3366 2468 portare
3396 2399 3629 2464 aliquam
3670 2400 3895 2466 gratiam
3931 2414 3960 2450 a

2412 2494 2567 2547 vobis
2622 2492 2840 2546 domino
2901 2507 3021 2547 meo
3047 2492 3381 2560 imperatori,
3421 2501 3476 2543 ttt
3507 2500 3742 2558 optatqu
3781 2505 3960 2548 suum.

2411 2581 2555 2651 quod
2573 2581 2732 2635 habet
2757 2583 2969 2635 unionis
2987 2583 3239 2635 Ecclesia
3264 2595 3369 2636 non
3394 2585 3413 2604 ⁶
3442 2586 3458 2603 '
3487 2587 3502 2604 ⁸
3527 2583 3618 2634 sed
3643 2584 3821 2648 potius
3844 2582 3963 2632 illu-

2413 2676 2699 2725 minetur.»
2728 2700 2795 2711 -
2823 2672 3181 2738 Supradictus
3206 2672 3458 2725 dominus
3491 2682 3680 2724 noster
3716 2686 3962 2723 summus

2414 2745 2674 2831 pontiiei,
2701 2779 2823 2817 cum
2859 2779 2969 2817 suo
2990 2746 3217 2831 collegio
3270 2762 3537 2826 praedicto,
3595 2762 3962 2829 respondendo

2414 2857 2570 2920 dixit,
2598 2858 2766 2924 quod,
2797 2858 2997 2910 eisdem
3032 2856 3339 2908 rationibus’
3361 2869 3698 2921 nequaquam
3733 2853 3958 2905 obstan-

2415 2950 2582 3008 tibus,
2609 2963 2672 2999 es
2706 2962 2770 2999 eo
2817 2949 2962 3015 justa
3008 2947 3257 3014 pradieta
3314 2948 3500 3013 petitio
3555 2961 3660 2998 non
3706 2946 3957 3008 videtur;

2413 3035 2538 3102 quia
2565 3035 2610 3088 si
2652 3033 2943 3095 fortificati,
2991 3033 3168 3096 ditati,
3195 3033 3409 3083 exaltati
3469 3041 3522 3084 et
3551 3030 3837 3083 confer-tati
3867 3047 3961 3097 per

779 3135 857 3178 tat
887 3123 1133 3186 lirmiter,
1180 3122 1380 3175 Iirmari
1415 3121 1468 3173 in
1514 3121 1758 3172 veritate.
1788 3117 2060 3171 Attendite
2089 3130 2238 3184 ergo,
2272 3116 2318 3170 si
2342 3125 2390 3187 ο
2422 3123 2602 3179 sedem
2635 3122 3002 3190 apostolicam,
3039 3136 3212 3188 reges,
3239 3122 3502 3189 principes
3530 3128 3584 3173 et
3613 3121 3838 3187 populos
3867 3135 3960 3173 ca-

781 3217 979 3266 bonum
1004 3222 1106 3272 est,
1131 3211 1288 3264 talem
1312 3209 1618 3277 opinionem
1646 3209 1772 3261 dare
1789 3206 2060 3275 aliquibus
2075 3205 2141 3260 de
2169 3195 2320 3261 vobis

780 3304 928 3370 ipsis,
954 3302 1079 3368 quia
1105 3299 1170 3350 ab
1194 3299 1439 3352 omnibus
1459 3297 1764 3351 hominibus
1794 3296 2320 3350 diti‘ertissccundum

779 3406 953 3445 meam
983 3389 1288 3456 opinionem
1321 3387 1580 3455 sapientia
1598 3395 1652 3439 et
1669 3386 2080 3454 magniﬁcentia.
2117 3384 2320 3449 Quarta

781 3483 917 3534 ratio
942 3491 1022 3534 est
1039 3481 1158 3534 ista.
1179 3479 1292 3530 Non
1304 3477 1459 3531 debet
1474 3477 1666 3545 aliquis
1720 3479 1927 3538 timere,
1964 3491 2028 3529 ne
2045 3475 2180 3530 forte
2195 3490 2324 3530 con-

784 3571 949 3637 tingat
963 3570 1214 3622 Ecclesiae
1232 3567 1324 3621 Dei
1348 3581 1411 3645 e_s
1445 3566 1549 3620 isto
1574 3565 1800 3619 concilio
1827 3565 2319 3634 aliqua,desoiatio,

782 3658 1176 3713 considerando
1224 3657 1352 3725 quia
1403 3655 1617 3724 quoties
1686 3654 1883 3708 factum
1940 3664 2023 3709 est
2075 3653 2321 3727 generale

781 3747 1088 3810 concilium,
1118 3758 1326 3812 semper
1357 3743 1423 3796 ad
1454 3740 1832 3797 esaltationem
1860 3751 1917 3804 ,et
1945 3725 2198 3796 honorem
2219 3725 2322 3795 Ec-

784 3837 978 3899 clesia,
1006 3845 1060 3889 et
1096 3836 1357 3898 majorem
1387 3833 1692 3886 ﬁrmitatem
1733 3831 1975 3886 veritatis
1995 3831 2194 3884 factum
2215 3824 2321 3895 est;

784 3944 912 3997 ergo
940 3937 994 3982 et
1024 3944 1166 3981 nunc
1189 3929 1507 3981 credendum
1537 3933 1636 3990 est,
1669 3926 1816 3993 quia,
1846 3925 1892 3978 si
1917 3924 2007 3978 ﬁat
2031 3923 2099 3978 de
2123 3938 2320 3993 propo-

787 4017 904 4070 sitis
929 4017 1172 4085 generale
1201 4015 1511 4078 conciiiunt,
1543 4023 1597 4068 et
1626 4013 1874 4066 essitatio
1908 4027 2099 4080 magna
2129 4011 2315 4066 Eccle-

787 4108 881 4158 sia!
906 4116 1175 4172 sequetur.
1211 4103 1262 4156 Si
1288 4105 1478 4168 aliquis
1503 4113 1682 4157 autem
1706 4105 1815 4155 vult
1841 4103 2037 4164 dicere,
2063 4103 2189 4172 quia
2243 4103 2318 4157 is-

786 4197 882 4246 tttd
911 4211 1046 4263 opus
1080 4193 1277 4260 indiget
1306 4195 1488 4246 multis
1521 4195 1851 4261 temporibus
1882 4203 1935 4247 et
1983 4194 2186 4263 ntagois
2221 4210 2318 4248 ex-

789 4288 990 4352 leSlS,
1045 4285 1199 4344 sciat,
1239 4285 1362 4351 quia
1417 4299 1511 4352 pro
1570 4286 1674 4338 isto
1729 4299 1888 4352 opere
1942 4301 2047 4338 non
2108 4293 2312 4338 tantum

790 4372 1041 4439 pecunias
1078 4383 1129 4426 et
1159 4383 1392 4441 tempora
1437 4388 1532 4439 pro
1560 4375 1726 4428 nihilo
1765 4376 2017 4429 debemus
2045 4386 2312 4443 reputare,

789 4459 880 4510 sed
918 4467 970 4510 et
999 4459 1307 4524 sanguinem
1367 4457 1605 4512 nostrum
1667 4461 1890 4517 libenter
1940 4472 2155 4530 propter
2215 4463 2321 4516 hoc

788 4545 1078 4610 eﬂ‘ttndere,
1120 4546 1165 4598 si
1221 4559 1438 4607 necesse
1475 4545 1700 4611 fuisset;
1763 4550 1885 4614 quia
1946 4552 2117 4618 majus
2158 4565 2314 4618 opus,

789 4650 949 4700 quam
995 4633 1136 4687 uniri
1174 4633 1385 4686 Graeos
1437 4649 1554 4686 cum
1608 4634 1829 4699 Latinis,
1867 4641 1969 4692 sub
2019 4639 2155 4693 calo
2211 4653 2317 4692 non

791 4725 989 4792 poterit
1026 4725 1184 4778 homo
1217 4723 1476 4777 invenire.
1509 4723 1675 4788 Quem
1699 4741 1825 4795 ergo
1855 4729 2021 4782 batieo
2045 4729 2317 4781 residuum

795 4814 1012 4866 modum
1051 4813 1283 4888 unionis,
1335 4813 1445 4880 jam
1479 4815 1652 4865 dicam
1689 4822 1890 4868 tantum
1931 4817 2316 4884 protestando,

792 4905 920 4972 quia
944 4901 1240 4956 certissime
1270 4903 1484 4969 quidem
1513 4916 1620 4954 non
1656 4916 1871 4968 possum
1905 4907 2100 4970 dicere,
2132 4907 2175 4959 si
2231 4898 2322 4960 ea

795 5010 892 5061 per
920 4995 1080 5045 istum
1119 4992 1331 5044 modum
1380 4992 1528 5054 unio,
1579 5001 1774 5045 tamen-
1805 4998 1980 5061 credo,
2038 4997 2162 5065 quia
2211 4997 2322 5050 Deo

796 5082 1047 5149 possibile
1098 5088 1197 5133 est.
1248 5077 1492 5143 Potestis,
1524 5082 1568 5133 si
1623 5080 1802 5143 vult-is,
1857 5082 2064 5136 mittere
2092 5084 2157 5136 ad
2186 5097 2320 5150 qua-

797 5182 918 5222 tuor
950 5171 1281 5237 patriarchas
1303 5168 1587 5224 Orientalis
1617 5171 1890 5232 Ecelesia,
1943 5181 1995 5224 et
2047 5172 2112 5228 ad
2154 5173 2320 5239 impe-

801 5266 1056 5318 ratorem,
1108 5258 1308 5325 legatos
1343 5267 1567 5317 vestros,
1627 5258 1903 5325 dicentes;
1959 5260 2067 5312 Viri
2106 5259 2318 5324 fratres,

799 5351 1052 5410 quoniam
1082 5357 1134 5402 et
1162 5363 1257 5402 vos
1282 5356 1336 5403 et
1357 5363 1453 5402 nos
1483 5346 1801 5401 conﬁtemur
1831 5349 1883 5402 in
1932 5349 2130 5403 divinis
2158 5363 2317 5401 unam

802 5437 1173 5495 substantiam,
1201 5446 1255 5490 et
1292 5447 1400 5492 tres
1427 5450 1706 5505 personas,
1738 5439 1895 5489 etiam
1935 5452 2094 5489 unum
2125 5437 2323 5503 princi-

803 5518 945 5583 pium
970 5536 986 5581 ;
1010 5531 1063 5572 et
1095 5539 1264 5586 neque
1298 5537 1387 5578 vos
1428 5538 1597 5591 neque
1625 5538 1723 5597 nos
1765 5525 2075 5578 adducimus
2105 5525 2156 5575 in
2188 5522 2324 5577 divi-

804 5606 888 5658 nis
918 5616 1007 5660 aut
1067 5607 1392 5667 identitatetu
1449 5627 1816 5682 personarum,
1865 5625 1953 5668 aut
2002 5613 2318 5668 divisionem

2424 3211 2650 3275 tbelicos
2707 3220 2830 3263 ante
2867 3210 3179 3262 reunionem
3225 3208 3552 3276 pradictam,
3584 3217 3765 3274 postea
3816 3218 3958 3272 terga

2421 3309 2475 3354 et
2503 3315 2607 3354 non
2643 3299 2830 3353 faciem
2857 3307 3130 3352 verterent
3171 3295 3427 3351 Romana
3457 3296 3708 3350 Ecclesia
3756 3308 3958 3348 meato-

2420 3399 2571 3455 rata,
2599 3390 2742 3444 sicut
2768 3390 2922 3454 alias,
2957 3393 3084 3443 dum
3111 3390 3468 3444 credebantur
3521 3390 3736 3452 renniti,
3796 3397 3957 3457 prout

2419 3487 2733 3546 expressum
2787 3464 2867 3533 est
2907 3482 3176 3548 superius,
3227 3481 3420 3534 fecisse
3469 3487 3797 3542 noscuntur;
3837 3493 3957 3545 pro-

2419 3571 2508 3630 cul
2533 3571 2695 3624 dubio
2729 3571 2866 3623 idem
2911 3571 3161 3624 dominus
3209 3584 3447 3624 summus
3481 3569 3735 3638 pontifex,
3773 3568 3957 3622 Eccle-

2420 3661 2521 3723 sia,
2560 3671 2613 3713 et
2640 3659 2823 3713 ﬁdeles
2855 3659 2950 3713 alii
2995 3670 3334 3714 remanerent
3367 3655 3617 3723 delusi,et
3644 3658 3749 3713 diei
3780 3666 3957 3726 posset

2418 3749 2765 3817 opprobrium
2795 3763 2900 3802 non
2931 3750 3224 3812 modicum,
3259 3752 3398 3818 quod
3423 3765 3550 3803 suos
3580 3757 3631 3802 et
3661 3731 3781 3803 ﬁdei
3804 3751 3954 3817 juve-

2420 3848 2542 3893 rant
2575 3847 2630 3893 et
2656 3839 3073 3894 loriitlcaverant
3100 3840 3345 3894 inimicos
3396 3848 3449 3892 et
3496 3840 3696 3904 hostes,
3742 3840 3944 3907 partici-

2419 3938 2744 4000 passentque
2798 3931 3111 3984 scandalosa
3143 3945 3264 3982 cum
3290 3931 3408 3992 eis;
3461 3931 3552 3982 sed
3598 3931 3641 3982 si
3676 3944 3770 3996 per
3805 3929 3954 3982 illum

2418 4022 2508 4085 qui
2531 4035 2739 4074 omnem
2774 4021 3044 4074 hominem
3083 4020 3382 4072 venientem
3413 4021 3464 4071 in
3501 4021 3641 4072 hunc
3689 4019 3953 4072 mundum
3997 4036 4000 4038 ν

2419 4109 2701 4170 illuminat,
2737 4107 3046 4163 eorumdem
3078 4107 3388 4161 Gracorum
3421 4107 3691 4168 cordibus,
3741 4108 3952 4161 lusione

2417 4197 2713 4262 spiritualis
2761 4198 2943 4264 gratia
2974 4196 3279 4257 illustratis,
3304 4197 3572 4263 perviam
3629 4207 3825 4250 rectam
3861 4212 3948 4264 per

2415 4286 2664 4338 eumdem
2698 4286 2974 4361 dominum
3005 4294 3270 4349 nostrum,
3308 4285 3390 4337 vel
3418 4284 3591 4346 ‘aliam
3648 4301 3938 4347 accommo-

2418 4375 2538 4425 dam
2577 4381 2631 4426 et
2670 4376 2971 4445 honestam,
3026 4373 3092 4426 ad
3149 4373 3529 4437 obedientiam,
3585 4376 3839 4429 unitatem
3896 4386 3961 4431 et,

2420 4459 2750 4516 devotionem
2779 4462 2897 4526 ejus
2947 4461 3198 4515 Romana
3234 4461 3484 4518 Ecclesia
3529 4465 3708 4518 redire
3728 4481 3939 4520 curave-

2421 4554 2524 4606 rint
2574 4568 2695 4606 cum
2751 4553 2965 4615 eﬂ'ectu,
3006 4555 3150 4621 ipsos
3207 4564 3332 4610 tunc
3384 4555 3566 4610 eﬂusis
3617 4559 3845 4625 gaudiis,
3886 4572 3948 4611 se

2419 4642 2604 4708 gratiis
2645 4650 2696 4693 et
2744 4642 3014 4696 favoribus
3056 4643 3293 4712 largiﬂue
3310 4645 3662 4713 dispensatis,
3693 4657 3945 4713 tanquam

2418 4730 2485 4783 de
2515 4731 2732 4799 regione
2759 4732 3215 4786 dissimilitudinis
3236 4739 3584 4797 revertentes,
3617 4735 3728 4801 ipse
3762 4733 3945 4786 Domi-

2420 4834 2520 4873 nus
2551 4833 2736 4872 noster
2767 4828 2823 4872 et
2854 4822 3147 4886 apostolica
3192 4821 3324 4875 lldcs
3353 4819 3612 4888 recipiant
3638 4834 3733 4873 eos
3771 4822 3945 4874 citaria

2419 4908 2599 4961 tativis
2622 4908 2856 4962 brachiis
2887 4897 3259 4976 amplesando,
3309 4923 3413 4962 non
3472 4908 3643 4960 solum
3694 4923 3852 4976 super
3877 4914 3944 4965 i‘s

2417 5011 2536 5063 qua
2561 4999 2873 5062 petunt,sed
2899 4999 3201 5070 superjaliis
3222 5012 3407 5051 eorum
3424 4983 3937 5063 opportunitatibus,

2418 5083 2705 5138 exbibituri
2750 5093 2898 5146 tunc,
2955 5095 3230 5152 quantum.
3258 5099 3377 5137 cum
3433 5084 3540 5137 Deo
3568 5086 3621 5138 et
3669 5088 3944 5140 honestate

2419 5172 2533 5224 ﬁeri
2588 5172 2820 5240 poterit,
2859 5175 3078 5237 auxilia,-
3112 5175 3332 5226 consiiia
3385 5184 3438 5227 et
3491 5173 3720 5231 favores.
3774 5173 3942 5229 Porro

2419 5271 2539 5327 post
2561 5262 2831 5328 pramlssa
2855 5261 3031 5315 dictus
3054 5261 3282 5324 Barlam,
3311 5263 3402 5331 qui
3432 5265 3495 5316 ad
3524 5276 3700 5330 partes
3723 5267 3942 5334 Gracia

2419 5347 2695 5414 praedictas
2733 5357 2866 5406 erat,
2931 5353 2987 5397 ut
3042 5349 3292 5406 asseruit,
3352 5347 3639 5419 reditu’rus,
3691 5351 3942 5418 quamvis

2420 5435 2816 5501 responsionem
2865 5433 3167 5499 huiusmodi
3215 5433 3417 5502 justam
3465 5446 3518 5489 et
3568 5436 3936 5490 rationabilem

2418 5532 2706 5588 reputaret,
2729 5526 2872 5576 viam
2895 5532 3069 5577 tamen
3100 5536 3261 5593 quato
3291 5525 3356 5580 de
3378 5527 3650 5580 mittendis
3672 5541 3766 5594 pro
3789 5536 3938 5591 parte

2418 5609 2722 5679 Graecum
2787 5613 3159 5680 [indictorum
3218 5616 3542 5683 sapientibus
3604 5621 3820 5678 tactam,
3881 5623 3935 5667 ut
