4450 6440
435 336 559 405 1341

1486 347 1629 404 ΕἸἪ
1645 347 1754 404 lCA
1792 345 2033 404 SECUN
2047 345 2204 405 DUM
2242 344 2563 404 STOICOS.

3471 347 3614 409 135?.

430 452 792 515 praemittitur,
825 453 1096 507 dilIicilem
1127 470 1220 509 seu
1255 455 1637 523 impossibilcm
1670 458 1966 520 existimat,
2000 465 2039 516 Α
2073 457 2367 512 voluissent
2398 456 2618 523 venire;
2653 466 2708 511 et
2762 459 2912 524 dato,
2972 459 3113 528 quod
3165 460 3274 528 jam
3321 462 3617 515 venissem.

429 540 531 592 nisi
572 541 727 605 Deus,
761 544 846 594 cui
884 545 1015 595 nihil
1040 556 1121 598 est
1153 546 1499 612 impossibile,
1543 546 1685 597 illam
1718 547 1827 598 sola
1863 563 1959 600 sua

429 633 622 681 virtute
682 632 937 698 perﬁcere
996 635 1342 703 dignaretur:
1389 651 1577 689 cau<as
1634 635 1958 694 diliicultatis

427 719 735 788 hujusmodi
802 725 1153 791 exprimendo
1205 744 1298 795 per
1353 733 1636 796 quamdam
1695 731 1959 792 cedulam,

428 826 585 875 quam
609 826 660 863 tn
684 813 897 881 scriptis
918 816 1244 870 tradiditsub
1264 821 1361 874 hac
1386 821 1670 874 lorma:-—
1693 820 1964 873 tSanctis-

425 900 557 952 sime
596 900 772 964 Pater,
799 905 1042 970 quamvis
1074 909 1363 980 receperim
1415 926 1442 960 a
1473 911 1620 963 vobis
1665 910 1962 978 perlectum

428 1005 768 1058 responsum,
801 997 1000 1060 adhue
1035 999 1282 1067 supplico
1337 1011 1524 1054 vestrae
1578 1003 1870 1064 sanctitati,
1905 1013 1964 1056 ut

424 1082 677 1149 dignetur
705 1085 893 1138 audire
951 1097 1002 1140 et
1038 1088 1136 1140 ista
1191 1093 1596 1157 pauca-verba;
1657 1108 1962 1145 necessaria

424 1172 565 1225 enim
606 1183 752 1238 sunt,
781 1185 833 1228 et
865 1176 993 1228 mibi
1019 1178 1198 1232 dicere
1222 1190 1275 1232 et
1310 1181 1454 1234 vobis
1485 1183 1639 1234 scire.
1674 1182 1823 1244 Quod
1849 1183 1960 1248 jatn

426 1273 600 1316 vestra
633 1266 892 1321 sanctitas
945 1269 1078 1322 mihi
1125 1269 1329 1323 dixerat
1359 1285 1520 1338 super
1563 1271 1705 1326 facto
1745 1271 1962 1324 unionis

427 1354 676 1407 Ecclesia:
706 1358 1038 1422 orthodoxa),
1092 1371 1146 1412 ut
1180 1363 1394 1414 veniant
1418 1378 1478 1415 cx
1501 1363 1737 1430 partibus
1757 1362 1860 1414 illis
1886 1363 1963 1414 le-

424 1442 556 1508 gati,
621 1442 880 1496 habentes
917 1445 1127 1500 litteras
1194 1447 1494 1522 imperiales
1532 1455 1605 1498 ’et
1655 1445 1959 1513 synodicas,

424 1532 869 1597 exoro,Deum,ut
898 1533 1057 1587 faciat
1088 1537 1223 1588 istud
1257 1535 1527 1602 possibile,
1560 1539 1682 1602 quia
1704 1550 1766 1587 ex
1799 1549 1855 1588 se
1879 1542 1962 1588 est

425 1616 584 1668 valde
632 1616 870 1680 difﬁcile,
927 1621 1110 1671 multis
1165 1621 1238 1680 de,
1280 1622 1479 1674 causis.
1516 1619 1800 1682 Videlicet,
1835 1623 1960 1689 quia

425 1702 717 1768 imperator
769 1721 872 1757 non
941 1708 1102 1760 audet
1149 1710 1486 1762 manifestare
1533 1725 1610 1770 se,
1666 1708 1805 1774 quod
1837 1709 1962 1762 velit

426 1794 566 1844 uniri
623 1795 942 1858 vobiscum;
997 1799 1274 1865 quoidam,
1338 1801 1382 1853 si
1438 1800 1833 1854 manifestasset
1880 1817 1958 1863 se.

426 1883 577 1934 mulli
600 1899 660 1934 ex
688 1887 1021 1952 principibus
1042 1890 1176 1947 suis.
1195 1890 1354 1942 etiam
1375 1906 1435 1943 ex
1457 1892 1669 1958 populo,
1691 1893 1957 1957 timentes,

2070 557 2119 598 ct
2157 561 2343 599 omnes
2372 547 2704 600 unanimiter
2741 548 3162 602 concorda'ssent
3207 548 3272 602 ad
3307 550 3617 601 mittendum

2046 639 2264 706 legatos
2303 653 2459 706 sup:r
2509 623 2815 707 praedictis,
2848 639 2956 716 ipsi
3006 654 3109 692 non
3155 640 3341 692 darent
3367 639 3616 704 ,‘unquam

2069 729 2281 794 plenum
2340 745 2494 796 posse
2528 744 2690 797 super
2721 731 2820 784 hoc
2858 731 3059 783 talibus
3109 729 3316 797 legatis,
3358 745 3453 782 nec
3487 744 3616 796 pro-

2065 818 2352 881 mitterent,
2377 818 2505 871 illud
2535 819 2678 886 quod
2719 818 2920 872 factum
2953 818 3144 871 fulsset
3181 835 3274 886 per
3300 820 3446 885 ipsos
3477 819 3616 883 lega-

2065 915 2148 961 tos
2177 918 2351 961 ratum
2395 908 2610 965 habere.
2648 908 2752 961 nisi
2793 911 2892 962 sub
2917 912 3083 962 certis
3127 909 3370 983 articulis
3405 907 3609 974 pactis-

2064 1011 2209 1065 que;
2246 1013 2364 1064 qua:
2397 1010 2546 1066 pacta
2582 1014 2675 1053 vos
2708 999 3020 1052 nullatenus
3049 997 3430 1051 admitteretis.
3465 997 3616 1060 Qua-

2064 1097 2281 1154 pr0pter
2307 1089 2515 1142 videtur
2544 1089 2698 1153 mihi,
2735 1089 2876 1157 quod
2909 1090 3042 1142 tales
3073 1088 3235 1156 legati
3305 1087 3613 1155 aliqualiter

2063 1193 2169 1231 non
2204 1179 2465 1240 venirent,
2496 1194 2560 1232 eo
2593 1179 2732 1247 quod
2761 1180 2858 1244 ipsi
2887 1179 3107 1240 scirent,
3144 1187 3425 1245 pactorum
3477 1177 3610 1230 arti-

2061 1271 2179 1324 eula
2213 1285 2306 1338 per
2358 1284 2450 1323 vos
2483 1270 2785 1323 nullatenus
2817 1269 3164 1322 admittenda.
3201 1268 3370 1332 Unde,
3397 1268 3440 1321 si
3478 1269 3612 1320 tales

2062 1362 2264 1429 legatos
2301 1361 2574 1428 contingat
2622 1363 2688 1414 ad
2720 1371 2949 1414 vestram
3009 1360 3344 1412 sanctitatem
3397 1357 3601 1417 venire,

2063 1451 2302 1505 habeatis
2330 1455 2472 1519 quod
2495 1466 2558 1504 ex
2587 1450 2691 1504 Deo
2740 1461 2838 1512 est,
2874 1451 2956 1504 cui
2997 1450 3206 1502 diﬁicile
3241 1449 3370 1501 nihil
3402 1456 3499 1500 est.
3552 1447 3607 1500 Si

2063 1549 2241 1593 autem
2287 1555 2392 1594 non
2447 1540 2686 1604 veniant,
2745 1557 2850 1594 non
2911 1539 3204 1606 imputetur
3276 1538 3608 1605 imperatori,

2063 1643 2232 1696 neque
2262 1629 2589 1696 suspicetur,
2621 1629 2763 1696 quod
2786 1627 2902 1693 ejus
2929 1626 3253 1695 negligentia
3293 1625 3362 1678 sit
3389 1624 3440 1676 in
3485 1639 3612 1676 cau-

2061 1733 2291 1780 sa,cum
2335 1719 2451 1785 ipse
2506 1701 2603 1770 diu.
2658 1719 2724 1770 ad
2779 1716 3083 1786 pradictam
3148 1715 3396 1766 unionem
3453 1712 3612 1765 fuerit

2062 1807 2349 1860 animatus.
2380 1807 2583 1875 Adjecit
2621 1820 2837 1874 quoque
2890 1804 3226 1872 postmodum
3283 1803 3608 1854 verbotenus

2062 1894 2267 1948 Barlam
2321 1895 2678 1963 supradictus,
2714 1894 2859 1962 quod
2889 1908 2996 1945 non
3026 1892 3293 1953 obstante,
3333 1891 3495 1959 quod,
3552 1900 3612 1943 ut

426 1987 490 2023 ne
521 1971 654 2024 forte
681 1975 724 2025 si
767 1975 879 2041 ipse
912 1977 1085 2039 vellet,
1121 1980 1258 2030 sicut
1290 1980 1408 2032 fecit
1454 1982 1581 2046 ipsis
1615 1981 1831 2033 Michael
1861 1982 1960 2034 Pa-
1993 1980 2034 2031 Β
2065 1987 2330 2053 promisit,
2389 1986 2664 2052 praemissa
2701 1991 2756 2037 et
2815 1983 3050 2037 diﬁicilia
3113 1983 3192 2035 vel
3254 1980 3607 2047 impossibilia

425 2061 697 2129 lteologtts,
746 2078 1044 2130 quaererent
1101 2071 1548 2134 opportunitatem
1611 2070 1960 2124 interﬁciendi

425 2149 601 2202 illum.
656 2149 920 2208 Praeterea
961 2155 1198 2212 Ecclcsm
1236 2160 1823 2228 Constantinopolitana
1855 2176 1960 2214 non

427 2241 725 2295 remitteret
757 2244 820 2297 ad
853 2246 952 2298 hoc.
986 2251 1256 2314 negotium
1309 2249 1506 2314 legatos
1535 2264 1659 2302 suos
1689 2251 1804 2303 sine
1831 2265 1962 2302 con-

425 2333 545 2385 silio
576 2345 627 2386 et
655 2349 930 2400 consensu
953 2341 1400 2405 patriarcharum,
1451 2339 1812 2403 Alexandrini,
1849 2343 1960 2392 An-

425 2422 658 2475 tiocheni
717 2434 770 2477 et
824 2425 1333 2496 Hierosolymitani;
1389 2446 1553 2497 quare
1584 2442 1825 2499 oportere
1871 2446 1962 2484 eos

427 2508 646 2562 insimul
697 2526 1063 2587 congregare;
1115 2516 1259 2579 quod
1316 2526 1396 2570 est
1457 2518 1665 2572 diﬁicile
1745 2529 1961 2586 propter

426 2611 665 2666 sumas.
687 2600 751 2654 Et
775 2612 967 2670 praeter
987 2605 1087 2657 hoc
1106 2604 1367 2659 incertum
1393 2615 1496 2669 est,
1523 2608 1567 2660 si
1592 2609 1760 2662 vocati
1785 2609 1958 2661 adhuc

2063 2074 2365 2138 vidcantur,
2397 2074 2509 2141 ipse
2547 2082 2722 2128 tamen
2758 2074 2899 2128 circa
2921 2088 2978 2127 ea
3015 2072 3238 2125 ﬁdeliter
3263 2070 3548 2124 laborabit.
3585 2087 3604 2119 ι

2063 2195 2132 2203 -
2153 2166 2214 2217 Et
2245 2166 2324 2219 t-ic
2354 2167 2423 2218 ab
2454 2166 2639 2218 eodem
2660 2164 2879 2218 domino
2903 2172 3087 2217 nostro
3107 2175 3317 2215 summo
3335 2160 3605 2227 pontiﬁce,

2062 2255 2361 2321 explicante
2387 2255 2712 2321 expressius,
2762 2251 2906 2321 quod
2958 2251 3112 2302 aliter
3151 2250 3319 2301 eidem
3353 2249 3606 2312 dictoque

2061 2343 2286 2409 collegio
2344 2356 2501 2408 posse
2537 2355 2641 2393 non
2682 2340 2982 2403 videbatur,
3040 2336 3141 2390 nisi
3174 2349 3329 2404 prout
3359 2335 3607 2401 superius

2061 2431 2286 2495 dixerat,
2316 2438 2370 2483 et
2398 2431 2662 2498 tetigerat,
2693 2430 2958 2498 negotium
2995 2429 3174 2494 perlici
3209 2426 3601 2495 snpradivtum;

2062 2518 2298 2579 rediens,
2323 2527 2382 2570 ut
2408 2518 2563 2582 dixit,
2601 2516 2858 2586 praefatus
2895 2516 3102 2570 Barlam
3136 2517 3199 2568 ad
3255 2524 3431 2583 partes
3459 2511 3605 2566 Grae-

2063 2611 2159 2663 cia
2193 2609 2470 2678 praedictas
2505 2609 2771 2663 discessit.

433 2779 3573 2806 “.W

977 2908 1495 3022 ETHICA
1584 2912 2336 3027 SECUNDUM
2417 2907 3056 3021 STOICOS.

1090 3230 1200 3316 D.
1247 3228 1959 3317 BARLAAMUM
2023 3231 2167 3316 DE
2227 3227 2934 3321 SEMINAHIA.

1578 3409 1957 3465 EPISCOPUM
1986 3410 2442 3464 GYBACENSEM

695 3569 782 3628 lix
815 3567 1100 3646 pluribus
1138 3567 1562 3629 voluminibus
1592 3567 1968 3629 earumdem
2001 3566 2354 3629 Stoicorum
2378 3569 2496 3626 sub
2529 3566 2904 3643 conpendio
2960 3566 3326 3641 composite.

1610 3741 1893 3832 PARS

729 4089 854 4146 Car.
884 4089 927 4144 Ι.
963 4088 1243 4145 Beatitttdo
1274 4089 1398 4156 quid
1441 4089 1668 4143 dicatur.

504 4222 792 4276 Hominum
827 4221 990 4274 alium
1017 4207 1154 4285 alio,"
1178 4221 1469 4274 secundum
1499 4218 1643 4288 quod
1672 4219 1834 4271 homo
1861 4226 1964 4282 est,

434 4314 627 4367 melius
642 4313 828 4366 vivere
847 4305 1134 4379 putamus,
1167 4319 1222 4365 et
1247 4318 1482 4364 statuum
1506 4310 1780 4363 hominum
1801 4309 1966 4362 alium

434 4400 833 4470 eligibiliorem,
865 4399 1030 4452 alium
1064 4398 1242 4453 minus
1279 4396 1576 4468 eligendum
1615 4398 1967 4452 arbitramur.

435 4492 576 4558 Ergo
605 4504 728 4542 cum
760 4497 955 4541 natura
984 4496 1174 4541 nostra
1202 4488 1272 4541 sit
1301 4490 1468 4551 ﬁnita,
1499 4499 1553 4542 et
1597 4493 1712 4541 ‘nou
1747 4487 1818 4540 sit
1849 4488 1994 4556 inﬁ-_

434 4580 558 4633 niue
586 4577 842 4631 bonitatis
858 4590 1051 4644 capax,
1081 4576 1240 4629 aliam
1269 4576 1370 4629 alia
1401 4577 1676 4631 meliorem
1696 4576 1858 4629 vitam
1882 4590 1972 4628 ra-

432 4670 580 4724 tioe
599 4676 899 4728 sumentes,
929 4681 1038 4718 non
1070 4665 1136 4718 ad
1168 4665 1432 4737 inﬁnitum
1463 4667 1841 4734 procedemus,
1871 4666 1962 4720 sed

426 4759 810 4830 perveniemus
839 4765 1113 4825 postremo
1145 4755 1211 4807 ad
1244 4753 1475 4821 aliquem
1509 4755 1795 4809 terminum
1834 4756 1971 4808 bene

435 4849 670 4907 vivendi.
705 4858 866 4915 quem
895 4845 1006 4914 iam
1057 4844 1438 4907 transcendere
1468 4852 1658 4896 natura
1687 4853 1868 4896 nostra
1904 4843 1974 4897 tle

434 4939 517 4992 sui
549 4937 861 4998 conditione
891 4933 1111 4988 minime
1159 4931 1350 4986 valeat.
1386 4931 1639 4996 Quamvis
1689 4933 1830 4985 enim
1860 4947 1968 4998 non

437 5032 752 5092 habeamus,
788 5043 949 5098 quem
988 5025 1408 5095 assignabimus,
1435 5040 1568 5093 pure
1599 5026 1664 5077 ad
1693 5040 1815 5077 eum
1852 5037 1974 5091 per-

437 5114 694 5174 venis'se:
747 5131 925 5172 tamen
955 5117 1083 5187 quia
1108 5113 1465 5169 substantiam
1501 5122 1552 5164 et
1585 5113 1745 5164 vitam
1781 5126 1969 5168 natura

436 5209 729 5261 Iitnitatam.
767 5207 1054 5267 habemus,
1088 5220 1306 5259 necesse
1354 5211 1434 5257 est
1467 5203 1652 5264 etiam,
1697 5217 1967 5256 summum

437 5299 658 5367 gradum
686 5307 882 5349 nostra
914 5295 1279 5364 perfeﬂionis,
1305 5281 1357 5347 et
1376 5293 1635 5360 optimum
1664 5301 1858 5345 statum
1894 5295 1971 5346 vi-

1987 3744 2396 3831 PRIMA.

1995 4091 2038 4149 ο
2071 4087 2247 4143 solum
2275 4095 2359 4140 est
2408 4096 2597 4141 cantra
2647 4100 2964 4141 communes
2996 4086 3239 4141 notiones
3271 4128 3284 4151 ,
3321 4089 3412 4142 sed
3443 4090 3601 4142 etiam

2068 4176 2205 4230 tollit
2236 4189 2449 4229 omnem
2487 4175 2801 4242 appetitum.
2859 4173 3132 4240 Siquidem
3180 4178 3600 4242 expetendorum

2066 4273 2365 4318 extremum
2402 4263 2507 4317 neti
2551 4271 2653 4326 est,
2679 4263 2767 4316 ubi
2786 4279 2842 4317 se
2863 4265 3127 4332 appetitus
3148 4265 3435 4319 novissime
3458 4265 3600 4330 ligni.

2068 4353 2220 4407 Ilunc
2266 4354 2427 4420 igitur
2475 4353 2788 4416 terminum,
2844 4362 2897 4406 et
2942 4353 3079 4404 hanc
3140 4353 3418 4418 optimam,
3452 4363 3605 4421 pruut

2066 4438 2321 4506 possibile
2353 4449 2453 4500 est,
2489 4439 2727 4491 hominis
2755 4432 2938 4500 vitam,
2988 4453 3096 4490 uno
3146 4440 3325 4504 verbo,
3352 4443 3515 4510 osicut
3551 4449 3602 4492 et

2067 4527 2180 4589 alii,
2214 4528 2597 4581 beatitudinem
2633 4527 2983 4594 appellantes,
3010 4544 3318 4596 quaeramus
3351 4531 3475 4597 quid
3511 4530 3623 4590 sit,.

2067 4628 2122 4673 et
2154 4619 2206 4671 in
2261 4618 2460 4686 quibus
2484 4618 2767 4670 consistat.
2827 4615 2956 4670 inde
3007 4627 3182 4671 autem
3242 4619 3602 4684 suscipiamus

2067 4709 2368 4763 exordium.

2136 4821 2262 4874 Car.
2291 4819 2352 4873 ll.
2393 4816 2526 4871 Vera
2583 4819 2846 4873 beatitudo
2898 4821 3137 4884 hominis,
3167 4830 3223 4872 ut
3253 4821 3404 4874 homo
3436 4831 3535 4875 est.

2139 4931 2334 4987 Veram
2356 4931 2590 4985 hominis
2608 4932 2988 4988 beatitudinem
3015 4934 3306 5002 quaerimus
3331 4952 3343 4987 ε
3368 4936 3485 4989 talis
3507 4952 3598 4988 au-

2070 5033 2174 5076 tem
2207 5039 2309 5077 non
2349 5029 2521 5092 potest
2549 5037 2690 5082 esse.
2719 5025 2821 5078 nisi
2857 5027 2922 5078 sit
2954 5025 3188 5076 hominis
3219 5034 3268 5077 ut
3305 5025 3607 5077 hosno't-st‘.

2068 5113 2202 5167 Nam
2244 5116 2287 5167 si
2328 5113 2722 5180 assignahimus
2759 5115 2992 5168 hominis
3049 5116 3449 5175 beatitudinem,
3485 5129 3599 5180 qua"

2071 5221 2176 5257 non
2208 5206 2308 5257 erit
2331 5203 2583 5263 hominis,
2619 5211 2674 5253 ut
2700 5202 2860 5254 homo
2888 5214 2969 5256 est
2993 5243 3007 5265 ,
3037 5219 3139 5256 non
3171 5213 3271 5254 erit
3291 5215 3434 5253 vera.
3465 5202 3598 5269 Ergo

2072 5304 2279 5361 oportet
2307 5303 2364 5345 ut
2391 5301 2603 5346 constet
2630 5306 2694 5342 ex
2723 5296 2974 5345 omnibus
3004 5294 3107 5344 illis
3136 5292 3306 5349 bouis,
3330 5305 3448 5356 qua:
3477 5304 3602 5345 sunt

434 5387 616 5443 vendi.
645 5387 944 5439 secundum
976 5387 1119 5453 quod
1147 5383 1612 5451 proportionalitas
1642 5391 1821 5434 nostra
1850 5383 1965 5434 exi-
1994 5401 2041 5458 υ
2065 5385 2319 5444 hominis,
2353 5384 2406 5435 iu
2441 5390 2699 5449 quantum
2720 5381 2879 5433 homo
2907 5389 3005 5432 est.
3034 5379 3166 5440 Quia
3197 5378 3244 5428 si
3269 5392 3329 5429 ex
3369 5379 3512 5441 aliis,
3548 5391 3600 5432 ει

436 5477 534 5541 git,
565 5475 751 5527 eadem
813 5484 1007 5525 natura
1040 5462 1311 5539 pra‘ﬁxttm
1345 5482 1396 5523 et
1434 5481 1616 5522 notum
1651 5485 1786 5522 esse.
1829 5470 1959 5524 Nam

434 5565 645 5633 Opinari
676 5565 876 5616 ﬁnitam
916 5572 1160 5614 nasutam
1191 5559 1255 5611 ad
1276 5556 1552 5619 'jnliuitum
1590 5560 1868 5627 prolicere,
1910 5573 1964 5614 ct

433 5652 638 5721 perﬁci,
680 5666 810 5706 suos
865 5666 969 5703 non
1019 5648 1325 5703 excedendo
1362 5649 1573 5713 limites,
1611 5664 1761 5716 posse
1794 5691 1809 5716 ,
1852 5667 1957 5706 nou

2071 5488 2174 5526 non
2224 5487 2289 5524 ex
2326 5471 2521 5527 talibus
2548 5506 2562 5527 ,
2601 5482 2703 5519 non
2738 5467 3072 5524 habebimus,
3117 5466 3257 5530 quod
3287 5469 3596 5534 quzerimus.

2072 5564 2275 5616 Etenim
2306 5562 2353 5614 si
2375 5575 2477 5611 non
2503 5572 2568 5610 cx
2592 5558 2844 5610 omnibus
2876 5556 3181 5622 hujusmodi
3210 5559 3367 5612 hortis
3390 5561 3576 5612 conslu

2067 5653 2161 5718 bit,
2195 5667 2298 5704 non
2329 5648 2427 5701 crit
2451 5659 2717 5699 summum
2741 5645 2961 5707 bonum,
2996 5644 3119 5712 quia
3152 5645 3194 5698 si
3224 5662 3329 5714 qua
3365 5657 3444 5715 est
3475 5646 3597 5700 ικε-
