4450 6440
753 366 889 431 1343

1835 366 2226 426 ΒΑιιιΑΑΜΙ
2275 366 2369 424 DE
2414 368 2842 426 SEMINARIA

3857 367 3997 432 13M

744 483 937 545 titndo,
960 482 1043 534 cui
1065 480 1260 534 desunt
1282 478 1743 547 aliquahominis,
1772 478 1822 530 in
1848 492 2111 548 quantum
2148 484 2310 533 homo
2343 488 2384 540 Α
2418 480 2646 533 fortnam
2681 478 3031 533 beatitudinis
3063 480 3358 548 pertinent.
3389 478 3699 534 Sicutentm
3733 479 3786 533 in
3812 495 3996 532 omm-

739 587 842 636 est,
886 574 1237 626 manifestum
1272 583 1373 635 est,
1412 574 1555 640 quod
1607 573 1713 624 illis
1759 572 1958 625 additis
2005 574 2310 640 augcliitur.

741 669 845 722 Sed
900 669 1044 736 quod
1077 671 1263 731 augeri
1303 676 1495 736 potest,
1540 683 1813 720 summum
1851 684 1956 720 non
1991 680 2106 730 est;
2138 668 2312 721 beati-

744 764 984 814 tu-linem
1022 777 1167 818 vero.
1206 776 1365 827 quam
1401 761 1722 827 qu:erimus,
1759 775 2034 814 summum
2071 760 2312 813 hominis

741 857 942 905 bunum
988 869 1110 906 esse
1149 854 1422 904 volumus.

813 944 980 1008 Igitur
1012 961 1072 994 ex
1104 943 1362 996 omnibus
1400 944 1561 997 dit-tis
1592 943 1747 995 bouis
1779 943 2074 1007 constabit,
2098 958 2159 996 ac
2185 958 2312 998 vero

740 1053 801 1087 es
833 1039 983 1089 solis.
1025 1036 1160 1100 Quia
1193 1038 1236 1090 si
1275 1054 1376 1104 qua
1430 1048 1557 1092 sunt
1591 1040 1693 1090 alia
1732 1039 1867 1090 bona
1905 1039 2165 1101 hominis,
2205 1056 2310 1092 non

743 1139 922 1179 tamen
965 1142 1014 1178 ιιι
1052 1131 1215 1182 homo
1256 1140 1359 1192 est,
1395 1130 1741 1182 manifestum
1777 1142 1878 1188 est.
1918 1132 2060 1197 quod
2098 1133 2185 1183 illa
2221 1133 2316 1184 ad-

743 1221 852 1269 dita
891 1220 962 1269 illi
1000 1221 1339 1283 beatitudini,
1371 1237 1490 1289 quae
1525 1231 1740 1275 c0nstat
1765 1237 1826 1273 ex
1865 1221 2024 1276 bonis
2054 1222 2311 1285 hOminis,

743 1323 796 1361 ut
843 1311 1003 1362 homo
1030 1320 1142 1374 est,
1197 1329 1305 1364 non
1340 1313 1617 1380 augebunt
1647 1328 1791 1373 eam,
1824 1324 1882 1365 ut
1920 1322 2204 1381 propterea
2243 1312 2308 1363 sit

747 1403 918 1469 magis
947 1403 1222 1456 beatitudo
1252 1404 1515 1468 hominis,
1553 1416 1610 1457 ut
1635 1405 1799 1456 homo
1830 1415 1949 1458 est:
1977 1405 2100 1472 quia
2130 1405 2180 1456 in
2216 1403 2312 1455 tali

739 1493 903 1544 etiam
930 1495 1329 1560 compositione
1366 1504 1474 1548 tota
1511 1510 1575 1548 ex
1598 1495 1882 1563 utriusque
1918 1497 2135 1564 generis
2157 1497 2316 1550 bonis

742 1586 1048 1651 complexio
1089 1601 1197 1638 non
1255 1587 1549 1647 diceretur,
1612 1601 1708 1638 nec
1750 1587 2171 1654 intelligeretur,
2217 1605 2317 1643 nec

739 1687 885 1728 esstet
916 1677 1192 1730 beatitudo
1221 1677 1478 1742 hominis,
1512 1688 1568 1730 ut
1607 1679 1767 1730 homo
1799 1688 1900 1738 est,
1932 1679 2032 1730 nisi
2069 1696 2130 1730 cx
2162 1688 2315 1746 parte

742 1759 958 1820 illorum
1015 1771 1284 1822 honorum
1317 1770 1575 1828 hominis.
1603 1786 1721 1837 quae
1753 1778 1936 1822 essent
1966 1769 2106 1822 bona
2136 1770 2313 1824 homi-

744 1860 848 1918 nis,
889 1861 937 1911 iu
971 1869 1233 1927 quantum
1271 1861 1434 1912 homo
1467 1871 1568 1914 est.

848 1973 976 2026 Car.
1012 1972 1098 2025 Ill.
1144 1973 1276 2026 Vera
1323 1974 1588 2026 beatitudo
1635 1975 1817 2042 augeri
1865 1992 1968 2029 non
2015 1987 2204 2045 potest.

817 2083 954 2138 Vera
993 2101 1120 2152 ergo
1153 2087 1430 2141 beatitudo
1485 2087 1682 2141 additis
1721 2089 1826 2142 illis
1859 2093 2043 2157 augeri
2078 2107 2184 2145 non
2219 2107 2315 2161 po-

743 2185 869 2229 test.
894 2178 957 2230 Et
986 2179 1199 2231 merito.
1229 2178 1386 2231 Nulla
1415 2181 1558 2232 enim
1591 2182 1901 2250 aggregatio
1925 2184 2106 2251 augeri
2136 2194 2312 2252 potest

742 2269 1022 2321 additione
1058 2270 1286 2322 aliarum
1325 2287 1504 2322 rerum
1558 2286 1752 2339 genere
1785 2273 2149 2329 diversarum.
2202 2274 2312 2330 Nec

741 2363 887 2414 enim
927 2362 1079 2415 linea:
1114 2362 1311 2413 additis
1344 2363 1562 2429 punctis
1588 2403 1602 2426 ,
1643 2379 1742 2417 nec
1769 2366 2083 2432 superficies
2113 2367 2310 2421 additis

743 2454 900 2508 lineis
927 2493 941 2517 ,
983 2469 1077 2506 nec
1105 2455 1273 2506 solida
1309 2456 1505 2508 additis
1527 2456 1938 2523 superﬁciebns,
2001 2474 2100 2512 nec
2133 2461 2312 2513 diver-

753 2560 937 2598 sorum
978 2545 1322 2597 humidorum
1357 2545 1666 2599 commistio
1699 2548 1893 2602 additis
1927 2550 2200 2605 coloribus
2227 2552 2311 2606 vel

743 2637 1033 2702 saporibus
1071 2645 1358 2701 augentur.

746 2743 870 2795 (λιιι.
909 2741 993 2797 lV.
1033 2744 1599 2825 Reatitudo'hominis,
1637 2757 1689 2798 ut
1723 2748 1872 2801 homo
1899 2759 1996 2814 est,
2030 2768 2093 2804 ea:
2120 2753 2307 2820 quibus

1233 2824 1562 2879 potissimum
1597 2828 1819 2870 constet.

817 2923 954 2991 Ergo
988 2924 1031 2977 si
1077 2925 1214 2977 bona
1252 2925 1510 2987 hominis,
1550 2938 1607 2980 ut
1655 2929 1819 2981 homo
1869 2940 1971 2994 est,
2003 2947 2197 3001 genere
2227 2935 2312 2988 di-

746 3030 902 3069 versa
942 3024 1068 3068 sunt
1095 3022 1162 3068 ab
1195 3017 1300 3070 illis
1333 3033 1452 3085 quae
1477 3034 1581 3072 non
1622 3030 1750 3074 Sunt
1783 3021 2037 3086 hominis,
2066 3033 2122 3077 ιιι
2151 3026 2313 3079 homo

746 3119 847 3166 est,
886 3108 1234 3161 manifestum
1277 3121 1357 3162 est
1395 3112 1540 3178 quod
1594 3113 1890 3176 beatitudo,
1940 3133 2060 3183 qua:
2098 3128 2310 3172 constat
2339 3148 2379 3204 ο
2410 3144 2531 3213 jure
2556 3144 2764 3196 laudari
2799 3166 2810 3198 ε
2843 3108 2947 3196 “0;,
2977 3154 3102 3197 sum
3138 3144 3189 3195 in
3226 3144 3332 3197 illis
3368 3108 3523 3197 buonis

747 3215 806 3251 ex
841 3201 995 3253 bonis
1029 3201 1289 3261 hominis,
1327 3213 1382 3254 ιιι
1419 3204 1578 3255 homo
1610 3215 1709 3264 est,
1752 3221 1856 3258 non
1893 3209 2177 3272 augebilur
2216 3211 2308 3261 ad-

743 3292 978 3357 jectione
1017 3291 1233 3344 illorum
1269 3293 1560 3357 bonorum,
1595 3312 1716 3362 quae
1749 3313 1857 3348 non
1886 3309 2012 3350 sunt
2048 3300 2310 3363 hominis,

751 3383 802 3434 in
842 3392 1100 3446 quantum
1159 3384 1321 3435 homo
1358 3397 1460 3436 cst.
1502 3385 1688 3453 Itaque
1729 3389 1961 3454 perfecta
2000 3400 2053 3441 et
2099 3407 2308 3444 sum-a

750 3471 987 3524 hominis
1024 3473 1294 3525 beatitudo
1343 3490 1404 3526 ex
1443 3476 1548 3529 illis
1603 3477 1736 3531 solis
1771 3479 2064 3543 constabit,
2100 3491 2158 3531 ut
2201 3481 2312 3548 jam

755 3563 1025 3627 possimus
1083 3562 1308 3616 fortnam
1369 3566 1531 3633 hujus
1589 3567 1937 3620 beatitudinis
1993 3570 2313 3626 brevissime

752 3654 1288 3720 comprehendentes,
1315 3659 1470 3709 talem
1502 3660 1620 3725 ejus
1655 3661 2026 3715 tleliuitiouetn
2073 3665 2137 3716 ad
2167 3680 2317 3733 qua:-

754 3743 917 3796 renda
955 3755 1007 3796 et
1038 3744 1460 3799 demonstranda
1495 3764 1825 3816 supponere.

751 3855 876 3909 CAP.
911 3855 971 3909 V.
1006 3853 1139 3918 Quid
1196 3868 1270 3910 est
1323 3862 1589 3941 beatitudo
1634 3863 1861 3942 hominis
1911 3879 2055 3928 vera,
2109 3873 2159 3919 et
2189 3867 2315 3935 quid

1347 3946 1458 3997 ejus
1489 3947 1723 3983 miserta.

820 4042 1012 4097 Veram
1066 4042 1453 4096 beatitudinem
1506 4043 1744 4096 hominis
1797 4060 1919 4098 esse
1977 4048 2310 4101 cumulatam

751 4136 1176 4204 complexionem
1202 4135 1446 4186 omnium
1475 4135 1739 4188 bonorum
1777 4136 2034 4199 hominis,
2062 4149 2119 4191 ut
2149 4142 2311 4194 homo

750 4239 865 4289 est;
900 4243 960 4279 ac
992 4243 1086 4293 per
1116 4241 1475 4294 consequens,
1509 4241 1776 4280 summam
1830 4229 2103 4283 miseriam
2140 4232 2317 4286 homi-

752 4321 833 4372 nis
877 4335 996 4373 csse
1057 4318 1387 4372 cumulatam
1456 4320 1882 4387 complexionem
1920 4322 2164 4375 omnium
2202 4339 2316 4377 ma-

752 4410 924 4460 lorum
961 4411 1220 4468 hominis.
1258 4421 1316 4462 ιιι
1351 4411 1508 4462 Ιιοιιιο
1539 4420 1654 4462 est:
1691 4423 1746 4463 ut
1786 4412 1870 4464 cui
1907 4413 2009 4465 hoc
2041 4413 2181 4465 inest
2213 4415 2314 4466 mi-

752 4506 1009 4557 serrimus
1047 4502 1206 4556 homo
1225 4505 1459 4557 dicatur.
1490 4504 1583 4556 Est
1608 4512 1784 4556 autem
1814 4504 2091 4558 beatitudo
2125 4519 2218 4574 per
2250 4519 2310 4559 se
2344 4513 2387 4566 Ι)

754 4596 1070 4663 expetenda,
1103 4603 1155 4648 et
1185 4595 1401 4648 miseria
1436 4592 1710 4660 fugienda.

1212 4705 1338 4758 CAP.
1368 4703 1452 4756 Vl.
1495 4703 1673 4756 Virtus
1709 4705 1852 4771 quid.

823 4818 1171 4887 Supponatur
1203 4818 1363 4870 etiam
1396 4827 1447 4871 et
1486 4819 1700 4871 virtutis
1732 4820 1997 4886 deﬁnitio,
2037 4837 2154 4888 quae
2191 4821 2312 4876 talis

753 4911 1052 4963 set-uadum
1088 4924 1272 4962 omnes
1308 4909 1754 4976 philosophantes
1789 4919 1890 4962 est.

831 5002 1088 5053 Virtutem
1111 5016 1228 5053 esse
1262 5002 1519 5066 Optimam
1559 4999 1895 5052 affectionem
1926 5001 2091 5052 animi
2115 5017 2177 5054 ex
2207 5017 2313 5069 qua

759 5094 1181 5158 proliciscnntur
1217 5091 1370 5143 bona:
1409 5101 1459 5143 et
1493 5091 1794 5145 laudabiles
1830 5093 2156 5156 voluntates,
2187 5109 2313 5146 sen-

759 5188 954 5244 tcntirc,
989 5185 1261 5238 actiones:
1286 5200 1515 5251 quaruzn
1546 5187 1797 5251 quaelibet
1827 5201 1925 5237 suo
1961 5187 2077 5238 loco
2111 5188 2313 5253 optima

757 5288 839 5330 est
873 5295 886 5340 ;
915 5292 1030 5344 qurr
1050 5287 1101 5329 et
1122 5291 1240 5338 eos,
1273 5275 1324 5327 in
1356 5276 1555 5342 quibus
1592 5286 1694 5338 est,
1731 5277 1899 5329 bonos
1927 5288 1977 5330 et
2017 5277 2317 5331 laudabiles

757 5368 933 5422 eilicit.

760 5502 885 5554 CAP.
920 5500 1022 5553 Vll.
1064 5503 1103 5553 Α
1138 5501 1454 5553 beatitudine
1490 5502 1714 5552 hominis
1750 5542 1762 5557 ,
1795 5515 1844 5551 ιιι
1887 5504 2038 5554 humo
2074 5512 2172 5565 est,
2210 5518 2318 5553 om-

1213 5589 1299 5623 nes
1336 5586 1469 5622 artes
1500 5573 1867 5624 excludunt;.r.

834 5682 926 5736 llis
968 5684 1277 5750 ιιι-ωιιιίςδὶς,
1318 5695 1479 5752 patet,
1534 5687 1676 5752 quod
1719 5701 1908 5738 omnes
1954 5695 2001 5736 et
2057 5685 2318 5738 universa:

766 5776 1020 5844 opiﬁcum
1059 5786 1203 5832 attcs
1238 5779 1598 5834 θιςιιιιιιιειιιιι·
1633 5779 1696 5830 ab
1736 5778 1839 5830 illis
1878 5778 2053 5842 bonis,
2109 5795 2223 5845 quic
2256 5781 2318 5831 ad

2421 573 2522 626 bus
2555 574 2675 625 aliis
2717 574 2804 624 illa
2851 575 2987 624 bona
3027 573 3388 641 intelligimus
3446 573 3996 639 uniuscujuscunque

2423 666 2520 727 rei,
2564 679 2619 718 ut
2657 665 2743 717 illa
2787 681 2870 718 res
2906 674 3007 725 cst,
3042 681 3160 731 qua:
3202 666 3374 733 ipsam
3415 680 3528 716 rem
3565 665 3758 716 bonam
3793 673 3845 716 et
3881 664 3994 716 lau-

2418 757 2652 810 dabilem
2684 756 2914 817 faciunt.
2945 768 3043 811 eta
3077 758 3273 824 quibus
3299 758 3413 824 ipsa
3451 772 3538 810 res
3566 757 3688 824 jure
3721 759 3991 820 laudatur,

2417 857 2469 901 et
2504 849 2640 900 bona
2669 849 2970 916 appellatur
3002 864 3015 900 :
3061 849 3132 901 ita
3171 861 3223 902 et
3259 848 3495 901 hominis
3525 850 3685 910 bona,
3731 863 3790 900 ut
3825 852 3986 902 humo

2418 949 2521 1001 est,
2557 940 2645 993 illa
2683 951 2890 994 tantum
2929 942 3299 1009 intelligimus,
3337 957 3455 1010 qua:
3490 943 3664 1010 ipsum
3706 942 3983 994 hominem

2421 1031 2619 1082 bonum
2665 1040 2717 1082 et
2753 1031 3073 1084 laudaliletn
3105 1032 3333 1096 faciunt,
3364 1041 3414 1086 cl
3449 1049 3474 1086 a
3505 1035 3849 1102 quibusjnre
3876 1037 3987 1086 Iau-

2419 1121 2602 1186 datur,
2637 1134 2691 1176 et
2726 1124 2901 1176 bonus
2929 1126 3249 1193 appellatur.

2417 1260 2548 1314 Car.
2579 1260 2711 1314 Vlll.
2757 1259 2890 1312 Vera
2932 1262 3199 1314 beatitudo
3233 1261 3477 1326 hominis,
3513 1273 3568 1314 ut
3609 1265 3762 1316 homo
3797 1277 3897 1327 est,
3933 1267 3986 1316 in

2839 1333 3022 1400 quibus
3057 1333 3388 1396 potissimum
3436 1334 3560 1385 sita.

2491 1443 2594 1497 Sed
2627 1445 2905 1497 beatitudo
2948 1445 3187 1498 hominis
3218 1448 3319 1500 sita
3347 1456 3433 1500 Cal
3459 1447 3511 1500 in
3540 1448 3645 1501 illis
3681 1448 3836 1500 bonis
3871 1459 3992 1499 tan-

2422 1549 2555 1599 tum,
2592 1554 2710 1604 qua:
2747 1549 2869 1590 sunt
2900 1539 3156 1598 hominis.
3182 1551 3240 1591 ut
3268 1541 3430 1592 homo
3455 1552 3535 1592 est
3566 1559 3578 1593 :
3606 1542 3718 1592 sola
3744 1557 3870 1607 ergo
3893 1544 3983 1592 illa

2423 1630 2721 1683 formaliter
2751 1631 3037 1698 perliciunt
3076 1634 3290 1683 beatam
3333 1634 3522 1693 vitam,
3562 1649 3681 1700 quae
3713 1635 3984 1685 hominem

2422 1737 2546 1774 vere
2581 1725 2780 1775 bonum
2813 1735 2864 1775 et
2897 1724 3216 1776 laudabilem
3252 1723 3456 1776 fat-inut
3481 1765 3494 1785 ,
3528 1733 3579 1776 et
3613 1737 3829 1791 propter
3866 1740 3989 1792 quae

2346 1818 2385 1870 Β
2413 1821 2538 1880 jure
2557 1816 2830 1876 laudatur,
2857 1825 2908 1867 et
2927 1817 3100 1868 bonus
3127 1815 3448 1882 appellatur.
3476 1814 3578 1869 Sed
3603 1833 3662 1869 ex
3697 1818 3840 1869 nulla
3869 1818 3989 1884 opi~

2425 1907 2586 1958 ﬁcum
2651 1918 2769 1960 arte
2806 1909 2917 1960 haec
2967 1909 3128 1960 homo
3178 1921 3434 1961 meretur.
3491 1910 3989 1977 Quantumcunque

2422 2000 2563 2053 enim
2597 2010 2680 2053 est
2709 2001 2872 2053 homo
2897 2001 3044 2053 faber
3060 2003 3256 2064 bonus,
3276 2014 3365 2054 aut
3385 2002 3573 2060 cerdo.
3600 2013 3691 2054 aut
3713 2005 3947 2070 scriptor
3968 2043 3983 2066 ,

2426 2109 2530 2145 non
2566 2102 2744 2145 tamen
2788 2093 3003 2146 ratione
3043 2094 3203 2161 hujus
3253 2097 3387 2147 artis
3419 2095 3596 2147 bonus
3643 2097 3985 2163 appellatur;

2422 2183 2568 2234 velut
2617 2183 2834 2249 sapiens
2867 2183 3047 2245 homo,
3085 2192 3178 2235 aut
3211 2185 3468 2251 prudens,
3495 2234 3497 2237 ,
3525 2194 3619 2236 aut
3679 2187 3990 2254 intelligens

2421 2273 2744 2340 simpliciter
2787 2273 3061 2326 laudatur.
3095 2273 3234 2342 Ergo
3270 2276 3331 2328 ad
3371 2275 3601 2328 formam
3634 2277 3989 2332 beatitudinis

2421 2363 2672 2431 Opilieum
2707 2373 2850 2416 artes
2882 2365 3102 2417 minime
3126 2377 3250 2418 sunt
3281 2366 3560 2420 vocandae.

2420 2474 2547 2529 CAP.
2583 2475 2671 2529 IX.
2703 2475 2941 2530 Scientia
2972 2478 3023 2529 in
3056 2479 3201 2529 bonis
3227 2479 3454 2530 hominis
3486 2480 3700 2530 minime
3732 2480 3989 2533 locanda.

2494 2592 2867 2660 Similiterque
2896 2593 3274 2657 scientiarum,
3306 2608 3539 2660 quarum
3577 2593 3698 2646 linis
3752 2603 3835 2647 est
3877 2610 3986 2648 non

2416 2685 2757 2740 extrinsecus
2790 2685 3048 2749 eﬂ‘ectus,
3081 2688 3173 2739 sed
3206 2686 3500 2739 intrinseca
3535 2688 3671 2740 visio
3699 2689 3940 2741 veritatis
3971 2705 3984 2750 ;

2421 2777 2549 2831 licet
2572 2777 2622 2831 in
2647 2778 2800 2832 bonis
2821 2779 2991 2844 ipsius
3005 2779 3228 2840 mentis,
3247 2787 3304 2830 ut
3329 2793 3480 2831 mens
3498 2788 3602 2841 est,
3619 2781 3796 2832 omnis
3816 2781 3990 2832 scicn-

2420 2869 2492 2923 tia
2519 2878 2864 2937 computetur
2893 2887 2906 2922 :
2940 2878 3116 2922 tamen
3137 2885 3472 2938 quacunque
3497 2869 3633 2922 tales
3661 2883 3806 2932 sunt,
3833 2881 3888 2923 ut
3915 2871 3983 2922 ab

2423 2961 2502 3016 eis
2543 2976 2650 3014 non
2707 2963 2880 3028 possit
2916 2962 3080 3014 homo
3109 2962 3430 3030 simpliciter
3465 2963 3640 3016 bonus
3698 2966 3982 3031 appellati,

2427 3053 2506 3106 vel
2558 3063 2616 3106 ut
2665 3055 2827 3106 homo
2863 3054 3078 3120 sapiens
3121 3066 3174 3106 et
3211 3053 3538 3120 intelligens,
3592 3064 3685 3106 aut
3743 3055 3983 3121 prudens

3568 3145 3847 3206 habenda.
3867 3162 3986 3214 quae

2416 3237 2806 3288 beatitudinem
2839 3237 3007 3303 ipsius
3037 3236 3296 3300 hominis,
3325 3237 3377 3288 in
3399 3250 3663 3304 quantum
3695 3239 3856 3289 homo
3879 3249 3982 3301 est,

2417 3329 2780 3380 conSIituunt.
2815 3326 3100 3379 Hominem
3127 3328 3271 3379 enim
3305 3342 3409 3379 non
3437 3328 3605 3394 ipsam
3634 3338 3865 3380 mentem
3891 3338 3981 3380 aut

2416 3419 2680 3471 rationem
2710 3419 3070 3486 appellamus,
3103 3421 3194 3471 sed
3220 3418 3424 3471 animal
3457 3419 3682 3472 rationis
3702 3430 3753 3471 et
3787 3421 3983 3474 mentis

2417 3511 2705 3578 particeps,
2729 3511 2884 3576 cujus
2920 3526 3064 3564 nunc
3109 3512 3494 3564 beatitudinem
3526 3514 3842 3580 quarrimus,
3870 3529 3982 3566 rem

2417 3603 2688 3668 videlicet,
2722 3619 2827 3671 qua
2881 3605 3106 3672 optime,
3154 3602 3279 3656 dum
3324 3605 3543 3668 vivitur,
3581 3606 3686 3658 vita
3716 3605 3834 3671 ejus
3879 3605 3982 3658 du-

2418 3709 2596 3750 catur.

2416 3832 2547 3887 Car.
2580 3829 2784 3894 X.Qute
2816 3831 3110 3883 hominibus
3131 3839 3179 3882 et
3220 3831 3396 3882 bestiis
3428 3830 3750 3895 communia,
3785 3847 3884 3884 non
3933 3832 3986 3884 in

2630 3905 2774 3954 bonis
2798 3903 3044 3964 hominis,
3071 3912 3124 3952 ut
3146 3905 3297 3952 homo
3316 3909 3413 3961 est,
3444 3900 3774 3954 collocanda.

2487 4016 2557 4067 At
2585 4031 2710 4068 vero
2745 4053 2762 4079 ,
2798 4029 2896 4068 nec
2921 4029 3260 4082 quaecunque
3294 4025 3440 4074 sunt,
3469 4025 3560 4065 aut
3584 4028 3703 4065 esse
3734 4025 3983 4081 possunt,

2417 4106 2724 4159 communia
2747 4106 2981 4159 hominis
3010 4116 3062 4158 et
3081 4106 3374 4159 bestiarum
3403 4148 3415 4168 ,
3450 4108 3502 4157 in
3540 4105 3648 4157 illis
3682 4107 3836 4158 bonis
3860 4117 3988 4158 sunt

2419 4199 2688 4262 habenda,
2720 4214 2783 4250 ex
2825 4198 3028 4265 quibus
3056 4196 3288 4248 hominis
3319 4195 3600 4248 beatitudo
3633 4206 3868 4249 constat.
3890 4197 3984 4248 llla

2416 4289 2560 4341 enim
2598 4289 2801 4352 omnia,
2827 4299 2884 4340 ut
2915 4287 3304 4355 prazdeﬁnitum
3338 4297 3441 4348 est,
3467 4294 3593 4339 sunt
3631 4287 3768 4339 bona
3806 4289 3986 4340 Immi-

2420 4381 2527 4440 nis,
2556 4390 2615 4432 ut
2657 4381 2819 4430 homo
2860 4389 2963 4431 est.
3002 4377 3106 4431 Sed
3141 4378 3226 4428 illa
3259 4393 3378 4444 qua:
3411 4388 3559 4440 sunt,
3591 4390 3683 4429 aut
3709 4394 3829 4430 esse
3864 4394 3988 4443 pos-

2417 4481 2543 4522 sunt
2569 4470 2876 4523 communia
2909 4468 3149 4521 hominis
3202 4477 3255 4520 et
3286 4470 3583 4521 bestiarum
3614 4508 3630 4531 ,
3663 4481 3712 4521 et
3739 4485 3833 4537 per
3854 4486 3987 4521 con-

2413 4574 2650 4628 sequens
2683 4575 2804 4628 qua:
2871 4561 3044 4627 gratia
3081 4559 3306 4611 istorum
3351 4563 3725 4627 requiruntur,
3773 4575 3829 4612 ut
3859 4561 3988 4613 etle-

2415 4650 2578 4712 ctiva,
2612 4659 2704 4700 aut
2735 4649 3202 4709 conservativa,et
3238 4649 3280 4700 si
3317 4664 3434 4714 qua:
3464 4649 3780 4700 earumdem
3819 4651 3989 4699 virtu-

2417 4749 2493 4795 tes
2525 4756 2646 4794 esse
2668 4741 2944 4805 dicuntur,
2977 4755 3082 4792 non
3109 4747 3237 4792 sunt
3259 4741 3398 4792 bona
3432 4740 3696 4800 hominis,
3732 4752 3788 4792 ut
3825 4741 3988 4793 homo

2414 4842 2518 4893 est,
2551 4842 2602 4884 et
2627 4831 2746 4884 ideo
2777 4847 2871 4884 nec
2905 4834 2954 4885 in
2984 4833 3088 4886 illis
3123 4834 3278 4886 bonis
3306 4842 3433 4886 sunt
3467 4833 3734 4896 habenda,
3766 4847 3883 4900 qua-
3917 4835 3982 4884 ad

2417 4922 2808 4977 beatitudinem
2837 4925 3131 4992 pertinent.

2417 5053 2543 5108 CAP.
2593 5053 2680 5106 XI.
2726 5054 3015 5108 Miserrimi
3069 5057 3324 5121 deﬁnitio,
3359 5066 3450 5108 aut
3504 5058 3592 5124 qui
3657 5072 3776 5109 vere
3830 5057 3978 5107 miser

3088 5129 3312 5178 dicatur.

2489 5233 2641 5294 Item,
2696 5237 2822 5303 quia
2866 5235 3208 5289 miserrimus
3257 5237 3419 5289 homo
3477 5251 3576 5288 nec
3615 5236 3702 5287 ille
3754 5245 3860 5294 est,
3891 5239 3984 5302 qui

2421 5341 2688 5392 nusquam
2724 5337 2806 5379 est
2832 5367 2845 5390 ,
2877 5343 2972 5380 nec
3005 5329 3112 5390 ille,
3149 5329 3238 5395 qui
3291 5329 3450 5381 homo
3487 5345 3593 5380 non
3629 5337 3713 5380 est
3736 5341 3768 5380 ":
3814 5344 3989 5395 equus

2419 5419 2563 5471 enim
2603 5434 2704 5469 non
2748 5420 2948 5471 dicitur
2993 5423 3153 5472 homo
3197 5421 3542 5473 miserrimus
3577 5437 3589 5472 :
3629 5420 3983 5472 manifestum

2422 5521 2523 5570 est,
2562 5512 2702 5574 quod
2747 5520 2874 5563 sunt
2912 5513 3087 5579 aliqua
3141 5512 3454 5564 communia
3491 5512 3728 5563 hominis
3760 5511 3900 5564 beati
3934 5522 3989 5564 et

2427 5601 2740 5654 miserrimi.
2769 5602 2902 5653 Cum
2937 5616 3064 5653 Vero
3115 5602 3457 5654 miserrimus
3486 5601 3720 5663 dicatur,
3760 5599 3851 5665 qui
3888 5606 3988 5651 ha-

2426 5687 2515 5739 bet
2547 5689 2726 5739 omnia
2759 5689 2897 5739 mala
2935 5689 3190 5751 hominis,
3219 5699 3276 5741 ut
3309 5689 3472 5742 homo
3511 5698 3614 5750 est,
3659 5689 3728 5740 ita
3766 5698 3821 5739 ut
3853 5688 3990 5742 nihil

2428 5778 2551 5832 boni
2590 5779 2849 5844 hominis,
2888 5788 2944 5832 ut
2979 5780 3137 5832 homo
3174 5789 3272 5844 est,
3313 5782 3359 5833 ei
3397 5780 3770 5847 relinquatur:
3804 5777 3984 5847 sequi-
