4450 6440
469 373 604 435 1345

1543 367 1818 427 ETiIICA
1856 368 2278 431 SECUNDUM
2329 371 2660 432 STOiCUb.

3593 379 3722 439 lii/tt“:

463 498 551 541 tur
584 487 718 540 nihil
769 502 956 542 eorum
990 502 1114 557 qua:
1144 496 1292 549 sunt,
1346 495 1440 540 aut
1473 503 1594 542 esse
1628 500 1858 569 possunt
1888 503 2037 541 com-
2064 495 2112 550 Α
2141 490 2380 557 externis
2406 530 2419 552 ,
2447 506 2566 559 qua:
2599 489 2841 545 secunda
2892 506 2945 545 et
2982 501 3143 544 tertia
3199 503 3488 550 vocamur.
3527 511 3718 562 ntust...

468 578 648 631 munia
684 577 826 631 beati
860 587 912 630 et
943 567 1257 647 miserrimi,
1283 593 1509 647 qumque
1538 581 1709 648 gratia
1737 567 1925 652 eorum
1958 597 2040 634 re-~

482 668 780 736 tuiruntur,
810 666 1011 721 bonum
1038 681 1159 721 esse
1186 667 1448 729 hominis,
1472 678 1528 721 ιιι
1555 671 1714 720 homo
1734 677 1834 720 est.
1861 656 2040 732 Quare

469 775 564 814 uec
603 761 654 812 in
699 759 808 813 illis
848 759 1157 829 hujusmodi
1210 771 1336 812 sunt
1366 761 1636 823 habenda.
1669 776 1792 856 lqua:
1849 760 2041 816 deﬂui-

471 857 610 915 ιίυιιο
655 852 1012 906 beatitudinis
1051 852 1614 921 comprehenduntur.
1669 852 1680 856 ⁷
2004 903 2053 942 ί

492 968 595 1021 In.
633 965 749 1021 ΧΗ.
797 965 927 1030 Qua!
969 964 1024 1017 in
1055 963 1203 1018 bonis
1248 965 1469 1018 hominis
1500 964 1619 1033 jure
1651 963 1892 1018 habenda
1925 981 2040 1045 cen-

1130 1045 1374 1092 seantur.
1895 1045 1900 1051 ’

535 1149 688 1212 Item,
719 1152 761 1204 si
783 1150 872 1204 illa
897 1150 1036 1205 bona
1059 1157 1265 1203 tantum
1299 1148 1500 1202 faciant
1528 1163 1624 1218 per
1659 1162 1717 1200 se
1751 1148 2029 1203 hominem

473 1249 710 1303 beatum,
732 1256 851 1308 quae
875 1241 1052 1309 ipsum
1088 1239 1384 1302 hominem,
1421 1245 1480 1292 ut
1501 1247 1778 1290 ostensum
1805 1246 1909 1298 est,
1945 1237 2038 1290 bo-

470 1346 594 1383 num
631 1331 956 1400 simpliciter
990 1340 1044 1384 et
1075 1330 1401 1382 laudabilem
1449 1327 1680 1390 faciunt,
1719 1335 1772 1380 et
1813 1336 2033 1395 propter

465 1438 582 1491 qua:
623 1423 744 1490 jure
791 1423 1067 1487 laudatur,
1099 1431 1152 1476 et
1215 1423 1379 1475 homo
1443 1424 1620 1474 bonus
1669 1420 2028 1488 appellatur;

464 1514 644 1566 omnia
675 1529 803 1567 vero
852 1513 1165 1581 hujusmodi
1201 1524 1327 1567 sunt
1368 1512 1700 1573 voluntaria,
1733 1521 1782 1563 et
1836 1511 1889 1563 in
1934 1526 2033 1579 po-

463 1615 659 1657 testate
694 1604 934 1657 hominis
962 1604 1226 1672 jacentia,
1254 1612 1307 1656 et
1334 1603 1508 1656 amitti
1538 1601 1725 1654 invitis
1751 1614 2033 1668 nequeun-

463 1697 535 1748 tia
565 1711 577 1748 :
608 1697 814 1748 nullum
843 1710 969 1762 ergo
998 1695 1208 1764 fragile,
1234 1692 1661 1757 etcaducum,et
1686 1697 2028 1748 extraneum.

461 1787 516 1839 in
563 1796 747 1838 nostra
777 1794 1046 1855 potestate
1094 1802 1199 1839 non
1227 1785 1522 1848 exsistens,
1558 1792 1610 1836 et
1635 1783 1909 1852 exstingui
1973 1788 2027 1834 et

2144 590 2224 636 est
2265 584 2516 650 qumstio.

2224 674 2454 737 Quidam
2487 674 2628 727 cnim
2655 674 2730 728 nil
2758 684 2951 743 prmter
2980 676 3229 737 virtutes,
3252 679 3487 732 hominis
3516 680 3716 731 bonum

2142 777 2281 827 esse,
2313 766 2368 816 in
2403 774 2668 838 quantum
2699 767 2872 838 homo
2903 778 3004 830 est,
3047 783 3158 821 non
3188 768 3459 831 dubitant,
3490 771 3580 822 sed
3609 770 3717 820 adi-

2143 866 2353 912 mentes
2390 860 2660 924 praedictae
2723 859 3050 919 deﬁnitioni,
3099 867 3427 927 postremam
3477 861 3711 914 additio-

2142 963 2288 1009 nem,
2319 959 2370 1001 et
2424 949 2753 1018 simpliciter
2806 957 3070 1018 ponentes
3109 953 3524 1013 beatitudinem,
3563 967 3711 1005 com-

2139 1040 2448 1108 plexionem
2481 1057 2602 1096 esse
2635 1045 2904 1096 bonorum
2942 1044 3179 1098 hominis
3206 1083 3220 1108 ,
3248 1045 3495 1098 nituntur
3526 1063 3704 1110 aggre-

2137 1147 2265 1223 gare
2287 1135 2351 1186 ad
2383 1134 2588 1186 beatam
2621 1137 2784 1188 vitam
2820 1136 3168 1204 explendam,
3209 1145 3264 1189 et
3297 1152 3554 1204 corporea
3595 1154 3682 1190 om

2140 1223 2250 1285 nia,
2280 1234 2332 1276 ct
2360 1233 2610 1285 externa,
2643 1225 2799 1296 quasi
2848 1227 2965 1281 sine
3000 1226 3118 1280 istis
3143 1242 3483 1297 nequaquam
3516 1229 3604 1281 illa
3635 1231 3714 1281 in-

2140 1321 2288 1380 tegra
2334 1317 2513 1367 valeat
2557 1330 2700 1369 esse.
2731 1316 2834 1380 Qui
2874 1318 3224 1371 vehementer
3257 1332 3444 1373 errare
3484 1321 3710 1373 convin-

2134 1413 2355 1468 cuntur,
2387 1419 2450 1457 ex
2500 1404 2586 1458 bis
2634 1421 2754 1474 quae
2791 1408 3159 1460 communiter
3193 1418 3247 1460 et
3285 1411 3609 1463 naturaliter
3642 1411 3724 1465 de.

2135 1494 2290 1549 beata
2318 1498 2430 1550 vita
2483 1501 2773 1552 sentimus.
2825 1499 3221 1554 Beatitudinem
3261 1502 3406 1555 enim
3447 1513 3703 1570 tanquam

2133 1605 2408 1644 summum
2447 1593 2646 1646 bonum
2679 1609 2873 1647 omnes
2903 1595 3298 1663 intelligimus;
3327 1610 3435 1663 quo
3468 1595 3583 1662 ipsa
3618 1611 3706 1650 res

2136 1697 2352 1735 summe
2383 1682 2522 1736 bona
2549 1699 2649 1738 suo
2683 1701 2879 1752 genere
2902 1685 3154 1740 eﬂicitur.
3187 1687 3328 1755 Ergo
3348 1696 3401 1740 et
3433 1703 3704 1741 summum

2133 1771 2371 1826 hominis
2402 1775 2601 1828 bonum
2636 1776 3045 1846 intelligendum
3089 1788 3192 1841 est,
3228 1779 3387 1845 cujus
3413 1783 3702 1847 praesentia

459 1878 634 1931 amitti
681 1889 874 1946 potens
908 1879 1120 1939 invitis,
1157 1877 1464 1931 habendum
1507 1877 1666 1931 estin
1705 1881 1781 1931 eo‘
1807 1890 2028 1946 genere,
2061 1851 2103 1906 Β
2136 1865 2216 1918 ¹ιο¹

1949 1890 2028 1941 τε,
2061 1851 2103 1906 Β
2136 1865 2298 1919 homo
2325 1881 2538 1920 summe
2570 1869 2745 1922 bonus
2775 1871 2934 1922 homo
2972 1869 3230 1924 edicitur.
3269 1872 3410 1926 Sola:
3435 1887 3562 1940 ergo
3595 1873 3702 1924 vir-

459 1972 604 2040 quod
627 1973 736 2026 vita
770 1972 924 2026 beata
953 1971 1357 2040 complectitur.

456 2110 584 2166 (ἶΑΡ.
616 2109 752 2164 Xlll.
792 2109 941 2162 Bona
986 2126 1236 2180 corporea
1279 2122 1494 2164 externa
1529 2111 1599 2163 ad
1639 2108 2024 2163 beatitudinem

665 2181 909 2244 hominis,
937 2191 990 2233 ut
1023 2183 1175 2234 homo
1210 2193 1307 2246 est,
1331 2198 1432 2234 non
1463 2182 1743 2248 pertinent.

530 2291 683 2347 Patet
714 2294 878 2362 igitur
911 2308 973 2347 ex
1017 2285 1328 2356 conclusis,
1367 2293 1513 2362 quod
1563 2308 1659 2347 nec
1700 2294 2020 2369 indolentia,

461 2402 561 2440 nec
590 2402 852 2452 corporea
880 2387 1153 2454 voluptas,
1188 2401 1288 2439 nec
1312 2388 1539 2439 omnino
1576 2386 1781 2455 aliquid
1831 2400 2018 2440 eorum

459 2498 580 2550 quae
609 2482 864 2536 dicuntur
911 2494 1170 2549 corporea
1204 2481 1343 2533 bona
1370 2490 1423 2534 et
1449 2489 1671 2534 externa
1701 2522 1715 2544 ,
1746 2479 1812 2533 ad
1843 2480 2018 2534 beati-

459 2573 722 2636 tudinem,
762 2588 923 2642 quam
957 2573 1276 2641 quaerimus,
1306 2573 1562 2641 pertinet.
1619 2570 1825 2626 ilorum
1872 2572 2017 2627 enim

457 2668 560 2720 alia
618 2677 744 2720 sunt
787 2666 1098 2718 communia
1138 2664 1372 2717 hominis
1419 2673 1472 2717 et
1506 2664 1806 2717 bestiarum
1839 2681 1852 2716 :
1892 2665 2017 2729 alia,

453 2754 594 2807 beati
632 2756 867 2808 hominis
911 2763 963 2808 et
997 2755 1329 2814 miserrimi;
1364 2761 1416 2806 et
1446 2754 1627 2806 omnia
1657 2755 2019 2807 communiter

451 2858 579 2899 sunt
622 2859 776 2901 extra
824 2857 1064 2900 nostram
1114 2855 1460 2912 potestatem,
1490 2844 1802 2913 ctl'ragilia,
1846 2854 1898 2898 ct
1929 2861 2018 2899 ca-

450 2937 612 3000 duca,
655 2949 708 2991 et
743 2939 1012 3004 exstingui
1044 2937 1290 2990 etamitti
1316 2936 1500 2989 invitis
1549 2946 1812 3003 possunt;
1840 2945 1893 2990 et
1918 2953 2015 2990 nec

449 3032 630 3084 omnia
668 3030 853 3092 simul,
889 3045 984 3082 nec
1017 3030 1196 3095 aliqua
1231 3029 1449 3081 illorum
1480 3043 1574 3081 sua
1602 3028 1891 3096 prxscntia
1915 3029 2014 3080 ho-

450 3126 652 3174 minem
676 3122 876 3174 bonum
908 3120 1134 3182 faciunt,
1166 3120 1249 3172 vel
1280 3120 1348 3173 ab
1375 3120 1454 3173 eis
1477 3121 1639 3171 homo
1665 3119 1788 3185 jure
1818 3119 2010 3170 lauda-

449 3221 618 3272 tur.et
650 3212 825 3264 bonus
860 3211 1186 3279 appellatur.
1227 3210 1365 3278 Ergo
1397 3225 1519 3262 cum
1553 3209 1865 3277 hujusmodi
1891 3225 2006 3263 om-
2038 3193 2078 3249 (ἶ

447 3307 536 3357 nia
569 3306 789 3359 exclusa
824 3311 1007 3357 essent
1035 3317 1064 3355 a
1095 3303 1429 3356 beatitudine
1459 3339 1473 3366 ,
1507 3309 1562 3354 et.
1594 3302 1712 3370 ipsa
1745 3315 2009 3371 corporea

447 3406 500 3450 et
521 3406 747 3451 externa
777 3396 1090 3450 necessario
1125 3394 1513 3450 excluduntur.

514 3529 644 3586 CAP.
676 3527 818 3585 XIV.
841 3529 972 3595 Qua:
999 3529 1172 3599 forma
1203 3529 1544 3584 beatitudinis
1573 3528 1937 3583 includantur.

515 3645 700 3715 Itaque
717 3645 1149 3714 circumscriptis
1167 3645 1422 3700 omnibus
1438 3645 1580 3711 aliis,
1605 3647 1669 3700 de
1687 3629 1886 3716 quibus
1911 3644 2009 3699 du-

446 3737 608 3789 bitari
635 3737 827 3804 possit,
851 3752 919 3790 ne
943 3738 996 3789 in
1026 3736 1196 3790 forma
1230 3737 1580 3791 beatitudinis
1612 3737 2000 3801 includantur;

371 3840 376 3844 ‘
445 3826 647 3880 relictis
679 3841 806 3879 vero
833 3827 966 3880 solis
997 3826 1164 3880 animi
1191 3826 1501 3892 virtutibus,
1526 3837 1786 3901 eteorum
1816 3827 2002 3880 lauda-

447 3918 645 3972 bilibus
675 3919 1006 3984 actionibus,
1055 3934 1177 3988 qua:
1215 3920 1467 3976 videlicet
1517 3935 1616 3974 nec
1652 3921 1912 3982 hominis,
1948 3930 2002 3974 et

443 4009 766 4072 belluarum.
803 4026 902 4064 nec
930 4012 1071 4065 beati
1104 4021 1158 4065 et
1191 4014 1486 4067 miserrimi
1522 4029 1842 4068 communes
1880 4029 2002 4068 esse

442 4111 690 4171 possunt,
724 4114 777 4156 et
808 4103 982 4156 amitti
1017 4104 1195 4158 invitis
1223 4105 1376 4158 nobis
1417 4120 1524 4158 non
1557 4114 1806 4174 possunt,
1855 4120 2003 4173 quaa-

440 4208 544 4262 que
585 4210 712 4247 vero
743 4196 1016 4248 hominem
1070 4197 1276 4249 bonum
1309 4204 1362 4249 et
1406 4195 1730 4250 laudabilem
1768 4197 1996 4261 faciunt,

437 4297 489 4339 et
513 4303 538 4338 a
571 4271 770 4355 quibus
804 4289 966 4341 homo
995 4286 1117 4354 jure
1146 4288 1395 4341 laudatur
1419 4326 1434 4352 ,
1469 4301 1521 4340 et
1548 4289 1722 4342 bonus
1752 4291 1996 4358 appella-

438 4389 562 4431 tur:
599 4378 944 4431 manilestum
969 4388 1071 4442 est,
1100 4380 1240 4446 quod
1270 4379 1320 4429 in
1337 4379 1448 4430 sola
1475 4379 1580 4432 vita
1606 4381 1844 4434 virtuosa
1868 4384 1997 4458 bea-

437 4471 610 4524 titudo
652 4471 896 4523 consistit
928 4489 940 4534 ;
979 4478 1038 4561 el,
1063 4471 1236 4524 virtus
1265 4470 1444 4538 seipsa
1507 4480 1590 4524 est
1617 4481 1894 4536 contenta,
1925 4475 1990 4528 ad

439 4561 575 4614 bene
612 4562 873 4629 beateque
914 4560 1223 4617 vivendum.

512 4651 859 4718 Reliquorum
919 4667 1046 4704 vero
1105 4653 1235 4705 nihil
1271 4651 1337 4706 ad
1376 4668 1559 4706 veram
1601 4653 1989 4710 beatitudinem

437 4744 666 4808 ρνιιὶιιιτι
697 4758 712 4805 ;
746 4744 836 4794 sed
871 4744 996 4796 dum
1032 4744 1192 4796 homo
1228 4745 1519 4799 virtutibus
1546 4754 1627 4799 est
1659 4746 1919 4811 imbutus,
1941 4759 1993 4802 et

435 4849 624 4887 omnes
655 4849 784 4887 suas
816 4836 1169 4909 cogitationes
1218 4845 1272 4888 et
1305 4836 1568 4894 actiones.
1596 4847 1646 4890 et
1688 4839 1846 4891 vitam
1881 4841 1990 4890 vir-

437 4928 641 4979 tutibus
675 4927 991 4995 regulariter
1021 4936 1075 4980 et.
1111 4929 1443 4992 moderatur,
1475 4939 1527 4981 et
1554 4930 1736 4998 dirigit
1766 4947 1778 4982 :
1816 4933 1994 4984 omni-

436 5018 534 5068 bus
555 5017 676 5070 aliis
695 5017 857 5071 rebus
877 5019 1225 5071 nascentibus
1246 5027 1300 5071 et
1326 4998 1666 5082 cadentibus,
1693 5030 1746 5074 et
1771 5008 1989 5090 quoquo

435 5112 591 5162 nindo
624 5125 680 5163 se
725 5110 1048 5162 habentibus
1077 5150 1091 5172 ,
1144 5111 1214 5162 nil
1244 5111 1497 5164 adimitur
1529 5122 1622 5165 aut
1655 5115 1869 5167 additur
1915 5116 1984 5176 ei,

432 5216 537 5266 quo
568 5201 740 5269 magis
787 5201 1033 5254 minusve
1057 5202 1122 5254 sit
1148 5201 1354 5256 beatus.

428 5339 552 5392 CAP.
590 5339 701 5392 XV.
749 5337 990 5392 Secunda
1037 5348 1088 5406 et
1135 5340 1311 5398 tertia,
1369 5356 1484 5406 qua:
1538 5351 1808 5400 uocantur,
1867 5360 1986 5395 mmt

501 5411 683 5477 [armis
716 5411 1015 5477 quwrendw
1057 5409 1399 5461 beatitudinis
1426 5410 1628 5462 includi
1674 5412 1914 5464 debeant.

501 5521 572 5574 De
601 5520 844 5575 scientiLs
873 5520 1089 5588 quidem
1127 5529 1178 5572 et
1211 5520 1441 5582 artibus,
1472 5521 1604 5572 nulli
1642 5523 1988 5592 philosoriho-

431 5624 546 5659 rum
587 5609 854 5672 dubitant,
889 5618 1071 5662 utrum
1127 5612 1492 5662 necessarium
1531 5610 1602 5661 sit
1653 5621 1744 5663 aut
1801 5629 1988 5667 omnes

425 5699 701 5763 scientias,
721 5710 812 5752 aut
837 5702 1047 5769 aliquas
1074 5711 1233 5763 artes,
1259 5703 1308 5753 in
1340 5699 1506 5754 forma
1543 5703 1841 5769 qntercndzc
1862 5707 1984 5757 hea-

425 5792 672 5845 titudiuis
706 5793 929 5846 includi.
968 5793 1036 5847 De
1056 5794 1216 5847 dictis
1249 5809 1376 5848 vero
1415 5797 1694 5862 corporeis
1724 5797 1880 5850 bonis
1935 5810 1985 5852 ct

2133 1963 2278 2010 tutes
2314 1958 2671 2013 beatitudinis
2713 1959 3380 2030 obtinentprincipatum.

2375 2071 2502 2125 CAP.
2537 2070 2676 2128 XVI.
2703 2070 2901 2126 Beatus
2924 2073 3093 2143 qualis
3114 2091 3220 2128 esse
3248 2075 3451 2130 debeat.
3479 2048 3491 2058 ι

2201 2181 2332 2237 Item
2365 2183 2617 2237 volumus
2647 2184 2818 2246 illum,
2850 2200 3011 2252 quem
3040 2186 3271 2252 perfecte
3291 2187 3509 2242 beatum
3532 2189 3691 2245 intel-

2127 2275 2366 2343 ligimus,
2399 2284 2573 2329 tutum
2617 2290 2757 2338 esse,
2779 2277 3273 2343 inexpugnabilem.
3309 2290 3546 2348 septum,
3575 2300 3691 2335 mu-

2126 2367 2322 2432 nitum,
2354 2367 2468 2421 suis
2490 2367 2648 2421 bonis
2673 2367 3032 2421 inerrabiliter
3062 2369 3447 2431 conﬁdentem.
3479 2376 3691 2442 semper

2127 2459 2324 2513 habere
2342 2459 2488 2527 quod
2515 2459 2706 2519 vult,ct
2737 2475 3035 2527 nunquam,
3056 2463 3197 2531 quod
3233 2476 3339 2514 non
3369 2465 3479 2515 vult
3514 2482 3693 2518 :ntIn—-

2124 2564 2286 2617 quam
2319 2548 2588 2613 dubitare,
2607 2558 2784 2602 utrum
2822 2549 2974 2602 adest
3010 2549 3112 2603 sibi
3157 2549 3361 2619 integre
3390 2552 3684 2614 beatitudo.

2122 2657 2188 2694 an
2218 2656 2323 2694 non
2353 2656 2366 2704 ;
2403 2642 2681 2709 nunqu‘am
2722 2643 2926 2701 timere.
2962 2658 3027 2695 ne
3057 2643 3257 2696 invitus
3281 2645 3493 2698 amittat
3521 2661 3637 2700 eam
3671 2664 3686 2710 ;

2121 2732 2269 2794 forti,
2307 2739 2359 2785 et
2405 2733 2651 2797 robusto,
2677 2741 2732 2786 et
2756 2734 2992 2795 excelso,
3031 2745 3081 2787 ct
3112 2749 3307 2800 magno
3338 2737 3684 2802 animoessc,

2120 2839 2445 2891 semperque
2479 2825 2530 2877 in
2573 2825 2758 2878 animo
2812 2826 3281 2894 tranquillitatem,
3310 2836 3358 2880 ct
3421 2831 3685 2882 securita-

2119 2921 2249 2976 tem,
2275 2924 2330 2967 et
2364 2915 2784 2982 placidissimam
2823 2930 3028 2984 pacem,
3065 2926 3118 2970 et
3164 2927 3504 2974 constantem
3554 2923 3684 2975 hila-

2119 3007 2330 3058 ritatem
2371 3005 2592 3068 habere,
2619 3016 2670 3059 et
2702 3006 3002 3062 terroribus
3033 3017 3085 3062 et
3116 3014 3412 3077 angoribus
3454 3022 3506 3067 et
3553 3021 3683 3068 ιιτωέ

2115 3097 2258 3152 stitia
2302 3111 2532 3150 vacuum
2566 3113 2710 3151 esse.

2254 3207 2387 3263 CAP.
2414 3208 2578 3264 XVII.
2614 3210 2752 3275 Quid
2787 3211 2841 3262 in
2871 3227 2924 3263 se
2954 3213 3212 3264 contineat
3250 3215 3534 3271 beatitudo.

2183 3318 2308 3374 Haec
2362 3330 2539 3375 autem
2581 3322 2764 3376 omnia
2820 3325 3061 3377 continet
3096 3327 3363 3378 sententia
3407 3329 3672 3382 coril'cctre

2117 3413 2507 3468 conclusionis.
2570 3413 2701 3466 Nam
2741 3417 2786 3468 si
2815 3417 2959 3483 quis,
3021 3434 3140 3470 cum
3177 3419 3244 3472 sit
3275 3419 3570 3485 virtuosus,
3603 3423 3672 3475 ita

2112 3503 2428 3557 conclusam
2465 3505 2530 3558 de
2559 3503 2891 3562 beatitudine
2925 3509 3274 3574 sententiam,
3309 3511 3481 3564 vivam
3507 3523 3558 3565 et
3582 3513 3658 3566 el.

2109 3598 2329 3653 licaccm
2361 3600 2543 3666 habet,
2575 3608 2628 3654 ct
2650 3609 2821 3654 totum
2854 3606 3097 3655 animum
3145 3620 3238 3672 per
3266 3620 3456 3659 omnes
3485 3615 3668 3674 partes

2108 3699 2506 3758 penetrantem,
2569 3699 2627 3745 ut
2666 3699 2720 3745 et
2767 3696 2946 3748 omnis
2983 3695 3254 3762 appetitus
3302 3696 3666 3752 sitconsonus

2110 3783 2209 3844 illi,
2239 3793 2292 3836 et
2347 3784 2529 3852 aliqua
2573 3799 2883 3853 repugnans
2924 3786 3110 3854 opinio
3134 3803 3237 3838 non
3274 3789 3346 3841 sit
3378 3788 3559 3842 animo
3586 3790 3660 3842 la-

2107 3885 2243 3939 tens,
2276 3891 2394 3943 qua:
2432 3875 2606 3942 possit
2647 3877 2942 3945 aliquando
2992 3879 3056 3930 ad
3082 3880 3413 3932 contrarium
3455 3882 3668 3949 appeti-

2106 3977 2216 4021 tum
2243 3968 2484 4020 animum
2527 3967 2870 4022 distrahere:
2904 3969 2992 4022 hic
3026 3985 3148 4021 cum
3187 3971 3324 4022 nihil
3385 3971 3575 4024 habeat
3610 3974 3660 4025 in

2104 4058 2261 4112 bonis
2287 4059 2392 4112 nisi
2443 4061 2722 4130 virtutem,
2781 4073 2833 4114 et
2863 4062 3003 4129 quod
3039 4077 3099 4113 ea
3136 4073 3325 4130 agatur
3355 4099 3370 4123 ,
3426 4064 3661 4132 reliqua-

2101 4167 2221 4203 rum
2252 4166 2381 4202 vero
2423 4167 2627 4215 rerum,
2655 4153 2786 4206 nihil
2826 4153 2928 4205 sibi
2955 4156 3151 4206 bonum
3192 4156 3274 4207 vel
3314 4154 3512 4208 tnalum
3575 4171 3660 4209 re-

2103 4250 2274 4310 putet,
2301 4243 2588 4310 videatque
2614 4245 2759 4312 quod
2787 4245 2966 4327 solum
3001 4245 3200 4320 bonum
3243 4246 3412 4304 norit.
3447 4261 3652 4314 semper

2099 4337 2200 4387 sibi
2240 4346 2407 4388 totum
2458 4353 2716 4404 praesens,
2773 4347 2826 4391 et
2851 4321 3027 4390 amitti
3081 4321 3249 4392 inivito
3280 4356 3386 4392 non
3426 4344 3655 4408 patiens,

2100 4428 2324 4482 necesse
2339 4416 2689 4483 estutomitia
2716 4431 2804 4483 illa
2825 4432 2872 4484 ei
2897 4432 3229 4499 contingant,
3259 4449 3376 4501 qua!
3403 4435 3654 4502 exposui~

2025 4524 2071 4582 ι)
2101 4532 2220 4568 ntus
2250 4522 2614 4571 connuunitcr
2635 4535 2757 4572 vere
2789 4519 2855 4573 de
2887 4521 3044 4573 beato
3067 4521 3309 4585 intelligi.
3345 4521 3486 4577 Talis
3514 4524 3652 4576 cnim

2099 4616 2245 4659 tutus
2278 4618 2380 4668 est,
2412 4598 2874 4676 inexpugnabilis,
2900 4611 3262 4665 inerrabiliter
3285 4614 3386 4665 illis
3407 4630 3523 4681 qum
3556 4630 3651 4668 sua

2097 4699 2233 4752 bona
2261 4699 2383 4761 scit,
2444 4700 2763 4754 conlidens:
2810 4717 3029 4773 semper
3063 4703 3221 4756 habet
3265 4705 3407 4772 quod
3446 4707 3575 4765 vult.
3600 4720 3650 4758 ct

2096 4806 2398 4858 nunquam,
2445 4791 2727 4859 quodnon
2779 4794 2912 4847 vult.
2961 4793 3128 4846 Vacat
3155 4795 3295 4847 enim
3334 4796 3501 4857 vitiis.
3533 4814 3648 4864 qme

2096 4897 2200 4935 non
2235 4883 2345 4935 vult
2367 4884 2590 4946 habere,
2620 4893 2673 4937 et
2704 4884 3028 4950 siterrores,
3063 4893 3117 4939 et
3157 4886 3449 4949 nimstitirc,
3483 4898 3649 4940 ctan-

2095 4990 2272 5050 gorps,
2307 4985 2364 5027 et
2398 4975 2516 5042 alia:
2546 4978 3005 5044 perturbationes,
3047 4995 3166 5048 qua:
3192 4982 3514 5049 contingunt
3586 5000 3645 5032 υ.

2095 5071 2353 5132 minibus,
2383 5082 2600 5140 propter
2647 5089 2935 5142 corporeus
2965 5088 3019 5130 et
3069 5086 3324 5133 externas
3361 5095 3477 5133 res:
3523 5083 3645 5147 quia

2092 5170 2280 5229 putant
2324 5176 2417 5214 eas
2454 5164 2623 5214 malas
2649 5165 2731 5216 vel
2776 5165 2947 5219 bonas
2978 5181 3119 5232 esse,
3173 5177 3226 5222 et
3281 5169 3553 5237 pertinere
3583 5173 3645 5221 ad

2093 5269 2250 5307 suum
2285 5253 2484 5307 bonum
2532 5255 2615 5309 vel
2662 5257 2861 5310 malum
2896 5269 3134 5313 statum:
3170 5260 3508 5314 manifestum
3545 5273 3644 5324 cst,

2091 5346 2231 5414 quod
2276 5349 2318 5398 si
2350 5347 2470 5415 quis
2508 5347 2818 5415 huiusmodi
2841 5350 3146 5418 opinionem
3180 5363 3231 5404 ct
3261 5352 3553 5419 appetitum
3582 5353 3647 5405 ab

2094 5439 2285 5491 iisdem
2319 5441 2478 5493 rebus
2508 5441 2727 5508 penitus
2754 5445 3073 5506 removerit,
3098 5444 3229 5497 nihil
3251 5461 3470 5514 quoquo
3491 5445 3649 5498 modo

2093 5531 2372 5594 acciderit,
2446 5543 2649 5584 terrere
2708 5542 2760 5587 et
2793 5535 3108 5601 perturbare
3148 5551 3268 5588 eum
3310 5536 3528 5598 valebit;
3556 5546 3647 5589 aut

2091 5622 2234 5689 angi,
2273 5635 2323 5673 ct
2363 5637 2389 5671 a
2417 5623 2723 5676 constantia
2764 5627 2968 5690 egredi,
3016 5635 3068 5678 et
3103 5642 3329 5680 moerere
3367 5603 3542 5679 faciet.
3583 5627 3646 5679 Et

2092 5710 2211 5763 ilco
2269 5729 2485 5780 setnper
2543 5716 2647 5766 erit
2696 5718 3019 5782 tranquillus
3107 5718 3320 5786 sibique
3382 5719 3641 5784 placatus.

2092 5803 2377 5872 Propterea
2416 5804 2572 5860 fortis
2612 5808 3123 5878 magnanimusque,
3150 5809 3640 5877 setnpcrinvictns,
