4450 6440
864 408 995 470 1347

1955 405 2340 466 BARLAAMI
2390 405 2484 463 DE
2527 403 2943 467 SEMINAIUA

3923 405 4057 470 I348

857 533 886 571 a
906 515 1051 569 nullo
1071 515 1235 584 frangi
1253 524 1305 569 et
1320 516 1525 570 demitti
1549 514 1730 568 animo
1754 516 1978 583 patiens.
2006 516 2234 567 Maxime
2252 513 2392 566 enim
2425 520 2463 570 Α
2495 513 2580 566 illa
2592 528 2711 582 qua
2729 517 2969 569 vuleutur
2983 529 3103 569 esse
3122 516 3501 570 escellentiora
3521 518 3786 585 corporis,
3804 529 3856 570 et
3874 528 4054 572 exter-

857 607 1234 661 seithumanas
1266 620 1351 660 res
1386 615 1759 667 contemnere,
1778 614 1831 657 et
1878 605 1946 658 ab
1971 605 2050 658 eis
2095 619 2191 656 nec
2222 603 2396 656 efferri

859 714 958 751 nee
988 696 1190 758 frangi:
1228 695 1321 762 qui
1352 710 1445 750 eas
1483 710 1582 750 nec
1610 696 1781 749 bonas
1811 709 1911 749 nec
1941 694 2112 747 malas
2127 695 2206 746 sui
2230 696 2398 762 gratia

854 789 1074 855 judicat.
1093 785 1352 840 Similiter
1378 796 1434 841 et
1452 799 1786 854 quacunque
1806 784 1910 837 alia
1933 784 2000 838 de
2018 783 2177 837 beato
2201 783 2401 836 intelli-

856 886 1067 945 gentes,
1113 878 1382 944 pmdietre
1440 876 1776 931 conclusioni
1826 874 1980 944 plene
2041 882 2396 929 concurrunt.

854 984 979 1039 Car.
1025 984 1205 1038 XVIII.
1251 985 1330 1063 A_d
1386 985 1664 1063 perfectam
1712 984 2097 1063 beatitudinem
2145 996 2269 1034 num
2317 999 2401 1038 se-

1125 1055 1324 1106 .ctmda
1352 1066 1400 1105 et
1431 1056 1584 1105 tertia
1614 1055 1722 1104 sint
1751 1055 2071 1104 necessaria.

917 1147 974 1199 Si
1005 1160 1137 1200 vero
1187 1149 1563 1213 supponamus’
1615 1145 1849 1212 aliquem
1885 1160 2004 1197 cum
2039 1148 2195 1200 bonis
2228 1145 2396 1201 animi

852 1238 1012 1290 etiam
1046 1251 1164 1304 qua!
1187 1235 1442 1289 dicuntur
1468 1235 1605 1288 bona
1633 1235 1908 1304 corporis,
1949 1225 2247 1294 etexterna
2273 1252 2396 1291 om-

853 1328 940 1381 nia
971 1327 1187 1390 habere,
1226 1334 1278 1380 et
1311 1325 1382 1381 sit
1410 1324 1514 1378 sibi
1567 1325 1658 1378 illa
1689 1327 1744 1378 in
1793 1325 1975 1380 animo
2013 1327 2277 1381 sententia
2312 1327 2400 1381 in-

853 1420 979 1477 sita.
1003 1424 1058 1470 et
1100 1417 1367 1485 appetitus
1397 1416 1682 1471 sententiae
1704 1431 1993 1486 congruas,
2019 1418 2162 1486 quod
2181 1417 2282 1472 ista
2306 1431 2397 1472 se-

853 1509 1024 1562 cunda
1065 1517 1119 1561 et
1155 1510 1306 1562 tertia
1337 1509 1400 1561 ad
1441 1507 1819 1576 perficiendam
1861 1507 2074 1575 plenam
2104 1505 2392 1562 beatitudi-

852 1614 970 1650 nem
997 1606 1119 1653 sunt
1143 1588 1481 1652 necessaria:
1531 1597 1870 1664 impossibile
1901 1596 2062 1655 estei
2083 1599 2267 1651 omnia
2300 1599 2392 1652 illa

853 1701 1192 1751 concurrere,
1225 1703 1343 1756 qua:
1371 1691 1436 1740 de
1466 1687 1624 1740 beato
1656 1687 2031 1755 intelligimus.
2064 1685 2129 1741 Et
2147 1688 2266 1743 ideo
2295 1703 2390 1758 per

2490 614 2717 663 norum,
2778 616 3108 670 nequaquam
3139 603 3418 666 habentes,
3447 615 3499 657 et
3528 606 3834 673 aliquorum
3853 621 3917 658 ex
3949 606 4051 668 eis,

2502 705 2622 756 qua:
2649 692 2868 755 desunt,
2899 692 3175 760 desperata
3200 695 3271 747 sit
3294 695 3614 762 acquisitio,
3649 704 3704 748 et
3749 695 3820 747 ita
3880 697 4054 748 omni-

2503 778 2603 832 bus
2629 795 2748 847 qua:
2786 783 2998 846 mentis,
3025 798 3144 852 quae
3182 796 3408 847 naturae,
3447 800 3567 852 quae
3613 785 3845 838 fortuna:
3903 794 4049 848 sunt,

2503 882 2598 935 per
2629 871 2804 922 omnia
2837 871 3149 939 adaequatis,
3191 873 3260 926 sit
3295 874 3386 926 uni
3444 873 3657 926 illorum
3706 889 4046 943 persuasum,

2503 963 2646 1030 quod
2679 973 2789 1018 tota
2818 963 3087 1020 beatitudo
3107 968 3159 1019 in
3180 967 3472 1020 virtutibus
3494 967 3660 1022 animi
3697 967 4051 1031 vertitur,alii

2504 1068 2632 1112 vero
2664 1056 2926 1122 tripertita
2959 1058 3046 1110 illa
3080 1058 3361 1124 sententia,
3393 1068 3447 1112 et
3478 1059 3710 1113 habeant
3741 1073 3924 1127 parem
3955 1073 4050 1126 ap-

2502 1143 2726 1212 petitum
2763 1145 3151 1201 beatitudinis:
3187 1150 3538 1203 manifestum
3582 1151 3751 1219 igitur
3776 1163 3878 1213 est,
3904 1151 4047 1218 quod

2503 1232 2709 1301 primus
2743 1235 2919 1289 minus
2937 1249 3096 1304 aegre,
3124 1246 3179 1291 et
3195 1242 3376 1295 minus
3422 1242 3606 1307 anxie,
3625 1251 3682 1296 et
3731 1243 4044 1311 jucundius,

2502 1331 2556 1376 et
2580 1325 2922 1393 tranquillius
2949 1327 3112 1382 ducet
3137 1344 3288 1383 suam
3315 1332 3512 1397 vitam,
3539 1347 3703 1400 quam
3736 1334 4043 1397 secundus;

2500 1415 2674 1472 tribus
2699 1431 2763 1471 ex
2795 1420 2995 1473 causis.
3019 1419 3170 1485 Quod
3198 1424 3408 1477 minora
3439 1425 3540 1479 sibi
3579 1425 3727 1478 videt
3758 1427 3947 1480 deesse
3975 1427 4040 1479 ad

2499 1507 2711 1573 plenam
2762 1509 3180 1575 beatitudinem;
3212 1520 3266 1566 et
3318 1515 3462 1582 quod
3496 1529 3603 1569 non
3637 1525 3722 1571 est
3753 1517 4036 1585 desperata

2498 1597 2604 1651 sibi
2633 1599 2846 1652 illorum
2878 1602 3192 1668 aequisitio;
3221 1611 3274 1657 et
3303 1606 3444 1678 quod
3479 1619 3667 1659 eorum
3699 1621 3819 1675 quae
3853 1608 4038 1671 habet,

2499 1694 2756 1755 tanquam
2815 1691 3136 1757 pertinentia
3165 1692 3232 1746 ad
3270 1694 3681 1758 beatitudinem.
3713 1713 3820 1751 non
3853 1698 4045 1751 existi-

853 1766 1210 1842 coitsequens,
1234 1791 1354 1828 cum
1383 1775 1567 1828 credat
1591 1776 1789 1830 habere
1822 1791 1879 1830 se
1911 1777 2092 1830 omnia
2116 1792 2237 1846 qua
2261 1793 2394 1846 sup-
2428 1842 2464 1855 L
2499 1786 2610 1829 mat
2634 1779 2810 1847 aliqua
2841 1783 3027 1836 essein
3062 1792 3324 1852 potestate
3357 1783 3588 1839 fortunae
3614 1802 3629 1850 ;
3661 1788 3863 1855 quibus
3891 1787 4040 1840 dela-

852 1871 1031 1928 petant
1078 1864 1142 1914 ad
1186 1864 1393 1916 beatam
1438 1863 1621 1924 vitam.
1669 1879 1772 1917 non
1824 1863 1928 1919 erit
1968 1842 2149 1920 tamen
2183 1842 2390 1922 beatus.
2428 1842 2469 1900 Β
2495 1868 2607 1934 psis
2654 1869 2904 1924 miserior
2942 1842 3195 1939 ipse-sit.
3241 1875 3334 1929 Ille
3396 1891 3524 1930 vero
3557 1892 3664 1929 non
3693 1879 3855 1931 modo
3888 1879 4039 1946 plura

852 1951 986 2004 Nam
1023 1966 1141 2002 cum
1171 1952 1305 2004 sciat
1337 1950 1497 2015 vires,
1542 1953 1925 2018 valetudinem,
1964 1954 2276 2020 sanitatem,
2305 1971 2394 2009 ve-

854 2040 1150 2102 locitatem,
1186 2049 1541 2102 venustatem,
1589 2039 1951 2116 integritatem
1982 2057 2262 2109 sensuum,
2303 2061 2395 2097 va-

851 2130 1102 2183 cuitatem
1151 2130 1377 2192 doloris,
1426 2122 1666 2199 denique
1697 2131 1863 2185 vitam
1899 2132 2102 2200 ipsam;
2132 2139 2390 2200 praeterea

853 2234 1034 2287 regna,
1086 2219 1330 2299 imperia,
1365 2220 1735 2289 magistratus,
1776 2222 2088 2292 dignitates,
2139 2222 2397 2284 honores,

854 2311 1152 2375 facultates,
1178 2310 1390 2380 copias,
1411 2328 1564 2381 opes,
1593 2315 1883 2382 potentias,
1911 2313 2123 2368 divitias
2152 2354 2170 2381 ,
2199 2315 2394 2370 subdi-

853 2411 1030 2452 torum
1085 2401 1546 2474 benevolentiam,
1606 2407 1934 2472 optimorum
1992 2405 2291 2460 amicorum
2340 2417 2393 2460 et

851 2491 1376 2560 consanguineorum
1423 2496 1738 2548 societatem
1792 2512 1807 2548 :
1838 2497 1948 2550 haec
1979 2497 2158 2550 omnia
2194 2488 2396 2551 caduca

853 2591 1048 2635 natura
1094 2597 1193 2635 sua
1244 2598 1386 2646 esse.
1421 2593 1474 2637 et
1504 2585 1670 2640 simul
1721 2586 1891 2640 invito
1920 2588 2094 2640 amitti
2125 2604 2305 2656 posse,
2338 2603 2394 2642 et

851 2686 1036 2724 eorum
1063 2675 1333 2725 contraria
1394 2673 1652 2729 evenire:
1683 2677 1954 2743 quomodo
1987 2678 2172 2738 beatus
2199 2679 2319 2743 erit,
2352 2679 2400 2732 si

853 2772 931 2814 tot
964 2763 1137 2822 bonis,
1171 2762 1287 2815 sine
1316 2764 1515 2830 quibus
1548 2779 1654 2818 non
1687 2775 1902 2834 reputat
1927 2767 2195 2836 integram
2229 2771 2385 2824 beati-

853 2853 1088 2904 tudinem
1114 2853 1218 2905 sibi
1241 2869 1395 2919 posse
1423 2857 1634 2917 adesse,
1664 2872 1767 2908 non
1818 2857 2039 2910 conlidit
2060 2898 2075 2922 ,
2108 2869 2161 2912 et
2189 2870 2399 2929 ιοιειιιω

851 2951 1061 3008 reputat
1083 2957 1200 2995 esse.
1232 2944 1366 2996 mala
1395 2953 1447 2997 et
1473 2946 1856 3002 beatitudinem
1885 2949 2142 3014 violantia
2163 2953 2266 3006 sibi
2299 2957 2400 3007 im-

852 3033 1081 3097 pendere
1125 3033 1302 3084 videt?
1360 3033 1435 3086 Ita
1465 3037 1609 3086 enim
1651 3038 1868 3104 sapiens
1903 3047 1952 3091 et
1990 3040 2316 3108 intelligens,
2346 3052 2401 3097 et

850 3120 938 3171 illa
963 3122 1097 3173 bona
1132 3135 1448 3186 permanere
1507 3124 1641 3185 sibi,
1670 3134 1724 3177 et
1752 3140 1856 3177 non
1889 3127 2062 3204 delabi
2113 3138 2390 3199 appetens,
2424 3157 2469 3218 ο

849 3225 971 3262 eum
1005 3211 1114 3262 vult
1144 3225 1263 3264 esse
1298 3226 1507 3279 semper
1538 3212 1726 3265 beatus
1774 3229 1788 3267 :
1822 3218 2093 3285 quomodo
2116 3234 2222 3277 non
2251 3235 2412 3275 semen

851 3317 947 3367 per
982 3309 1269 3365 terrorum,
1305 3309 1359 3353 et
1405 3315 1683 3370 angorum,
1730 3312 1783 3356 et
1847 3307 2224 3363 sollicitudinis
2283 3313 2398 3380 ple-

851 3407 977 3444 num
1011 3391 1248 3442 animum
1288 3390 1548 3445 habebit?
1573 3392 1640 3446 At
1670 3381 1796 3448 vero
1821 3411 1921 3449 nec
1949 3410 2293 3456 contemnere
2344 3412 2398 3457 et

850 3479 1132 3546 despicere
1170 3497 1252 3533 res
1279 3480 1543 3535 humanas
1579 3483 1734 3538 facile
1769 3489 1988 3554 poterit,
2017 3490 2109 3558 qui
2134 3492 2198 3544 ad
2231 3493 2398 3547 beati-

851 3569 1088 3624 tudinem
1135 3571 1215 3622 vel
1249 3573 1520 3626 miseriam
1551 3575 1772 3644 aliquod
1812 3579 2021 3644 pondus
2077 3597 2168 3636 eas
2197 3582 2398 3639 habere

849 3649 1157 3718 crediderit.“
1212 3664 1312 3718 Sed
1345 3667 1464 3720 sine
1512 3669 1866 3736 despicientia
1919 3681 2098 3726 rerum
2133 3675 2399 3729 humana-

852 3771 1001 3817 rum,
1061 3756 1317 3808 fortitudo
1345 3767 1398 3807 et
1451 3761 1863 3824 magnanimitas
1901 3772 1952 3813 et
1979 3765 2260 3820 excelsitas
2287 3782 2395 3820 non

850 3845 1103 3895 videntur
1133 3860 1286 3910 posse
1315 3847 1366 3899 in
1408 3847 1591 3898 animo
1620 3852 1867 3916 generari
1899 3870 1912 3905 :
1949 3854 2146 3920 quibus
2178 3857 2397 3910 virtuti-

850 3931 949 3982 bus
977 3930 1266 3984 instrttctus
1303 3933 1573 3986 virtuosus
1604 3935 1657 3986 in
1706 3938 1851 3989 omni
1871 3937 2083 3993 fortuna
2120 3945 2366 4010 aequabili

851 4027 1013 4069 tatem
1065 4029 1370 4072 conservat.
1417 4011 1648 4074 Carebit
1691 4024 1881 4095 igitur,
1917 4029 2010 4096 qui
2043 4091 2047 4096 ν
2076 4030 2294 4085 beatum
2335 4049 2395 4087 se

851 4119 970 4158 esse
1009 4113 1182 4173 putat,
1215 4107 1334 4162 istis
1361 4108 1671 4166 virtutibus.

920 4191 994 4247 se
1020 4196 1180 4248 etiam
1237 4209 1413 4264 p0test
1471 4201 1783 4268 contingere
1802 4217 1998 4270 casus,
2025 4206 2078 4278 in
2112 4225 2242 4278 quo,
2273 4227 2394 4267 cum

849 4285 994 4336 salva
1053 4287 1161 4338 siut
1218 4289 1319 4340 sibi
1382 4289 1564 4342 omnia
1625 4291 1762 4344 bona
1793 4302 2044 4355 externa.
2075 4307 2249 4354 tamen
2278 4304 2393 4372 ipse

853 4375 1079 4440 ignoret,
1131 4387 1313 4430 utrum
1352 4379 1496 4433 salva
1533 4381 1661 4446 sint.
1699 4397 1905 4451 necne;
1949 4382 2213 4445 dubitabit
2242 4410 2390 4460 ergo,

854 4471 1030 4512 tttrunt
1066 4464 1217 4516 adest
1261 4467 1363 4518 sibi
1422 4469 1623 4538 integta
1657 4472 1952 4527 beatitudo.
1983 4476 2124 4546 Ergo
2152 4496 2256 4534 non
2296 4483 2393 4535 Ita-
2427 4461 2467 4512 θ

867 4550 1171 4635 bebitqu'od
1203 4555 1316 4605 vult
1343 4574 1355 4607 :
1388 4557 1544 4610 vellet
1566 4563 1708 4613 enim
1743 4579 1846 4616 non
1873 4565 2140 4621 dubitare.
2174 4570 2389 4624 Concu-

853 4645 1022 4698 tii-tur
1048 4661 1176 4714 ergo
1202 4643 1565 4716 tranquillitas
1594 4663 1646 4702 et
1675 4669 1774 4721 pas
1814 4659 1980 4710 anitrii
2012 4660 2168 4715 istius
2187 4677 2218 4717 θ
2254 4680 2387 4718 eon-

854 4735 1051 4785 s:antia
1087 4752 1200 4790 sua.
1227 4738 1340 4792 Non
1380 4756 1507 4808 ergo
1540 4751 1709 4806 tutus,
1744 4752 1804 4798 ut
1849 4747 2097 4805 dominus
2126 4751 2388 4809 bonorum

855 4837 1111 4875 suorum:
1170 4841 1273 4879 non
1325 4831 1780 4900 inexpugnabilis.
1839 4852 1948 4891 non
2005 4842 2391 4911 qnictus;nec

870 4924 1043 4965 )eatus
1073 4928 1218 4980 ergo.
1281 4917 1553 4974 Sententia
1585 4940 1717 4992 ergo
1750 4927 1861 4987 illa.
1899 4945 2017 4998 qua:
2051 4947 2307 4997 corporea
2338 4947 2390 4992 ct

855 5011 1070 5054 externa
1099 5015 1347 5070 aggregat
1383 5014 1448 5057 ait
1481 5010 1889 5077 beatitudinem,
1927 5033 2086 5085 quem
2125 5027 2393 5090 supponia

852 5105 972 5142 mus
1041 5105 1159 5142 esse
1211 5093 1444 5154 beatutn,
1499 5095 1630 5150 facit
1665 5115 1771 5154 non
1799 5118 1918 5160 esse
1977 5110 2218 5174 beatum;
2257 5111 2388 5167 falsa

849 5195 976 5246 ergo
1011 5192 1111 5232 est.
1139 5179 1281 5233 Nihil
1311 5184 1454 5235 enim
1486 5199 1668 5239 verum
1698 5201 1801 5252 est,
1824 5207 1886 5244 ex
1922 5209 2029 5262 quo
2055 5199 2389 5268 impossibile

851 5271 1040 5320 oritur.
1076 5269 1241 5339 Magis
1262 5280 1439 5324 autem
1471 5272 1707 5339 dignitas
1734 5287 1788 5329 et
1813 5279 2064 5346 splendor
2083 5293 2386 5358 sententiis,

853 5370 1011 5420 quam
1045 5358 1402 5426 defendimus,
1432 5361 1552 5415 inde
1580 5367 1880 5430 apparebit.

954 5464 1075 5517 Car.
1134 5465 1273 5519 XIX.
1300 5469 1538 5540 Collatia
1583 5472 1807 5527 duorum
1845 5493 1947 5529 non
1994 5482 2282 5543 beatorum.

919 5580 1300 5646 Suppetiantur
1352 5591 1458 5639 duo
1513 5604 1616 5642 n0u
1651 5593 1812 5656 beati,
1850 5595 2080 5649 similem
2112 5601 2381 5661 defectum

854 5671 1130 5733 inanimo,
1173 5671 1225 5723 in
1268 5688 1491 5741 corpore
1545 5689 1593 5731 ct
1645 5682 1696 5734 itt
1728 5684 1969 5737 externis
2000 5689 2295 5754 patientes:
2332 5704 2385 5748 tt

2493 1959 2682 2012 deesse
2709 1959 2813 2012 sibi
2838 1961 2906 2013 ad
2934 1962 3247 2027 explendam
3299 1966 3688 2023 beatitudinem
3717 1959 3880 2032 videt,
3902 1979 3955 2022 et
3976 1971 4043 2021 de

2493 2047 2620 2110 illis,
2673 2064 2793 2116 qua:
2841 2052 3021 2115 habet,
3061 2054 3237 2122 aliqua
3297 2058 3461 2108 sentit
3516 2072 3675 2124 posse
3705 2060 3901 2126 delabi,
3936 2076 4042 2126 quo

2495 2137 2608 2206 ipse
2633 2138 2707 2192 sit
2736 2141 3010 2207 miserior,
3046 2144 3136 2197 sed
3161 2145 3321 2198 etiam
3352 2148 3419 2200 ad
3466 2148 3732 2216 integram
3756 2152 4041 2217 provenire

2495 2231 2784 2300 aliquando
2802 2234 3204 2303 beatitudinem,
3222 2237 3563 2305 desperatum
3582 2247 3662 2294 est
3681 2242 3898 2311 penitus
3915 2243 4039 2296 sibi.

2495 2361 2623 2417 ειν.
2671 2361 3104 2430 XX.|Virtuttim
3158 2370 3428 2437 acquisitt'o
3482 2372 3592 2423 utri
3655 2373 3955 2439 difﬁcilior-

2564 2474 2636 2526 At
2662 2487 2788 2526 vero
2817 2482 2872 2527 et
2901 2475 3189 2540 acquisitio
3245 2478 3504 2530 virtutum
3557 2478 3739 2548 plures
3797 2479 3956 2533 habet
3989 2480 4039 2532 in

2498 2566 2599 2617 isto
2661 2564 3044 2630 difﬁcultates,
3104 2583 3263 2636 quam
3326 2570 3378 2622 in
3453 2571 3561 2623 illo.
3632 2570 3814 2625 Prima
3895 2575 4038 2626 enim

2509 2653 2800 2708 difficultas
2856 2665 2959 2720 est,
3006 2671 3167 2724 posse
3213 2671 3566 2730 cognoscere,
3596 2672 3859 2728 quantum
3899 2663 4040 2716 bona

2499 2742 2689 2804 animi,
2740 2741 2807 2793 ad
2869 2745 3242 2811 complendam
3310 2747 3724 2811 beatitudinem,
3772 2754 4040 2805 excellunt

2501 2830 2646 2884 bona
2675 2836 2949 2901 corporis,
2979 2844 3033 2888 et
3058 2836 3156 2888 ista
3183 2846 3407 2890 externa
3434 2856 3447 2903 ;
3477 2849 3531 2892 et
3561 2844 4042 2908 proportionaliter

2500 2916 2800 2984 dispartiri.
2834 2927 2893 2972 et
2919 2934 3268 2986 cempcnsare
3316 2924 3438 2978 istis
3475 2930 3769 2995 appetitum
3805 2931 4039 2984 beatitu-

2503 3005 2665 3057 dinis.
2710 3006 2801 3058 Ille
2839 3014 2979 3059 vero
3002 3017 3204 3072 noster,
3252 3026 3374 3064 cum
3435 3013 3786 3071 beatitudinis
3822 3031 4042 3073 senten-

2503 3093 2653 3154 tiam,
2673 3102 2726 3144 et
2757 3101 2925 3145 totum
2960 3097 3250 3162 appetitum
3276 3097 3339 3149 ad
3373 3100 3516 3153 solas
3553 3103 3800 3163 _virtutes
3827 3107 3997 3160 niittat
4019 3147 4038 3170 ,

2501 3183 2639 3242 nilei
2667 3184 2980 3254 hujusmodi
3010 3187 3338 3244 difficultatis
3357 3199 3444 3244 est
3470 3209 3484 3256 ;
3517 3195 3647 3262 quin
3683 3197 3844 3250 etiam
3878 3203 4038 3252 velte-

2499 3276 2811 3330 mentiorem
2850 3279 3143 3346 appetitum
3178 3286 3242 3334 ad
3275 3283 3498 3337 virtutes
3547 3285 3736 3349 liabet,
3768 3302 3929 3354 quam
3951 3289 4042 3341 ille

2497 3367 2588 3432 qui
2618 3366 2823 3434 aliquas
2871 3377 3050 3437 partes
3081 3371 3226 3438 paris
3260 3373 3549 3440 appetitus,
3607 3378 3886 3445 corporeis
3945 3380 4042 3432 tri-

2494 3456 2616 3510 buit
2645 3468 2698 3512 et
2732 3460 2989 3513 externis.
3023 3464 3088 3514 At
3111 3471 3165 3515 et
3209 3463 3309 3518 hoc
3357 3466 3701 3520 manifestum
3761 3479 3860 3533 est,
3895 3471 4040 3537 quod

2496 3558 2698 3616 quanto
2726 3549 2957 3618 amplius
3015 3551 3310 3619 diliguntur
3377 3569 3635 3625 corporea
3695 3570 3752 3612 et
3794 3568 4039 3622 externa,

2499 3647 2650 3690 tanto
2684 3639 2857 3706 magis
2910 3640 3206 3708 impeditur
3261 3645 3325 3696 ad
3384 3647 3740 3713 acquirendas
3797 3650 4039 3704 virtutes.

2497 3723 2730 3778 Facilior
2765 3737 2847 3779 est
2898 3743 3026 3795 ergo
3050 3739 3234 3784 nostro
3265 3732 3521 3785 virtutum
3557 3739 3868 3804 acquisitio.

2601 3859 2734 3917 CAP.
2759 3859 2906 3919 XXI.
2949 3859 3013 3914 In
3042 3864 3289 3915 virtutum
3322 3869 3662 3933 arquisilionc
3693 3881 3806 3923 uter
3830 3872 4039 3937 fortior.

2566 3973 2674 4027 Nec
2739 3973 2869 4027 illud
2904 3975 3119 4027 dubium
3159 3977 3410 4044 est,quin
3451 3979 3539 4031 ille
3583 3981 3807 4036 alii-«lus
3849 3986 4037 4049 animi,

2494 4065 2585 4131 qui
2627 4065 2700 4117 ita
2738 4065 2807 4117 sit
2836 4075 3180 4118 constructus
3203 4077 3258 4119 et
3289 4068 3496 4132 firmus,
3529 4079 3586 4122 ut
3619 4076 3861 4138 possitin
3893 4079 4037 4128 omni

2494 4167 2620 4203 casu
2649 4163 2701 4205 et
2731 4152 2943 4205 fortuna
2994 4154 3410 4220 aequabilitatem
3444 4173 3782 4226 conservare,
3806 4162 3874 4214 ita
3895 4165 4037 4231 quod

2495 4240 2616 4292 nec'
2651 4241 3063 4296 adversllatibus
3103 4243 3420 4310 frangatur,
3471 4249 3551 4301 vel
3612 4251 3770 4306 molle
3833 4253 4035 4320 aliquid

2494 4337 2547 4378 et
2575 4327 2870 4393 abiectum,
2939 4341 2993 4383 et
3033 4331 3391 4386 effeminatum
3422 4345 3474 4388 et
3505 4341 3719 4389 anxium
3754 4344 3981 4404 patiatur
4019 4359 4034 4397 :

2497 4432 2596 4470 nec
2625 4417 2878 4471 secundis
2934 4421 3094 4473 rebus
3117 4423 3282 4474 effusa
3339 4422 3516 4476 laetitia
3554 4432 3770 4494 gestiat,
3797 4434 4036 4487 levitate-

2494 4524 2599 4575 qne
2633 4511 2696 4563 ad
2725 4511 3080 4578 arrogantiam
3116 4522 3167 4564 et
3217 4517 3522 4580 superbiam
3559 4533 3618 4570 se
3672 4521 3896 4575 ederat:
3933 4526 4034 4578 iste

2495 4597 2739 4662 inquam,
2788 4599 3013 4651 affectus
3052 4599 3240 4652 melior
3282 4612 3334 4652 et
3371 4602 3582 4655 beatior
3621 4606 3712 4666 sit,
3741 4623 3899 4674 quam
3923 4612 4032 4675 ille,

2493 4681 2584 4749 qui
2616 4697 2722 4734 non
2755 4691 2914 4736 tantae.
2943 4687 3253 4737 constantia:
3283 4696 3386 4740 est.
3416 4687 3518 4744 Sed
3555 4695 3893 4750 manifestum
3925 4711 4028 4763 cst,

2493 4770 2637 4838 qttod
2659 4771 2889 4826 duorum
2952 4777 3348 4842 suppositarum
3393 4780 3631 4838 virorum
3662 4798 3848 4842 nostro
3878 4786 4030 4845 facil-

2493 4858 2678 4911 limum
2709 4869 2812 4921 est,
2845 4861 3226 4913 exercitatione
3249 4872 3300 4914 et
3337 4871 3727 4925 consuetudine
3757 4873 4028 4944 adjuncta,

2492 4949 2770 5013 pervenire
2793 4949 2858 5000 ad
2888 4948 3146 5015 ejusmodi
3201 4951 3472 5009 affectum.
3494 4956 3569 5010 Illi
3600 4975 3730 5014 vero
3758 4966 4030 5034 tripartito

2491 5044 2584 5088 aut
2620 5037 2956 5104 impossibile
2979 5047 3072 5090 aut
3101 5037 3470 5098 difﬁcillimum
3517 5058 3625 5101 est.
3704 5052 3840 5119 Ergo
3864 5055 3908 5106 si
3935 5071 4028 5106 no-

2492 5136 2600 5176 stra
2629 5126 2728 5178 ista
2773 5127 3104 5179 sententiain
3147 5130 3365 5187 meliore
3392 5136 3698 5192 omnimode
3721 5143 4031 5197 conditiOue

2494 5213 2621 5268 facit
2672 5230 2791 5268 esse
2819 5217 3107 5280 houtinem,
3141 5236 3298 5287 quam
3333 5224 3421 5276 illa
3469 5226 3754 5292 tripartito,
3788 5249 3892 5285 non
3934 5237 4028 5285 du-

2490 5303 2636 5355 bium
2658 5313 2759 5367 est,
2791 5319 2906 5371 qure
2932 5310 3097 5374 magis
3128 5322 3209 5362 est
3251 5313 3621 5378 approbauda.

2559 5436 2684 5488 CAP.
2717 5437 2881 5489 XXII.
2916 5436 3165 5514 Virtutum
3205 5443 3418 5514 artioriu
3440 5447 3622 5510 quibus
3646 5450 3974 5514 potissimum

3043 5511 3184 5560 bonis
3208 5513 3479 5563 consistat.

2559 5612 2624 5665 At
2648 5630 2770 5666 vero
2800 5616 3053 5670 necilluiu
3086 5636 3320 5673 errorem
3343 5632 3547 5689 oportet
3574 5624 3862 5690 incurrere,
3884 5634 4025 5698 quod

2491 5704 2726 5761 actiones
2759 5705 3010 5760 virtutum
3047 5709 3099 5760 in
3135 5710 3262 5763 solis
3311 5711 3467 5782 bonis
3494 5720 3734 5782 corporis
3763 5730 3815 5772 et
3844 5733 4023 5772 exter-
