4450 6440
430 404 566 470 13M

1486 394 1762 454 ETIIICA
1805 392 2232 453 SECUNDUM
2280 392 2621 458 STOICOS.

3571 393 3704 460 £350

421 521 507 574 nis
539 523 866 571 versantur:
896 511 950 565 in
1012 508 1308 565 contrariis
1333 522 1462 562 vero
1493 523 1599 560 non
1632 525 1643 560 :
1683 515 1743 560 ut
1773 507 1817 561 si
1855 509 2008 562 beate
2043 519 2083 571 Α
2117 511 2320 563 minem
2363 526 2508 569 esse.
2537 521 2591 565 et
2618 511 2881 565 miserum
2934 509 3212 563 hominem
3262 525 3412 574 esse,
3461 522 3520 564 ut
3587 513 3706 580 ipse

421 611 606 664 vivere
633 617 718 663 est
764 608 1010 659 virtuose
1063 617 1268 671 agere:
1317 601 1421 654 hoc
1474 611 1656 653 autem
1697 615 1805 652 non
1829 609 2011 666 potest

428 717 573 765 esse,
619 700 723 754 nisi
756 700 808 752 iu
841 699 1001 752 bonis
1025 695 1277 761 corporis
1310 702 1366 748 et
1396 693 1659 754 externis,
1692 691 2011 747 necessario

423 794 807 851 concludatur,
866 801 1072 858 quanto
1112 789 1213 842 ista
1270 786 1607 848 dilabuntur,
1668 793 1818 837 tanto
1844 784 2008 837 vitam

425 889 640 940 beatam
673 883 850 938 deﬁci.
886 880 1017 933 Nam
1054 895 1163 933 non
1200 887 1284 933 est
1309 892 1474 931 casus
1511 876 1562 929 iu
1596 876 1726 938 vita,
1764 891 1862 930 nec
1891 874 2009 928 for-

426 988 577 1039 tuna,
613 992 714 1029 nec
739 985 977 1042 tempus,
1017 972 1070 1025 in
1102 986 1211 1039 quo
1239 984 1346 1022 non
1375 969 1546 1037 possit
1580 969 1662 1020 vir
1691 967 1874 1021 bonus
1901 967 2011 1020 vir-

428 1078 586 1121 tuose
609 1068 1074 1136 agere.Decenter
1091 1062 1235 1116 enim
1270 1071 1322 1115 et
1353 1059 1755 1113 rationabiliter
1797 1057 2009 1127 cogita-

400 1156 504 1224 re,
527 1162 727 1226 jacere,
754 1161 965 1222 sedere,
990 1166 1157 1219 stare,
1175 1155 1479 1218 ambulare,
1497 1161 1702 1217 tacere,
1725 1152 1892 1221 loqui,
1913 1151 2014 1204 tri-

429 1255 597 1307 buere
638 1251 855 1320 corpori
896 1245 1432 1310 necessaria,videre
1452 1245 1532 1298 vel
1559 1244 1749 1297 audire
1771 1243 2003 1312 aliquid.

427 1346 671 1400 membra
691 1344 939 1411 corporis
959 1356 1199 1404 movere,
1220 1339 1383 1393 alicui
1409 1339 1682 1392 assentire
1699 1345 1754 1390 et
1779 1351 1970 1405 parere
1995 1355 2008 1400 ;

429 1436 513 1489 vel
543 1451 639 1504 pro
658 1435 1033 1489 conservanda
1057 1432 1366 1484 constantia
1391 1438 1446 1482 et
1469 1430 1571 1483 ﬁde
1585 1428 1807 1482 dolores
1839 1437 1891 1481 et
1918 1428 2014 1480 da-

428 1533 956 1584 mnauon'recusare
978 1544 991 1579 :
1017 1525 1217 1592 quibus
1242 1539 1348 1578 nou
1372 1532 1546 1590 potest
1577 1524 1861 1575 virtuosus
1899 1521 2010 1574 ullo

431 1631 676 1688 tempore
695 1619 922 1672 omnino
940 1632 1128 1672 carere
1150 1632 1162 1668 :
1184 1615 1427 1669 actiones
1446 1616 1705 1669 virtutum
1723 1617 1888 1678 "sunt,
1908 1624 1960 1669 et
1981 1631 2011 1668 a

431 1716 631 1768 virtute
671 1714 1116 1782 proﬁciscuntur.
1139 1710 1344 1764 Omitto
1357 1712 1538 1764 dicere
1556 1711 1696 1779 quod
1718 1711 2009 1775 fortitudo,

428 1816 484 1861 et
507 1804 841 1875 magnitudo,
865 1801 1396 1856 etexcelsitasanimi
1411 1801 1466 1854 in
1487 1801 1732 1856 adversis
1751 1803 1914 1857 rebus
1932 1810 2013 1854 to-

2121 605 2284 658 homo
2324 603 2546 671 utrique
2572 604 2771 658 subici
2809 603 2984 657 valeat
3020 620 3034 668 ;
3071 607 3324 672 sequitur
3361 605 3703 668 necessario,

2117 698 2262 767 quod
2295 705 2349 751 et
2377 697 2493 766 ipsa
2526 697 2665 750 bona
2692 709 2953 765 corporea
3007 707 3064 753 et
3127 710 3376 763 externa,
3433 716 3578 769 qum,
3644 710 3705 753 ut

2119 789 2444 856 simpliciter
2477 790 2652 842 simus
2696 797 2750 842 et
2789 789 3060 853 vivamus,
3108 793 3487 859 requiruntur,
3552 794 3707 846 simi-

2118 881 2242 934 liter
2271 883 2381 934 sint
2402 889 2458 933 et
2481 881 2841 934 nominentur
2873 880 3013 934 bona
3048 890 3142 935 :ut
3168 884 3423 938 videlicet
3484 899 3591 936 non
3649 887 3702 936 in

2117 975 2296 1029 forma
2332 974 2685 1028 beatitudinis
2717 985 3012 1042 ponantur,
3035 975 3128 1029 sed
3158 985 3418 1042 tanquam
3453 990 3706 1030 commu-

2119 1065 2208 1119 nia
2244 1064 2478 1118 miseriae
2510 1065 3286 1119 beatitudinisubmittantur.
3317 1065 3512 1133 Itaque
3562 1069 3708 1122 sicut

2118 1164 2370 1210 nostrum
2396 1172 2518 1211 esse
2541 1155 2787 1210 refertur
2805 1156 3024 1224 quidem
3058 1158 3128 1209 ad
3151 1155 3568 1220 beatitudinem,
3598 1175 3703 1211 non

2120 1259 2306 1304 tamen
2346 1259 2403 1303 ut
2435 1265 2560 1318 pars
2591 1290 2605 1313 ,
2636 1251 2727 1304 sed
2761 1260 2818 1302 ut
2845 1249 3176 1316 subjectum,
3202 1250 3319 1305 sine
3362 1266 3471 1320 quo
3525 1250 3704 1304 forma

2119 1359 2225 1397 non
2275 1342 2532 1397 exsistit:
2575 1343 2744 1396 simili
2801 1345 2965 1395 modo
2992 1351 3045 1395 et
3106 1344 3194 1396 illa
3247 1345 3413 1411 bona,
3460 1359 3581 1413 quae
3637 1345 3704 1398 ad

2117 1435 2296 1503 ipsum
2364 1443 2614 1486 nostrum
2673 1449 2798 1488 esse
2858 1432 3199 1501 referuntur,
3264 1436 3538 1490 mediante
3584 1436 3705 1504 ipso

2117 1537 2310 1580 nostro
2340 1542 2481 1591 esse,
2505 1526 2568 1580 ad
2600 1527 2992 1581 beatitudinem
3025 1527 3310 1582 referenda
3343 1539 3493 1584 sunt.
3535 1530 3708 1600 Igitur

2117 1619 2371 1689 sicutqui
2403 1632 2506 1683 est,
2534 1623 2586 1674 in
2621 1631 2888 1689 quantum
2921 1631 3027 1684 est,
3056 1639 3164 1676 non
3195 1631 3281 1676 est
3307 1623 3527 1677 beatior
3584 1623 3700 1685 illo,

2117 1713 2208 1782 qui
2242 1729 2348 1766 non
2381 1723 2464 1768 est
2502 1730 2516 1769 :
2552 1714 2622 1768 ita
2657 1724 2710 1767 et
2735 1715 2826 1783 qui
2864 1714 3025 1766 habet
3053 1715 3233 1782 plura,
3266 1714 3333 1768 de
3385 1715 3704 1784 liujusmodi

2118 1807 2298 1868 bonis,
2345 1822 2450 1860 non
2485 1807 2606 1862 ideo
2641 1816 2724 1862 est
2751 1810 2923 1878 magis
2954 1809 3168 1873 beatus,
3192 1824 3358 1877 quam
3388 1810 3480 1878 qui
3537 1809 3704 1863 habet

432 1905 541 1950 tam
571 1912 727 1949 suam
775 1896 882 1948 vim
918 1895 1140 1956 habent,
1174 1894 1423 1961 scireque
1444 1893 2016 1947 beneadversitatibus
2049 1889 2088 1942 Β
2121 1901 2403 1966 pauciora.
2443 1900 2640 1953 Beatus
2669 1900 2815 1953 enim
2853 1908 2910 1952 et
2940 1899 3122 1954 minus
3155 1901 3346 1954 beatus
3373 1901 3539 1954 homo
3589 1900 3704 1955 eiii—

433 1990 536 2053 uti,
565 2004 797 2044 summa:
829 1988 1130 2058 prudentia:
1151 1997 1256 2041 est.
1293 1985 1405 2041 Nec
1428 2001 1534 2040 non
1559 1988 1755 2045 multa,
1785 2001 1906 2053 qua:
1934 1986 2012 2037 vi-

435 2081 635 2132 dentur
685 2094 808 2132 esse
835 2076 1165 2146 negationis,
1188 2077 1364 2130 locqu
1421 2076 1622 2129 habent
1667 2090 2005 2128 summarum

434 2173 737 2225 actionum.
766 2169 902 2224 Cum
932 2171 1077 2223 enim
1107 2169 1404 2232 virtuosus,
1430 2179 1706 2236 pauperet
1730 2167 2008 2235 ignobilis,

433 2261 714 2324 deformis,
747 2271 800 2315 et
836 2260 1065 2314 claudus
1106 2269 1159 2313 ct
1189 2259 1462 2322 inﬁrmus,
1489 2259 1699 2312 nobiles
1733 2267 1787 2311 et
1819 2257 2014 2310 divites

433 2352 764 2414 admiretur,
823 2362 1182 2420 potentesque
1238 2359 1291 2403 et
1321 2366 1522 2405 sanos:
1557 2361 1610 2404 et
1647 2365 1704 2402 se
1728 2350 2012 2414 miserum,

432 2453 486 2498 et
547 2445 671 2500 illos
726 2445 914 2498 bcatos
967 2455 1020 2497 et
1055 2445 1238 2498 felices
1260 2451 1494 2511 reputet,
1527 2451 1580 2495 et
1612 2442 1733 2497 ideo
1767 2441 1890 2495 odio
1918 2457 2012 2496 eos

434 2537 652 2601 habeat,
687 2547 738 2589 et
771 2535 1014 2590 invideat
1052 2537 1138 2599 iis,
1170 2536 1576 2604 cupiditateque
1610 2535 1877 2588 immensa
1917 2550 2006 2588 ar-

434 2631 578 2692 deat,
613 2639 666 2682 et
691 2645 892 2698 angore
927 2638 983 2684 et
1029 2629 1249 2682 tristitia
1291 2636 1346 2682 et
1393 2640 1631 2681 mmrore
1691 2627 1931 2680 tabescat
1960 2635 2014 2678 et

433 2722 798 2789 deprimatur,
861 2721 1209 2787 divinamque
1262 2718 1690 2779 Providentiam,
1734 2717 2010 2785 opinionis

433 2828 641 2876 errore,
698 2823 794 2866 aut
827 2814 1054 2874 nullam,
1097 2813 1466 2880 autinjustam
1524 2825 1646 2863 esse
1674 2810 1953 2863 existimet
1991 2827 2004 2863 :

434 2901 518 2954 vir
569 2902 745 2955 bonus
799 2913 849 2954 et
882 2911 1029 2957 totus
1076 2911 1276 2955 nostra:
1325 2898 1636 2963 sententiae,
1674 2914 1800 2953 cum
1847 2900 1899 2951 in
1935 2899 2010 2952 si-

433 2993 545 3042 mili
567 3007 696 3044 casu
722 3002 826 3055 est,
875 2993 948 3045 nil
985 2993 1215 3046 istorum
1253 2991 1479 3060 patitur,
1506 3005 1609 3044 nec
1639 2998 1856 3058 reputat
1885 2989 2007 3042 illos

435 3087 487 3137 in
522 3085 736 3139 meliori
772 3102 897 3140 esse
930 3087 1269 3148 conditione,
1299 3101 1463 3154 quam
1493 3101 1574 3138 se.
1616 3085 1684 3138 Et
1717 3086 1837 3138 ideo
1856 3093 2008 3137 tran-

432 3177 605 3245 quillo
662 3178 792 3230 vivit
845 3179 1051 3242 animo,
1083 3187 1135 3232 et
1199 3177 1424 3231 minime
1465 3176 1816 3238 turbulento,
1850 3185 1906 3230 et
1940 3175 2006 3229 ad

437 3269 721 3321 interiores
749 3271 1019 3330 actiones,
1049 3279 1101 3321 et
1126 3269 1169 3322 si
1213 3283 1335 3337 qua!
1359 3278 1488 3322 sunt
1524 3267 1849 3331 exteriores,
1889 3282 2008 3320 rna-

435 3359 580 3409 xime
627 3361 901 3427 expedito.
952 3358 1069 3411 Tali
1104 3361 1266 3428 igitur
1321 3360 1568 3412 ﬁrmitati
1605 3369 1659 3412 et
1681 3361 2007 3426 constantia:

437 3453 912 3514 animi.actiones,
957 3469 1094 3522 quas
1129 3453 1339 3521 possint
1370 3468 1530 3521 agere
1553 3452 1784 3506 virtuosi
1808 3454 2008 3506 divites

437 3559 491 3600 et
523 3557 796 3615 potentes.
835 3562 941 3599 non
989 3556 1114 3600 sunt
1147 3546 1556 3614 postponendre.
1593 3546 1729 3599 Dum
1758 3561 1888 3615 ergo
1919 3547 2011 3599 bo-

436 3655 537 3693 nus
587 3639 668 3691 vir
697 3640 825 3691 vivit
872 3647 1051 3701 etest,
1089 3653 1195 3691 non
1256 3647 1416 3692 vacat
1450 3637 1711 3691 virtuosis
1771 3639 2009 3690 actioni-

437 3733 556 3784 bus.
611 3730 790 3796 Quare
846 3746 945 3784 nec
973 3731 1078 3784 isto
1110 3730 1272 3783 modo
1311 3728 1558 3797 corporis
1590 3744 1711 3796 quae
1735 3729 2004 3782 ’dicuutur

432 3834 726 3878 etexterna
758 3826 917 3882 bona.
941 3839 1081 3878 verae
1114 3823 1467 3877 beatitudinis
1506 3831 1689 3891 partes
1717 3833 1900 3875 erunt.

434 3964 562 4014 (In.
616 3959 809 4012 XXIII.
872 3959 1070 4011 Divisio
1141 3961 1394 4010 bonorum
1456 3958 1843 4025 corporis,vet
1891 3975 2006 4026 qmo

963 4040 1098 4082 επιει
1114 4046 1180 4081 na
1201 4039 1480 4082 vocantur.

509 4147 577 4202 Ut
607 4159 784 4202 autem
823 4163 930 4201 non
961 4149 1244 4200 videamur
1280 4147 1348 4201 de
1385 4148 1609 4199 nomine
1662 4156 1874 4199 tantum
1935 4146 2010 4199 la-

436 4240 563 4293 bora
575 4255 629 4292 re
655 4240 812 4302 velle,
831 4241 1114 4294 commoda
1137 4240 1499 4304 nominantes,
1520 4255 1641 4306 qua:
1657 4254 1850 4292 omnes
1870 4240 2027 4306 bona,

435 4334 748 4400 appellant,
790 4343 847 4385 ut
872 4332 1125 4385 vocabuli
1148 4333 1448 4385 mutatione
1482 4349 1507 4382 a
1566 4319 1903 4390 beatitudine
1930 4337 2026 4392 vi-.

436 4423 664 4476 deautur
697 4424 1008 4491 segregari,
1043 4425 1112 4475 ita
1142 4425 1211 4477 sit
1253 4425 1712 4493 procedendum:
1745 4471 1751 4488 .

505 4516 778 4579 Omnium,
810 4533 931 4585 qua:
951 4518 1090 4570 bona
1120 4518 1365 4582 corporis
1394 4500 2002 4608 (ἑιρκιρι-ιιίὶἐάἰιέιιιιιιηῖ,

436 4610 538 4662 alia
596 4610 912 4663 referuntur
961 4610 1024 4662 ad
1088 4620 1328 4664 nostram
1392 4613 1565 4679 ipsam
1599 4613 2002 4671 ,substant‘iam.

438 4701 567 4766 Qum
592 4704 807 4768 quidem
844 4704 914 4754 ita
941 4718 997 4757 se
1031 4703 1255 4766 habent,
1296 4717 1352 4770 ut
1388 4707 1506 4760 siue
1538 4681 1874 4762 illisesse‘ct
1927 4710 2008 4762 vi-

435 4808 562 4843 vi-re
601 4808 706 4843 non
740 4792 1034 4845 valeamus.
1440 4794 1443 4796 ’
1608 4822 1611 4824 -
1832 4864 1837 4871 _
1952 4796 1956 4804 “

506 4883 623 4935 Alia
659 4898 786 4935 vero
823 4885 888 4935 ad
937 4885 1037 4936 hoc
1071 4875 1476 4938 habent‘kuam
1511 4887 1643 4948 vim,
1710 4897 1767 4940 ut
1823 4890 2006 4942 minus

438 4976 667 5028 moleste
701 4983 752 5028 et
776 4975 1150 5028 delcctabilius
1189 4977 1350 5028 vitam
1376 4978 1666 5032 ducamus.
1711 4980 1840 5043 Qua:
1883 4982 2004 5048 qui-
2076 5015 2080 5022 ι

434 5066 552 5116 ιΙιιιιι
581 5066 645 5116 ad
674 5066 1021 5119 indolentiam
1059 5067 1248 5121 ultimo
1272 5077 1324 5121 et
1359 5070 1710 5136 voluptatem,
1762 5075 1881 5139 quae
1905 5089 1998 5140 per

435 5172 735 5225 eoi-porcos
768 5173 966 5212 sensus
993 5161 1315 5228 percipitur,
1344 5161 1684 5218 referuntur.

687 5269 819 5324 Car.
879 5270 1065 5326 XXIV.
1134 5273 1208 5325 De
1257 5262 1487 5326 membro
1511 5259 1732 5340 primat.

511 5385 653 5453 Ergo
684 5397 738 5439 ut
773 5388 836 5440 de.
872 5389 1050 5455 primo
1081 5389 1328 5442 membro
1385 5391 1536 5458 prius
1582 5392 1815 5454 dicatur,
1877 5397 2003 5463 quia

436 5477 738 5532 substantia
769 5488 952 5532 nostra
979 5488 1031 5530 et
1087 5480 1263 5546 ipsum
1313 5495 1435 5556 esse
1486 5494 1734 5536 nostrum
1797 5487 2000 5540 bonum

436 5571 656 5639 quidem
688 5571 844 5622 nobis
884 5580 969 5625 est
1008 5573 1158 5625 :tale
1209 5588 1339 5625 vero
1402 5574 1626 5636 bonum,
1670 5586 1862 5631 utnon
1937 5580 2006 5633 sit

438 5663 619 5728 aliqua
653 5677 778 5729 pars
809 5661 998 5716 formre
1026 5665 1414 5729 beatitudinis,
1460 5667 1554 5720 sed
1591 5676 1648 5720 ut
1699 5673 2006 5726 communi-

434 5757 516 5802 ter
544 5761 649 5802 tam
686 5766 913 5806 summa:
941 5755 1192 5815 miseriae,
1237 5771 1398 5824 quam
1452 5759 1776 5813 beatitudini
1828 5763 2003 5830 subji-

429 5841 626 5893 ciatur.
671 5842 858 5894 Dilfcrt
879 5846 1023 5897 enim
1059 5845 1334 5901 hominem
1363 5864 1505 5912 esse,
1543 5860 1594 5904 et
1619 5850 1835 5904 beatum
1904 5855 1999 5908 bo-

2118 1992 2283 2055 citur,
2313 1993 2597 2047 additione
2625 2000 2676 2045 et
2728 1995 3102 2048 subtractione
3153 1995 3368 2048 illorum
3408 1995 3702 2060 bonorum,

2119 2098 2242 2152 qme
2274 2094 2402 2136 sunt
2446 2094 2629 2152 partes
2694 2085 2880 2139 formae
2953 2086 3330 2142 beatitudinis.
3380 2087 3700 2143 Nostrorum

2120 2184 2246 2222 vero
2269 2185 2408 2234 esse,
2449 2184 2501 2224 et
2535 2173 2672 2224 bona
2701 2213 2715 2237 ,
2748 2189 2868 2241 quae
2893 2174 2957 2228 ad
2990 2175 3162 2244 ipsum
3197 2177 3534 2240 referuntur,
3595 2194 3700 2231 non

2119 2272 2245 2316 sunt
2271 2272 2453 2330 partes
2520 2265 2708 2318 formae
2763 2267 3139 2328 beatitudinis.
3199 2280 3360 2333 prout
3408 2282 3695 2324 ostensum

2117 2363 2220 2408 est.
2251 2354 2356 2408 Sed
2403 2356 2676 2417 videatur,
2722 2359 2765 2411 si
2811 2359 3003 2426 placet,
3061 2362 3330 2424 reliquum
3393 2368 3698 2418 membrum

2117 2446 2413 2510 prmmissa:
2437 2449 2746 2504 divisionis.

2114 2555 2243 2615 Cie.
2297 2562 2463 2617 XXV.
2506 2563 2807 2619 Secundum
2854 2569 3166 2622 membrum.
3239 2569 3543 2625 Indolenlia
3652 2584 3701 2627 et

2557 2638 2825 2704 voluptas,
2846 2656 2948 2691 non
2978 2643 3268 2696 beatitudo.

2187 2723 2250 2776 Et
2283 2724 2518 2789 primum
2543 2730 2942 2784 ostendendum
2971 2732 3061 2793 sit.
3098 2735 3246 2801 quod
3287 2735 3587 2790 indolentia
3645 2750 3700 2790 ct

2114 2816 2364 2884 voluptas
2392 2820 2642 2887 corporis
2674 2821 2727 2874 in
2767 2820 2942 2876 forma
3001 2825 3357 2880 beatitudinis
3416 2829 3542 2895 poni
3596 2831 3696 2883 mi-

2115 2908 2264 2961 nime
2293 2919 2540 2976 possunt.
2595 2909 2702 2964 Nec
2733 2913 2878 2967 enim
2932 2929 3056 2967 cum
3119 2918 3416 2973 virtutibus
3476 2920 3694 2975 beatam

2113 3001 2276 3053 vitam
2306 3001 2522 3068 explere
2567 3014 2822 3071 possunt,
2873 3020 2974 3059 nec
2997 3007 3117 3062 sine
3167 3009 3483 3064 virtutibus.
3541 3011 3696 3076 Quod

2114 3093 2157 3145 si
2196 3093 2313 3146 sine
2331 3094 2649 3160 virtutibus,
2679 3097 2732 3150 in
2758 3113 2973 3152 summa
3004 3102 3131 3155 sede
3159 3113 3518 3170 ponerentur,
3564 3120 3698 3158 cou-

2114 3183 2347 3258 tingeret
2372 3187 2791 3242 vitiosissimum
2821 3191 3100 3246 hominem
3143 3203 3197 3249 et
3231 3195 3450 3263 penitus
3502 3201 3696 3264 depra-

2113 3285 2297 3329 vatum
2327 3287 2379 3332 et
2406 3289 2722 3348 corruptum
2755 3283 3000 3336 animum
3036 3287 3325 3340 habentem
3366 3297 3532 3357 atque
3587 3289 3691 3342 im-

2114 3369 2261 3435 pium
2292 3379 2358 3440 et
2385 3369 2810 3436 inconstantem,
2851 3374 3068 3428 beatum
3094 3391 3218 3430 esse
3255 3379 3432 3444 :quod
3458 3389 3536 3434 cst
3565 3395 3694 3434 coo-

2114 3467 2194 3513 tra
2230 3476 2545 3516 communes
2574 3465 2842 3521 notiones.
2887 3466 2954 3519 At
2991 3483 3123 3521 vero
3152 3485 3251 3524 nec
3285 3486 3409 3524 cum
3481 3473 3700 3527 virtuti-

2112 3553 2214 3605 bus
2243 3552 2635 3634 beatitudinem
2669 3556 2881 3612 efficere
2912 3571 3176 3627 possunt;
3212 3578 3335 3617 cum
3361 3565 3506 3620 enim
3562 3567 3694 3622 bea-

2115 3643 2287 3697 titudo
2316 3647 2385 3698 sit
2420 3647 2659 3717 optimus
2688 3650 2852 3704 totius
2886 3651 3009 3706 vitae
3074 3661 3274 3717 status,
3329 3667 3562 3726 oportet,
3637 3671 3695 3713 ut

2113 3746 2346 3827 consbtet,
2383 3754 2487 3792 non
2522 3755 2588 3794 ex
2639 3741 3078 3811 discrepantibus
3114 3747 3386 3803 interdum
3422 3763 3474 3806 et
3535 3770 3692 3823 repu-

2113 3819 2547 3898 gnantibus,sed
2577 3851 2640 3888 ex
2673 3839 3035 3894 concordibus
3075 3856 3290 3908 smuper
3321 3854 3375 3896 et
3406 3850 3689 3902 consonis.

2115 3922 2262 3975 Bona
2289 3925 2430 3977 enim
2469 3927 2651 3982 omnia
2710 3930 2951 3984 amicitia
3018 3942 3071 3985 et
3121 3938 3421 3989 concordia
3473 3954 3691 4008 seluper

2114 4017 2369 4085 gaudent.
2409 4017 2512 4073 Sed
2542 4021 2682 4074 inter
2732 4022 3111 4089 indolentiam,
3140 4035 3195 4081 ct
3253 4029 3585 4099 voluptatem
3639 4046 3690 4088 et

2113 4113 2343 4164 virtutes
2377 4128 2571 4182 magna
2635 4119 2992 4186 repugnantia
3026 4131 3082 4171 ut
3123 4121 3420 4189 plurimum
3476 4137 3579 4181 est.
3631 4129 3688 4182 lu

2115 4201 2395 4272 plerisque
2420 4207 2567 4259 enim
2598 4207 2932 4277 impossibile
2963 4221 3047 4265 est
3083 4213 3437 4269 indolentiam
3475 4228 3529 4272 et
3591 4236 3688 4273 vo-

2113 4295 2374 4362 luptatem
2411 4299 2694 4365 consequi,
2752 4301 2855 4353 nisi
2903 4306 3224 4358 omittamus
3291 4307 3583 4360 honestum
3637 4321 3691 4363 i-t

2113 4388 2393 4454 decorum,
2419 4400 2471 4443 et
2495 4394 2902 4447 committamus
2931 4406 3084 4463 turpe
3100 4393 3152 4450 et
3190 4397 3532 4454 indecorum.
3554 4400 3689 4455 Nam

2051 4481 2056 4490 ’
2113 4480 2154 4534 si
2181 4477 2397 4550 'ubique
2429 4483 2681 4547 velimus,
2712 4501 2833 4552 qure
2867 4487 3006 4540 ratio
3045 4487 3401 4553 fortitudinis,
3431 4493 3681 4561 justitiam,

2041 4584 2082 4635 ι)
2115 4561 2505 4641 temperantia),
2537 4585 2590 4629 et
2619 4579 2844 4631 omnino
2864 4592 3056 4634 natura
3089 4581 3304 4636 honesti
3339 4564 3532 4667 eﬁig‘it,
3556 4603 3689 4641 cou-

2116 4666 2300 4758 sequi:
2350 4670 2722 4721 necessarium
2784 4678 2887 4731 est,
2967 4687 3074 4725 non
3140 4675 3316 4728 solum
3377 4666 3694 4747 voluptates

2119 4767 2441 4832 postponere
2467 4798 2481 4820 ,
2515 4760 2608 4812 Sed
2645 4761 2811 4814 etiam
2866 4778 3094 4831 magnos
3126 4768 3317 4821 subire
3349 4769 3585 4837 labores,
3638 4785 3691 4825 et

2113 4851 2338 4903 acerbos
2365 4853 2636 4905 sustinere
2665 4853 2904 4910 dolores.
2964 4857 3029 4910 Et
3057 4873 3088 4912 e
3120 4863 3416 4924 contrario,
3485 4865 3529 4917 si
3588 4867 3692 4920 hoc

2115 4949 2480 4995 statueremus
2516 4944 2567 4996 in
2613 4946 2792 5008 nobis,
2831 4956 2888 5000 ut
2915 4924 3172 5002 omnibus
3226 4938 3404 5007 modis
3441 4957 3695 5025 volupta-

2117 5039 2223 5082 tem
2257 5034 2502 5100 corporis
2556 5044 2605 5089 et
2643 5037 2995 5091 indolentiam
3043 5055 3436 5110 sequeremur,
3482 5049 3689 5101 unllmn

2115 5124 2295 5176 scelus
2324 5135 2483 5187 esset,
2524 5127 2728 5178 nullum
2771 5128 3007 5192 facinus,
3041 5134 3252 5186 nullum
3305 5137 3545 5205 denique
3576 5155 3688 5193 ma-

2115 5213 2248 5276 lum,
2281 5215 2345 5268 ad
2379 5216 2520 5283 quod
2555 5219 2984 5289 suscipiendum,
3006 5223 3222 5278 licentia
3253 5231 3552 5296 praposita,
3581 5249 3686 5285 non

2115 5305 2532 5373 impelleremur.
2564 5309 2671 5362 Nec
2705 5306 2835 5380 ergo
2870 5329 2992 5364 cum
3028 5314 3346 5378 virtutibus,
3383 5335 3482 5373 nec
3543 5323 3687 5388 sine,

2115 5398 2361 5466 voluptas
2395 5409 2448 5453 et
2481 5402 2778 5457 indolentia
2814 5407 2865 5457 in
2900 5406 3072 5460 forma
3105 5409 3461 5466 beatitudinis
3506 5416 3689 5470 valent

2115 5493 2516 5546 connumerari.
2555 5493 2616 5546 Et
2645 5495 2767 5550 ideo
2801 5503 2984 5550 Omnia
3023 5516 3286 5568 corporea
3325 5507 3461 5559 bona
3503 5517 3554 5560 et
3584 5524 3686 5562 ex-

2118 5589 2293 5645 terna,
2331 5583 2383 5634 iu
2421 5595 2686 5651 quantum
2723 5590 3035 5643 referuntur
3072 5594 3142 5646 a'.l
3207 5596 3382 5662 ipsam
3436 5597 3687 5652 indolen-

2119 5672 2247 5727 tiam
2276 5682 2328 5727 οι
2357 5675 2708 5744 voluptatem,
2741 5685 3072 5750 segreganda
3109 5696 3236 5738 sunt
3272 5700 3298 5736 a
3327 5686 3500 5740 forma
3562 5690 3684 5742 bea-

2114 5766 2383 5823 titudinis.
2447 5769 2738 5825 Osteusum
2796 5783 2880 5826 est
2946 5785 3127 5829 autem
3193 5794 3312 5832 esse
3384 5781 3483 5833 hoc
3543 5782 3681 5835 idem

2112 5860 2300 5917 etiam.
2324 5861 2375 5914 in
2405 5875 2669 5932 quantum
2708 5865 3021 5921 referuntur
3051 5869 3115 5922 ad
3148 5870 3320 5939 ipsam
3358 5875 3670 5927 essentiam-
