4450 6440
924 374 1052 438 1351

1983 387 2361 444 BAilIAA-MI
2408 389 2502 445 DE
2544 389 2967 446 SEMINARIA

3971 390 4096 453 I359

921 487 1139 537 Penitus
1186 501 1312 553 ergo
1361 500 1704 554 segregantur
1742 492 1806 542 ab
1854 493 1958 545 illis
2002 496 2178 558 bonis,
2204 515 2320 562 qua:
2343 499 2448 553 for-
2482 507 2522 558 Α
2550 500 2676 552 Cn.
2723 497 2911 551 XXIX.
2971 499 3089 551 Non
3146 502 3444 558 commoda.
3501 503 3588 551 sed
3621 505 3837 566 affectus
3873 518 3994 562 erqa
4031 519 4094 552 ea

921 591 1060 626 mam
1095 575 1441 627 beatitudinis
1473 579 1830 631 constituunt.

923 688 1049 738 CAP.
1102 686 1290 740 XXVI.
1345 685 1417 736 De
1441 687 1588 738 bouis
1636 701 1683 740 et
1711 694 1996 743 commodis
2025 706 2141 758 qua
2186 697 2456 759 tripiiciter

1567 769 1819 810 crearunt.

993 867 1091 918 Ista
1128 868 1472 935 itaque,qua:
1510 881 1701 936 prieter
1723 871 1948 922 virtutes
1975 871 2134 938 vulgo
2172 872 2319 944 bona
2372 874 2454 926 di-

925 965 1141 1017 cuntur,
1177 968 1229 1009 et
1257 972 1288 1010 a
1321 954 1520 1010 Stoicis
1553 961 1833 1011 commoda
1866 962 2223 1026 appellantur,
2253 975 2303 1017 et
2327 981 2458 1017 con-

925 1046 1085 1095 traria
1112 1045 1473 1106 incommoda,
1511 1048 1706 1119 triplici
1745 1050 1902 1101 modo
1926 1052 2178 1103 eveniunt
2202 1070 2216 1103 :
2239 1068 2304 1104 ex
2351 1055 2455 1106 vir-

922 1145 1051 1192 tute,
1088 1150 1153 1186 ex
1185 1137 1360 1200 culpa.
1394 1151 1458 1187 ex
1487 1145 1697 1190 neutro.

991 1223 1061 1274 Ex
1097 1228 1287 1276 virtute
1332 1227 1408 1292 (ut
1459 1241 1486 1276 a
1517 1226 1812 1279 commodis
1844 1228 2143 1296 incipiam),
2173 1242 2245 1284 ut,
2304 1248 2448 1299 quaa-

919 1327 1131 1378 cuuque
1182 1313 1384 1364 homini
1445 1317 1512 1367 ab
1564 1317 1870 1369 hominibus
1935 1329 2153 1384 propter
2205 1321 2452 1374 virtutem

918 1401 1242 1454 tribuuntur.
1269 1400 1382 1466 Vel,
1417 1405 1463 1455 si
1491 1406 1611 1471 quis
1641 1408 1904 1473 optimum
1937 1409 2099 1460 tilium
2121 1410 2310 1473 habet,
2331 1428 2452 1465 eum

919 1501 1026 1550 ipse
1050 1503 1175 1539 eum
1213 1491 1343 1542 bene
1384 1492 1723 1544 educavisset
1762 1509 1778 1546 :
1820 1495 1923 1562 yei,
1950 1511 2036 1548 res
2069 1497 2350 1551 familiaris
2386 1515 2451 1552 ex

919 1576 1216 1638 prudentia,
1253 1579 1368 1629 sine
1404 1581 1604 1646 injuria
1662 1584 1931 1648 acquisita
1979 1596 2033 1638 et
2080 1588 2400 1654 ampliﬁcata
2436 1608 2448 1642 :

921 1665 1018 1724 vel,
1052 1667 1296 1720 sanitatis
1327 1680 1378 1721 et
1413 1671 1606 1723 virium
1642 1687 1702 1724 ex
1731 1673 2050 1728 abstinentia
2104 1691 2160 1730 e.
2211 1679 2447 1745 diligenti

919 1754 1179 1819 regimine
1207 1762 1574 1820 conservatio,
1612 1770 1664 1814 et
1685 1762 1728 1815 si
1769 1777 1870 1829 qua
1901 1766 2118 1820 similia.

988 1842 1058 1893 Ex
1085 1845 1258 1910 culpa,
1295 1855 1349 1897 ut
1379 1848 1423 1900 si
1454 1849 1574 1915 quis
1605 1865 1665 1901 ex
1688 1851 1954 1905 adulterio
1984 1853 2183 1906 bonum
2207 1859 2449 1922 genuerit

920 1931 1083 1980 tilium
1117 1950 1129 1992 ;
1159 1941 1250 1981 aut
1282 1935 1610 1990 detrahendo
1637 1937 1830 2005 injuria
1871 1954 1998 1993 suas
2040 1934 2125 1994 res
2165 1956 2376 2012 augeat,
2398 1957 2450 1999 et

916 2019 1086 2084 siqua
1119 2021 1448 2085 huiusmodi.

985 2108 1057 2160 Ex
1085 2121 1292 2172 neutro,
1328 2122 1734 2182 utquaecunque
1762 2127 1976 2181 natura,
2019 2119 2257 2180 fortuna,
2293 2138 2443 2184 casu,

916 2202 1276 2262 successione,
1314 2203 1595 2266 divinitus,
1622 2208 1702 2260 vel
1725 2223 1944 2277 quoquo
1964 2212 2121 2262 modo
2151 2213 2311 2263 alicui
2331 2213 2448 2265 sine

919 2305 1078 2353 cpera
1109 2309 1201 2345 sua
1253 2298 1527 2348 eveniunt.

1086 2401 1210 2454 CAP.
1274 2405 1485 2459 XXVII.

989 2513 1114 2561 Item
1151 2514 1213 2561 de
1247 2506 1600 2568 incommodis
1623 2521 1805 2570 eadem
1832 2523 2024 2575 divisio
2056 2535 2156 2577 est.
2196 2525 2327 2578 Nam
2380 2543 2441 2580 ex

915 2599 1109 2648 virtute
1142 2601 1473 2665 contingunt,
1509 2613 1566 2654 ut
1595 2620 1927 2674 quzecunque
1961 2612 2154 2665 damna
2208 2617 2446 2669 dolores-

916 2703 1018 2749 que
1049 2688 1204 2738 alicui
1243 2688 1566 2752 inferuntur,
1600 2705 1813 2758 propter
1857 2699 2077 2763 jllSIIlIIB
2107 2702 2339 2754 instanti.
2371 2720 2440 2756 ιιι.

921 2771 1026 2831 νι-ι,
1059 2773 1098 2823 si
1131 2776 1251 2838 quis
1328 2791 1522 2842 pauper
1573 2790 1674 2841 est,
1726 2797 1846 2834 cum
1895 2801 2018 2837 suas
2067 2786 2345 2842 facultates
2380 2793 2443 2842 ad

915 2876 1071 2926 opera
1109 2862 1325 2926 iustitia:
1366 2874 1418 2916 et
1448 2867 1783 2923 liberalitatis
1827 2875 2208 2941 transtulisset,
2237 2881 2318 2931 vel
2352 2881 2444 2934 de-

916 2950 1019 3000 labi
1048 2964 1160 3012 eas,
1192 2952 1369 3003 studio
1396 2955 1679 3008 meliorum
1709 2974 1911 3022 rerum,
1940 2959 2250 3016 dimisisset.

1547 2407 2002 2462 lncommodorum
2054 2412 2257 2465 divisio.

983 3058 1057 3109 Et
1089 3061 1237 3124 culpa
1264 3066 1580 3132 contingunt
1606 3104 1620 3127 ,
1652 3077 1709 3118 ut
1755 3084 2097 3134 qumcunqua:
2148 3075 2309 3126 alicui
2366 3077 2439 3127 in-
2472 3090 2512 3143 ο

913 3152 1189 3197 commoda
1221 3149 1540 3212 inferuntur,
1570 3161 1784 3217 propter
1811 3156 1878 3204 ab
1909 3170 1972 3206 eo
2022 3167 2289 3210 anteactas
2311 3160 2447 3228 inju-

919 3236 1054 3290 rias;
1087 3247 1140 3287 ct
1173 3237 1216 3286 si
1244 3236 1356 3299 ipse
1386 3239 1558 3304 aliqua
1593 3244 1992 3305 perturbatione
2015 3249 2331 3310 concitatus,
2358 3259 2447 3302 aut

914 3337 1018 3373 non
1055 3326 1389 3388 propuISavit
1419 3328 1690 3380 interitum
1726 3345 1752 3381 a
1797 3332 2260 3388 cbarissinniscuni
2321 3355 2444 3405 pos-

914 3422 994 3463 set
1023 3432 1034 3475 ;
1064 3423 1153 3464 aut
1179 3416 1288 3479 ipse
1317 3417 1495 3470 intulit
1525 3421 1603 3472 eis
1645 3421 1917 3474 interitum
1952 3440 1966 3486 ;
2003 3437 2092 3477 aut
2117 3428 2189 3487 rei
2218 3428 2444 3483 familia-

915 3504 1006 3561 ris.
1043 3507 1276 3573 pigritia,
1303 3509 1513 3564 inertia.
1548 3513 1754 3576 ignavia
1788 3516 2074 3580 delapsus;
2103 3529 2156 3570 et
2199 3525 2442 3586 corporis

913 3597 1334 3658 commodorum,
1371 3602 1641 3665 voluptate
1666 3604 1894 3667 devicto,
1916 3620 1977 3656 ex
2002 3623 2161 3673 pravo
2187 3610 2443 3675 regimine

912 3684 1151 3746 amissio,
1179 3694 1232 3737 et
1271 3691 1432 3740 multa
1461 3692 1608 3743 talia.

982 3791 1199 3846 Neutro.
1233 3793 1360 3857 Qure
1387 3811 1482 3851 nec
1505 3799 1720 3859 virtute.
1748 3819 1843 3855 nec
1902 3805 2053 3867 vitio,
2091 3821 2184 3858 nec
2233 3807 2441 3869 penitus

910 3896 971 3938 ex
1011 3883 1186 3947 aliqua
1216 3899 1374 3950 opera
1409 3889 1735 3955 contingunt
1767 3909 1779 3942 :
1815 3902 1872 3945 ut
1904 3909 2281 3960 corporeorum
2337 3912 2433 3948 na-

912 3974 1109 4023 turales
1146 3973 1404 4039 defectos,
1436 3986 1487 4028 et
1514 3993 1845 4044 quarumque
1894 3983 2228 4038 incommoda
2291 4002 2439 4051 casu,

912 4063 1143 4126 fortuna,
1173 4064 1251 4115 vel
1273 4065 1338 4116 ab
1370 4067 1683 4120 hominibus
1714 4070 1905 4138 injuria
1961 4076 2242 4127 commotis
2311 4077 2441 4128 inic-

912 4164 1121 4206 rit-titur.

910 4262 1036 4316 CAP.
1116 4266 1353 4320 XXVIII.
1404 4269 1740 4321 Commodum
1779 4274 2043 4338 exvirtute
2075 4279 2298 4341 veniens,
2351 4298 2439 4334 ex-

1333 4341 1709 4401 pelendumest,
1739 4352 1785 4390 et
1816 4359 1992 4408 quare.

982 4446 1052 4496 Ε(
1090 4448 1258 4496 tribus
1282 4448 1441 4513 igitur
1460 4452 1653 4512 modis,
1687 4451 1909 4518 primus,
1949 4469 2057 4520 quo
2081 4451 2272 4510 viriute
2295 4475 2438 4511 stom-
2474 4431 2490 4480 1

912 4539 1063 4587 moda
1096 4538 1172 4588 vel
1198 4539 1552 4601 incommoda,
1581 4554 1701 4591 cum
1727 4546 2020 4603 evenerint,
2055 4560 2149 4596 sua
2209 4563 2439 4614 pt'aascn-

913 4627 980 4675 tia
1017 4613 1206 4693 attigerit
1238 4644 1328 4694 per
1347 4644 1402 4681 se
1432 4630 1812 4684 beatitudinem
1841 4634 1964 4695 ;sed
1991 4646 2204 4700 propter
2227 4651 2437 4696 corum,

913 4712 1050 4760 circa
1080 4728 1277 4778 eorum.
1315 4716 1695 4781 sumptionem,
1731 4705 2437 4789 virtuosamdispositionem

929 4812 979 4847 ct
1007 4800 1297 4855 actionem.

984 4905 1257 4960 Secundus
1288 4915 1494 4973 modus,
1530 4929 1635 4981 quo
1668 4931 1728 4968 ex
1760 4920 1916 4986 culpa
1948 4924 2222 4974 commoda
2249 4924 2327 4977 vel
2359 4925 2438 4976 in-

915 4999 1194 5048 commoda
1226 5013 1528 5062 sumuntur,
1557 5005 1838 5071 fugiendus
1859 5021 1910 5060 et
1938 5013 2257 5065 miserabilis
2314 5025 2396 5067 est
2417 5024 2442 5079 ;‘

917 5096 1126 5151 propter
1161 5087 1404 5138 similiter
1431 5090 1572 5142 circa
1607 5095 1790 5146 eadem
1818 5098 2060 5150 vitiosam
2129 5102 2436 5167 dispositio-

911 5195 1027 5231 nem
1055 5191 1106 5232 et
1136 5182 1420 5232 actionem.

983 5281 1189 5345 Tertius
1219 5294 1426 5354 modus,
1471 5311 1575 5360 quo
1601 5311 1695 5347 nec
1722 5297 1917 5354 virtute
1939 5316 2034 5352 nec
2060 5303 2232 5369 culpa,
2253 5307 2432 5357 eadem

908 5384 1242 5449 contingunt,
1278 5401 1372 5438 nec
1398 5386 1459 5437 ad
1492 5387 1899 5448 beatitudinem,
1933 5406 2027 5441 uec
2053 5392 2116 5441 ad
2166 5395 2432 5459 miseriam

909 5468 1104 5533 aliquid
1149 5473 1396 5536 ponderis
1429 5474 1587 5527 habet
1627 5495 1638 5528 :
1667 5476 1760 5528 Sed
1791 5493 1910 5528 eum
1940 5480 2048 5529 sint
2071 5491 2277 5546 sumpta
2303 5497 2434 5547 quo—

910 5573 1015 5624 quo
1051 5561 1205 5610 modo
1224 5568 1502 5616 commoda
1539 5567 1615 5618 vel
1660 5568 2291 5644 incomtnmla,_qua!iter
2353 5582 2435 5624 est

909 5647 988 5700 eis
1021 5650 1294 5714 utendum,
1317 5653 1536 5728 dicetur,
1578 5657 1663 5710 tibi
1690 5658 1751 5709 de
1787 5658 2072 5711 \irtutibus
2097 5661 2428 5716 tractabitur.

2777 570 2978 634 faciunt
3001 572 3065 619 ad
3099 570 3471 619 beatitudinem
3499 571 3575 619 rei
3598 573 3884 644 miseriam.

2634 675 2788 729 Nunc
2836 687 3012 730 autem
3079 677 3210 729 illud
3249 679 3321 730 sit
3377 676 3744 735 manifestum,
3813 677 3958 755 quod
3997 691 4095 728 nec

2555 764 2831 818 commoda
2859 765 3224 828 beatitudinis,
3252 781 3349 818 nec
3369 766 3698 818 incommoda
3720 768 3942 819 uiiserire
3973 784 4094 846 par.-

2556 866 2638 908 tes
2667 855 2917 919 sint;sed
2962 855 3207 917 aﬂ‘eetus,
3239 867 3293 909 et
3341 867 3519 919 actus,
3541 867 3594 910 et
3648 873 3776 908 usus
3829 861 4094 911 virtunsus

2557 947 2639 998 vel
2666 947 2914 1007 vitiosus,
2968 948 3116 1000 circa
3156 957 3387 1014 utraque
3434 949 3782 1012 acquirenda,
3809 951 4089 1012 sumenda,

2560 1031 2775 1093 tuenda,
2800 1031 3044 1094 ferenda,
3073 1035 3268 1087 utenda
3298 1044 3350 1085 et
3375 1036 3664 1087 amittenda
3706 1039 3772 1088 ad
3811 1037 4093 1090 beatitudi-

2557 1135 2677 1174 nem
2718 1120 2796 1174 vel
2830 1123 3101 1174 miseriam
3137 1123 3388 1189 pertinet.
3611 1111 3620 1117 ’

2629 1210 2765 1263 Sunt
2795 1211 2973 1278 itaque
3024 1203 3299 1266 commoda
3342 1216 3686 1281 acquirenda,
3720 1228 3770 1269 et
3807 1219 4090 1282 :uenda,et

2559 1301 2777 1366 utenda,
2813 1302 2938 1354 dum
2971 1302 3094 1356 licet
3145 1313 3287 1357 recte
3321 1306 3430 1357 iure
3467 1309 3601 1368 tieri,
3633 1318 3685 1360 et
3715 1311 3933 1362 minime
3966 1312 4090 1377 reji-

2554 1394 2760 1458 cienda,
2797 1396 2898 1448 nisi
2931 1406 3022 1448 aut
3057 1395 3121 1448 ad
3150 1399 3532 1464 comparandas
3585 1402 3666 1454 vei
3695 1405 3956 1469 gerendas
4004 1422 4089 1458 res

2523 1485 2805 1543 ,meliores
2840 1525 2854 1548 ,
2894 1495 2984 1537 aut
3022 1487 3084 1538 ad
3137 1489 3472 1542 serviendum
3515 1491 3812 1552 hominum,
3861 1512 4084 1560 quorum

2554 1575 2726 1636 decet,
2751 1575 2986 1626 utilitati.
3026 1574 3066 1626 E
3096 1587 3281 1628 contra
3311 1594 3437 1630 vero
3464 1581 3795 1634 incommoda
3827 1595 3920 1635 aut
3959 1597 4085 1637 sunt

2556 1665 2864 1730 rejicienda,
2891 1674 2982 1739 aut
3015 1681 3165 1730 aequo
3188 1668 3366 1719 animo
3402 1670 3637 1735 ferenda,
3663 1673 3761 1725 nisi
3788 1685 3878 1724 aut
3905 1676 3968 1726 aJ
3996 1677 4087 1728 de-

2481 1789 2521 1844 n
2554 1754 2798 1804 clinanda
2851 1754 3274 1807 incommodiora
3309 1765 3362 1809 et
3394 1760 3569 1825 pejora
3601 1801 3617 1824 ,
3647 1769 3741 1813 ant
3787 1763 3852 1812 ad
3893 1779 4086 1816 consu~

2550 1842 2760 1893 lenduin
2790 1843 3038 1894 decenter
3062 1842 3340 1896 hominum
3388 1851 3626 1902 utilitati.
3659 1848 3758 1904 Sed
3787 1854 3849 1903 ad
3880 1855 4080 1920 reliqua

2550 1944 2854 1996 pergamus.

2881 2041 3012 2094 CAP.
3045 2042 3209 2094 XXX.
3245 2044 3525 2097 Honestum
3569 2047 3708 2113 quid.

2617 2148 2856 2202 POsitum
2892 2161 2974 2202 est
3015 2153 3068 2203 iu
3100 2155 3366 2220 principio
3402 2157 3543 2222 quod
3581 2156 3849 2208 beatitudo
3903 2173 3995 2223 per
4023 2174 4081 2209 se

2547 2239 2861 2303 expetenda.
2897 2241 2958 2292 Et
2990 2254 3071 2293 est
3097 2249 3393 2302 estensum,
3420 2245 3699 2311 quod,vita
3733 2247 3881 2298 bi-ata
3944 2250 4077 2299 idern

2547 2338 2648 2389 est,
2679 2330 2819 2394 quod
2879 2333 3117 2383 virtuosa
3162 2351 3175 2382 :
3210 2333 3316 2384 vita
3349 2349 3479 2400 ergo
3507 2336 3742 2386 virtuosa
3782 2351 3873 2402 per
3900 2353 3956 2388 se
4000 2351 4080 2389 est

2546 2419 2859 2480 expetenda.
2897 2417 2988 2471 Est
3022 2433 3198 2472 autem
3233 2431 3285 2474 et
3321 2423 3616 2484 laudabilis,
3650 2435 3704 2474 ut
3738 2428 3894 2476 situm
3923 2443 4001 2477 est
4027 2431 4077 2479 ιιι

2546 2507 3106 2563 deﬁnitionevirtutie.
3146 2511 3247 2562 Sed
3275 2514 3415 2578 quod
3441 2523 3517 2564 est
3557 2515 3625 2563 ita
3666 2515 3880 2575 Imaum,
3917 2525 4080 2567 utve-

2545 2604 2712 2649 tracto
2741 2600 2883 2660 omni
2909 2601 3286 2663 emolumento,
3317 2605 3439 2670 jure
3475 2605 3683 2657 laudari
3719 2619 3767 2656 ct
3789 2613 3960 2668 υλυυιι
3989 2626 4080 2672 per

2547 2699 2605 2759 se
2637 2686 2807 2750 ipsum
2839 2692 3038 2753 possit:
3065 2689 3187 2741 illud
3214 2703 3312 2750 est,
3334 2697 3473 2759 quod
3498 2693 3770 2746 honestum
3799 2700 4072 2750 sciturum.

2546 2751 2661 2823 Vita
2696 2785 2823 2840 ergo
2840 2751 3104 2835 virtuosa,
3127 2778 3309 2829 eadem
3343 2790 3422 2831 est
3453 2784 3692 2834 honesta.
3732 2785 3791 2835 lit
3825 2788 3943 2850 quia
3973 2791 4071 2838 vita

2549 2861 2686 2912 bona
2723 2872 2773 2914 et
2802 2865 2973 2924 beata,
2997 2867 3180 2917 eadem
3215 2878 3295 2919 est
3321 2870 3554 2921 virtuosa
3592 2889 3602 2923 :
3640 2874 3740 2921 vita
3777 2889 3902 2939 ergo
3944 2875 4073 2927 bona

2547 2960 2597 3001 et
2633 2952 2805 3015 beata,
2843 2956 3025 3005 eadem
3058 2966 3140 3007 est
3181 2958 3420 3010 honesta.
3455 2961 3517 3012 Et
3546 2963 3668 3028 quia
3721 2965 3858 3028 quod
3913 2965 4078 3017 Itone-

2551 3047 2690 3089 stum
2709 3050 2813 3097 est.
2835 3043 2971 3093 idem
2999 3046 3328 3096 essebonum
3367 3063 3520 3099 nemo
3542 3051 3746 3101 dubitat
3772 3069 3784 3103 :
3808 3055 4077 3106 concludi-

2553 3134 2638 3177 tur
2672 3142 2701 3178 e
2723 3143 3003 3192 converso,
3033 3135 3172 3198 quod
3208 3148 3323 3198 qure
3355 3137 3572 3188 honesta
3615 3143 3719 3191 vita
3757 3151 3857 3205 est,
3887 3146 4071 3196 eadem

2549 3222 2628 3264 est
2664 3214 2820 3273 bona,
2851 3226 2901 3267 et
2937 3218 3084 3269 beata
3148 3230 3197 3270 et
3236 3223 3491 3277 virtuosa.

2617 3305 2691 3354 Ac
2738 3308 2918 3367 ctiam,
2971 3313 3016 3361 si
3049 3311 3299 3361 decorum
3335 3323 3433 3375 est,
3486 3318 3623 3381 quod
3654 3330 4070 3373 consentaneum

2546 3400 2627 3442 est
2665 3393 2900 3444 hominis
2937 3397 3277 3459 excellentize,
3314 3401 3362 3451 in
3399 3417 3480 3464 eo,
3517 3405 3567 3454 in
3602 3422 3707 3473 quo
3743 3419 3928 3460 natura
3957 3413 4070 3477 ejus

2545 3494 2574 3531 a
2608 3481 2825 3548 reliquis
2849 3486 3209 3539 animantibus
3263 3490 3470 3554 differt;
3509 3505 3557 3546 et
3591 3497 3760 3562 ipsum
3797 3499 4070 3565 decomm,

2544 3572 2753 3638 etquod
2781 3573 2947 3630 decet,
2976 3575 3112 3627 idem
3149 3579 3325 3632 virtuti
3354 3593 3406 3632 et
3437 3583 3698 3639 honestati
3725 3588 3966 3645 t'mCIItll'.

2780 3683 2903 3736 CAP.
2945 3685 3131 3739 XXXI.
3175 3687 3336 3752 Utile,
3362 3693 3634 3757 cttinutile,
3663 3700 3801 3765 quid.

2614 3791 2811 3843 Deinde
2845 3795 2907 3846 de
2949 3798 3064 3848 utili
3099 3809 3152 3850 et
3205 3801 3375 3854 inutili
3412 3805 3691 3858 dicendum
3733 3811 3816 3861 sit.
3857 3811 4064 3879 Duplici

2545 3880 2702 3946 igitur
2730 3886 2882 3936 modo
2918 3895 3198 3955 utrumque
3221 3892 3433 3946 dicitur.
3469 3894 3604 3958 Uno,
3654 3900 3764 3967 ipsa
3793 3907 4067 3956 commoda

2544 3970 2620 4020 vel
2651 3971 3003 4034 incommoda,
3038 3989 3092 4030 ut
3125 3984 3334 4041 domus.
3375 3983 3566 4050 euuus,
3604 4006 3808 4054 servus,
3849 3997 3985 4049 vires
4012 4006 4069 4049 et

2542 4058 2732 4109 similia
2770 4077 2780 4110 :
2814 4076 2929 4126 quze
2975 4065 3218 4119 videlicet
3255 4074 3319 4120 ad
3360 4072 3493 4124 idem
3528 4090 3646 4129 cum
3695 4080 3928 4134 bonestis
3987 4085 4067 4136 vol

2456 4188 2462 4191 _
2543 4146 2835 4202 inhonestis
2866 4166 2970 4203 non
2995 4155 3233 4208 veniunt.
3255 4159 3466 4214 Nullum
3492 4165 3632 4216 enim
3665 4175 4063 4225 commodorum

2539 4242 2631 4284 aut
2659 4235 3115 4293 incommodorum
3142 4246 3425 4299 honestum
3459 4252 3542 4303 vel
3566 4262 3739 4322 turpe,
3768 4263 3941 4326 quoad
3974 4263 4068 4314 bo-

2541 4323 2698 4387 miuis
2723 4325 3099 4380 beatitudinem
3123 4369 3136 4388 ,
3178 4343 3276 4385 est.

2611 4415 2728 4465 Alio
2754 4415 2911 4467 modo
2943 4420 3089 4470 utilia
3112 4429 3164 4472 et
3185 4425 3385 4476 inutilia
3411 4428 3662 4489 dicuntur
3686 4434 3807 4500 ipsae
3834 4438 4066 4492 hominis

2543 4506 2805 4567 actiones,
2842 4523 2959 4572 qua":
2991 4521 3114 4561 sunt
3137 4511 3279 4563 circa
3310 4522 3588 4570 commoda
3619 4525 3696 4573 vel
3731 4525 4067 4583 incommoda

2541 4594 2816 4654 sumenda,
2839 4611 2868 4644 ιι
2881 4601 3056 4657 tentia,
3081 4599 3431 4665 disponenda,
3453 4604 3689 4667 ferenda.
3715 4614 3792 4662 vel
3821 4615 4064 4680 rejicien-

2539 4681 2624 4734 da.
2658 4682 2785 4746 Qua:
2819 4686 2964 4737 utilia
2995 4690 3069 4740 vel
3095 4691 3524 4750 inutdia,e’adem
3557 4710 3679 4750 sunt
3699 4716 3816 4768 qua:
3843 4704 4064 4761 honesta

2539 4779 2590 4820 et
2613 4773 2804 4837 turpia.
2839 4773 2967 4826 Nam
3002 4777 3046 4829 si
3070 4781 3244 4834 omnis
3269 4785 3440 4849 turpis
3473 4788 3613 4838 actio
3643 4803 3670 4840 a
3713 4792 3920 4847 defectu
3953 4797 4064 4849 vir-
4133 4777 4136 4780 l

2541 4862 2668 4912 tutis
2687 4863 3067 4929 proﬁciscitur:
3089 4868 3323 4924 defectus
3341 4887 3466 4926 vero
3491 4876 3704 4933 virtutis
3730 4882 3870 4934 lzedit
3902 4887 4068 4938 beati-

2540 4951 2874 5012 ludiucm,ac
2903 4957 3098 5008 nemini
3123 4960 3250 5011 utile
3273 4970 3442 5025 potest
3464 4979 3601 5030 esse,
3624 4972 3760 5035 quod
3794 4973 3862 5024 sit
3879 4985 4065 5029 contra

2538 5054 2688 5090 suam
2721 5038 3128 5098 beatitudinem:
3151 5052 3348 5100 nemini
3387 5066 3514 5118 ergo
3545 5058 3713 5122 turpis
3748 5063 3886 5112 actio
3919 5065 4065 5116 utilis

2535 5139 2633 5179 est.
2655 5131 2816 5180 Porro
2859 5135 2998 5196 quod
3056 5137 3170 5188 sine
3220 5140 3549 5204 turpitudine
3597 5135 3792 5198 utiliter
3835 5152 4061 5210 ﬁt,idem

2538 5221 2921 5271 rationabiliter
2947 5231 2998 5272 et
3028 5236 3168 5276 recte
3215 5227 3289 5277 Iit.
3343 5228 3444 5281 Sed
3482 5236 3622 5298 quod
3680 5221 4065 5294 rationabilit’er

2533 5316 2586 5356 ct
2614 5315 2755 5358 recte
2789 5308 2863 5362 Iit.
2897 5310 3050 5359 etiam
3085 5313 3304 5366 honeste
3337 5316 3411 5367 Iit.
3454 5319 3524 5368 Ex
3555 5323 3750 5386 quibus
3782 5331 4064 5380 concludi-

2537 5402 2638 5455 tur,
2665 5397 2805 5461 quod
2840 5399 3014 5450 omnis
3060 5402 3204 5453 utilis
3238 5405 3380 5455 actio
3416 5407 3637 5461 honesta
3667 5424 3763 5466 est.
3805 5418 3878 5467 Ac
3902 5419 4060 5469 etiam

2535 5483 2578 5534 si
2611 5485 2759 5541 illud,
2800 5487 2940 5551 quod
2974 5489 3257 5542 honestum
3302 5491 3437 5543 factu
3468 5507 3567 5556 est,
3601 5509 3652 5550 et
3685 5504 3747 5552 ad
3774 5484 4060 5558 beatitudi-

2537 5587 2654 5623 nctn
2671 5578 2928 5639 pertinet,
2951 5593 3171 5630 summa:
3191 5582 3433 5635 utilitatis
3449 5596 3563 5648 est;
3591 5591 3887 5650 coniicitur.
3915 5601 4057 5662 quod

2535 5663 2711 5718 Omnis
2745 5667 2965 5720 honesta
2989 5671 3123 5721 actio
3151 5674 3292 5724 utilis
3323 5685 3423 5727 est.
3455 5677 3573 5730 Sola
3606 5698 3729 5746 οιςο
3760 5686 3978 5739 honesta
4007 5699 4055 5739 et
