4450 6440
344 378 481 450 1353

1400 367 1677 428 ETIIICA
1721 366 1852 425 SEC
1866 364 1964 425 [ΙΝ
1979 365 2073 423 DU
2091 366 2136 421 Μ
2179 364 2339 422 S'I‘Ol
2354 361 2484 427 (20$

3438 361 3568 422 I354

343 498 589 551 virtuosa
624 492 755 558 vita,
779 489 927 545 utilis
953 488 1064 542 vita
1088 497 1190 552 est,
1222 495 1277 541 et
1299 487 1413 540 sola
1442 486 1725 539 inhonesta
1749 494 1800 538 et
1832 487 1905 536 vi-
1939 491 1980 544 Α
2082 485 2157 533 Ac
2185 482 2346 531 etiam
2383 481 2541 533 lItIClll
2580 475 2844 531 Platonici
2882 477 3045 530 multa
3081 482 3241 539 bona,
3299 483 3568 539 naturam,

347 587 485 642 tiosa
511 585 738 639 inutilis.
764 581 936 653 Igitur
957 595 1054 636 sex
1085 585 1199 634 haec
1233 596 1247 631 :
1280 579 1508 642 bonum,
1531 580 1770 637 beatum,
1792 578 1900 626 vir-

346 687 461 733 tute
480 676 808 741 confectum,
830 675 1142 732 honestum,
1175 671 1430 725 decorum
1457 679 1506 722 et
1543 668 1669 721 utile
1702 687 1714 720 :
1746 671 1901 724 addc,

347 772 391 825 si
425 770 524 831 vis,
562 777 792 829 rectum,
842 764 1164 818 rationabile
1199 781 1212 826 ;
1247 762 1312 814 ad
1371 762 1509 814 idem
1567 761 1808 820 veniunt,
1855 768 1907 808 et

349 861 487 914 idem
523 859 633 912 fere
661 864 876 910 sonant.
914 853 977 906 Et
997 853 1118 906 idco
1150 850 1402 920 opposita
1436 863 1645 910 eorum,
1672 847 1903 906 scilicet,

350 950 578 1013 malum,
612 949 895 1009 miserum,
948 944 1229 1004 vitiosum,
1283 941 1656 999 inhonestum,
1691 939 1907 989 indeco-

347 1059 488 1106 rum,
524 1050 700 1108 turpe,
730 1039 942 1101 inutile,
974 1046 1277 1105 peccatum,
1312 1032 1700 1086 irrationabile.
1732 1029 1905 1091 Adde,

348 1134 393 1189 si
428 1133 531 1196 vis,
562 1145 809 1200 pravum,
831 1126 1182 1197 flagitiosum,
1219 1125 1444 1188 fmdum,
1489 1130 1709 1184 tetrum,
1756 1120 1905 1173 dete-

347 1224 569 1279 stabile:
589 1220 769 1276 omnia
791 1217 1155 1285 hzecejusdem
1181 1223 1308 1270 sunt
1323 1213 1668 1268 calamitatis.
1688 1211 1767 1265 Ex
1789 1226 1908 1265 om-

348 1317 510 1370 nibus
540 1315 725 1382 itaque
759 1311 1138 1381 superioribus
1176 1309 1234 1362 flt
1268 1306 1506 1375 denique
1559 1306 1735 1359 finalis
1778 1319 1904 1358 con-

349 1407 544 1473 clusio,
584 1418 682 1474 pro
709 1418 816 1474 qua
839 1401 1020 1457 omnia
1041 1400 1095 1454 in
1128 1399 1231 1454 hac
1255 1400 1464 1454 ratione
1495 1403 1907 1467 praecesserunt,

351 1500 464 1555 hac
492 1519 506 1554 :

425 1590 722 1646 Conclusio.
744 1587 900 1655 Quod
932 1588 979 1642 si
1010 1588 1134 1657 quis
1163 1586 1331 1640 vitam
1359 1581 1822 1637 ducitvirtuosam
1857 1590 1911 1636 et

351 1684 659 1746 honestam,
680 1679 1174 1750 quomodocunque
1195 1672 1482 1730 commoda
1493 1682 1549 1728 et
1570 1671 1909 1728 incommoda

353 1775 481 1830 huic
514 1773 860 1840 contingunt,
896 1771 1055 1824 modo
1084 1783 1190 1823 non
1233 1781 1330 1822 sua
1359 1767 1511 1835 culpa
1543 1782 1556 1819 :
1595 1765 1729 1819 nihil
1756 1765 1912 1818 deest

2009 581 2061 625 et
2079 581 2273 634 artem,
2293 582 2345 622 et
2374 570 2820 624 consuetudinem
2846 568 3185 632 excellentia,
3217 569 3463 622 homines
3490 568 3568 620 di-

2011 664 2214 715 vinitus
2245 663 2504 730 consequi
2543 677 2700 730 posse
2738 659 3008 713 afﬁrmant
3044 676 3058 710 :
3093 660 3234 712 sicut
3269 659 3385 727 ipse
3417 656 3572 710 Plato

2010 757 2074 807 de
2105 755 2315 823 poetica
2350 764 2401 808 et
2435 755 2769 807 divinatione
2799 763 2852 806 et
2903 767 3086 805 amore
3120 752 3173 803 in
3202 749 3430 802 Phwdro
3459 759 3569 802 tra-

2009 849 2107 901 dit.
2145 849 2254 900 Non
2299 857 2478 900 tamen
2515 847 2636 900 ideo
2667 848 2997 914 prohibitum
3032 845 3157 909 erit,
3189 843 3429 896 ultimum
3461 853 3568 895 ter-

2010 942 2239 1004 minum,
2254 942 2318 994 ad
2350 955 2507 1009 quem
2527 941 2819 994 ascendere
2838 948 3014 1008 potest
3037 939 3115 991 vis
3135 936 3421 997 naturalis,
3447 935 3572 986 bea-

2011 1035 2294 1087 titudinem
2331 1034 2587 1102 appellari
2619 1051 2631 1085 :
2665 1033 2962 1102 prazsertim
3007 1046 3130 1083 cum
3158 1032 3232 1085 ita
3257 1030 3325 1084 sit
3353 1031 3456 1082 hoc
3481 1042 3572 1077 vo-

2010 1126 2265 1180 cabulum
2303 1129 2443 1195 apud
2487 1126 2669 1193 plures
2703 1125 2988 1188 usitatum,
3019 1133 3070 1177 et
3102 1138 3208 1176 non
3250 1131 3441 1176 natura
3477 1137 3545 1174 no

2012 1218 2157 1271 mina
2197 1217 2357 1272 rebus
2391 1219 2586 1285 posita,
2621 1217 2712 1272 sed
2749 1219 3013 1271 utentium
3050 1216 3404 1283 beneplacito.

2273 1354 2405 1409 CAP.
2448 1353 2686 1406 XXXIII.
2721 1353 3069 1405 Bealitudt'm's
3103 1354 3313 1404 divisio.

2085 1471 2269 1540 Itaque
2294 1471 2465 1539 prima
2489 1468 2556 1523 sit
2581 1467 2878 1531 beatitudo,
2903 1467 3018 1536 ipse
3054 1467 3293 1536 optimus
3310 1466 3430 1520 vitae
3468 1478 3563 1519 sta-

2013 1572 2134 1629 tus;
2159 1577 2318 1633 quem
2340 1562 2531 1617 ultimo
2548 1560 2840 1615 ascendere
2863 1574 3173 1628 possumus,
3194 1558 3561 1613 transcendet.

2013 1668 2142 1708 vero
2171 1653 2225 1708 vi
2257 1654 2489 1707 naturali
2526 1668 2631 1706 non
2665 1652 2927 1713 valemus,
2975 1652 3041 1705 de
3084 1665 3190 1719 qua
3243 1650 3569 1704 ὺεέιίιυάἰιιι

2015 1744 2071 1798 in
2093 1744 2176 1798 his
2200 1743 2352 1799 libris
2381 1751 2665 1797 tractatur.

354 1864 431 1918 illi
460 1864 528 1918 ad
554 1833 736 1918 veram
771 1833 1188 1916 beatitudinem.
1234 1857 1298 1912 Et
1338 1872 1434 1926 per
1449 1833 1829 1922 consequens,
1865 1850 1912 1906 si
1945 1841 1988 1897 Β
2020 1923 2032 1926 _
2085 1833 2111 1888 ε

1790 1869 1829 1914 ι,
1865 1850 1912 1906 si
1945 1841 1988 1897 Β
2085 1833 2334 1889 Secunda
2366 1835 2460 1898 sit,
2494 1849 2616 1904 quae.
2635 1835 2808 1903 prima
2827 1834 3103 1905 supposita
3128 1835 3307 1888 adhuc
3331 1848 3547 1901 compre

354 1955 478 2024 quis
507 1963 590 2008 est
619 1953 688 2006 ita
721 1953 1051 2021 depravatus
1082 1959 1137 2004 et
1177 1957 1490 2017 corruptus,
1528 1953 1588 1999 ut
1617 1958 1719 1998 nec
1753 1943 1913 1998 vesti-

358 2047 505 2116 gium
542 2043 757 2112 aliquod
786 2043 1005 2097 virtutis
1034 2051 1090 2096 et
1121 2040 1424 2095 honestatis
1474 2039 1527 2091 in
1564 2050 1630 2091 eo
1661 2035 1911 2100 exsistat,

357 2141 504 2202 huic,
535 2150 849 2207 quanquam
877 2134 1134 2188 omnibus
1165 2132 1406 2187 abundet
1433 2129 1754 2193 commodis,
1779 2126 1914 2182 nihil

353 2232 507 2285 deest
537 2229 604 2282 ad
639 2242 909 2282 summam
947 2224 1246 2280 miseriam.

355 2345 486 2400 CAP.
516 2339 733 2396 XXXII.
758 2339 980 2394 Beatum
1016 2337 1221 2390 nullum
1253 2337 1309 2387 in
1337 2340 1434 2386 huc
1461 2340 1590 2397 vita,
1628 2335 1913 2387 secundum

976 2408 1306 2460 Platonicos.

429 2505 529 2559 Hic
567 2505 790 2575 quidam
839 2500 1128 2565 Platonici,
1183 2496 1578 2550 immortalitati
1607 2496 1912 2549 animorum

358 2612 576 2668 operam
609 2596 825 2658 dantes,
845 2603 899 2648 et
924 2605 1112 2646 eorum
1138 2589 1430 2659 quamdam
1461 2589 1811 2642 excellentem
1840 2585 1914 2640 fe-

360 2689 622 2742 licitatem
656 2687 1035 2755 imaginantes,
1058 2682 1218 2750 eique
1239 2683 1402 2734 vitam
1431 2681 1571 2733 hanc
1595 2695 1915 2747 comparan-

361 2792 462 2846 tes,
497 2779 829 2848 impossibile
856 2785 1129 2838 asserunt,
1155 2776 1204 2828 in
1228 2775 1328 2827 hac
1353 2774 1458 2826 vita
1485 2773 1695 2828 beatum
1736 2773 1914 2825 homi-

363 2885 486 2925 nem
517 2885 660 2924 esse.
691 2868 902 2933 Quibus
933 2866 1088 2919 multi
1120 2879 1406 2919 assensum
1457 2865 1778 2931 prabentes,
1815 2878 1913 2917 nos

364 2976 392 3014 a
424 2963 650 3015 veritate
675 2968 930 3028 reputant
957 2959 1196 3011 deviare.
1232 2955 1327 3010 Est
1358 2965 1536 3009 autem
1571 2955 1712 3008 inter
1741 2969 1838 3008 nos
1860 2962 1913 3007 et

364 3057 510 3123 ipsos
554 3068 661 3107 non
692 3053 746 3105 in
795 3065 853 3104 re
889 3050 1281 3111 controversia,
1330 3048 1424 3100 sed
1462 3049 1515 3098 in
1552 3046 1766 3098 nomine
1798 3055 1911 3096 tan-

2018 1923 2203 1978 hendit
2231 1939 2571 1993 quaecunque
2599 1926 2916 1980 excellentia
2939 1927 3080 1979 bona
3107 1925 3389 1994 acquirere
3413 1926 3576 1976 homo

2014 2014 2178 2068 etiam
2214 2013 2268 2066 in
2293 2016 2394 2068 hac
2421 2016 2530 2068 vita
2554 2014 2737 2069 divina
2761 2016 3094 2084 aSpiratione
3120 2024 3318 2085 potest,
3348 2025 3405 2067 ut
3431 2017 3578 2068 Plato

2016 2107 2068 2159 in
2093 2105 2320 2161 Phaedro
2349 2107 2526 2162 docet.

2084 2197 2267 2253 Tertia
2302 2200 2392 2264 sit,
2421 2215 2543 2269 qua:
2572 2201 2800 2270 suscipit
2855 2210 2980 2269 post
3019 2211 3249 2257 mortem
3281 2203 3566 2272 sapientes.

2015 2300 2075 2344 ut
2105 2291 2247 2344 idem
2280 2290 2435 2346 Plato
2475 2293 2528 2346 in
2571 2293 2833 2348 Phwdone
2863 2296 3046 2349 tradit.

2086 2384 2258 2452 Igitur
2311 2385 2438 2450 quia
2475 2385 2548 2438 illi
2597 2387 2892 2440 secundam
2925 2397 2979 2440 et
3025 2390 3238 2442 tertiam
3275 2397 3570 2453 merentur,

2014 2473 2107 2543 qui
2137 2476 2324 2544 prima:
2367 2477 2662 2547 participes
2690 2479 3040 2543 exstiterunt,
3075 2482 3272 2534 merito
3308 2485 3372 2534 de
3400 2483 3572 2550 prima

2014 2577 2221 2623 tantum
2250 2569 2394 2625 hunc
2415 2571 2652 2626 laborem
2683 2571 2939 2628 duximus
2969 2575 3395 2643 suscipiendum.

2015 2681 2146 2738 CAP.
2184 2682 2425 2738 XXXIV.
2482 2683 2770 2757 Naturalia
2800 2686 2961 2750 bona,
3010 2690 3269 2757 quomodo
3321 2691 3374 2741 in
3417 2692 3565 2744 nobis

2607 2756 2964 2822 perﬁciantur.

2084 2866 2389 2923 Notandum
2408 2884 2536 2923 vero
2564 2871 2631 2924 sit
2661 2879 2713 2923 et
2743 2871 2895 2932 illud,
2920 2871 3062 2939 quod
3090 2877 3385 2926 secundum
3409 2889 3564 2927 eum-

2016 2957 2137 3011 dem
2164 2956 2462 3021 Platonem,
2486 2974 2581 3012 nec
2602 2961 2713 3028 ipsa
2737 2960 3004 3014 naturalia
3025 2962 3161 3014 bona
3185 2962 3366 3030 perfici
3389 2965 3442 3016 in
3470 2979 3568 3018 no-

2017 3047 2099 3100 bis
2133 3061 2362 3116 possunt
2413 3049 2532 3102 sine
2565 3049 2751 3100 divino
2781 3049 3005 3102 auxilio.
3049 3048 3180 3102 Nam
3221 3065 3284 3104 ex
3314 3067 3423 3120 quo
3456 3068 3570 3106 om-

363 3156 499 3199 tum.
523 3143 642 3197 Non
673 3143 819 3196 enim
849 3143 1094 3195 eamdem
1137 3155 1249 3194 rem
1281 3137 1499 3206 utrique
1524 3137 1908 3191 beatitudinem
1939 3177 1984 3236 C
2019 3140 2106 3191 nia
2160 3139 2362 3192 habent
2390 3155 2530 3202 esse,
2569 3153 2634 3192 ex
2689 3141 2878 3192 eodem
2913 3151 2966 3193 et
2997 3155 3148 3194 suam
3183 3145 3564 3209 perfectionem

365 3237 714 3305 appellamus,
746 3244 805 3288 ut
837 3233 906 3288 de
954 3232 1145 3287 eodem
1174 3231 1387 3300 negatio
1412 3238 1467 3283 et
1496 3229 1779 3283 afﬁrmatio
1818 3230 1908 3282 sit.

366 3326 610 3394 Namque
636 3341 737 3381 nos
766 3326 1024 3395 optimam
1054 3324 1242 3384 vitam,
1271 3337 1392 3390 quas
1429 3321 1662 3376 maxime
1694 3337 1912 3388 compo-

363 3417 470 3471 sito
505 3415 781 3482 competit,
814 3412 1116 3467 secundum
1160 3412 1302 3480 quod
1336 3412 1573 3466 hominis
1601 3421 1788 3464 natura
1824 3427 1914 3464 ca-

365 3521 467 3572 pax
513 3515 616 3566 est,
651 3503 1038 3558 beatitudinem
1085 3503 1438 3571 appellantes,
1493 3511 1547 3554 et
1577 3501 1649 3553 nil
1678 3502 1911 3554 alienum

365 3596 449 3649 vel
473 3595 831 3663 incongruum
865 3594 915 3645 ei
945 3593 1226 3658 addentes,
1261 3593 1401 3646 hanc
1431 3593 1677 3646 homines
1729 3608 1918 3646 conse-

366 3691 456 3759 qui
490 3704 650 3757 posse
669 3688 983 3743 asserimus.

435 3780 516 3833 Illi
573 3793 699 3833 vero
755 3789 1127 3846 separatorum
1179 3777 1483 3830 animorum
1522 3778 1911 3834 beatitudinem

364 3871 793 3936 considerantes,
823 3871 1019 3922 merito
1044 3869 1111 3922 ad
1141 3867 1292 3922 illum
1313 3868 1585 3922 hominem
1618 3870 1668 3922 in
1687 3872 1787 3922 hac
1808 3872 1913 3923 vita

364 3963 711 4014 exsistentem
737 3969 934 4028 negant
965 3959 1245 4028 pervenire
1264 3973 1442 4027 posse.
1466 3958 1606 4029 Ergo
1627 3967 1917 4029 utrumque

363 4057 672 4104 verumest.
696 4048 804 4102 Nec
818 4048 962 4102 enim
988 4062 1088 4102 nos
1117 4048 1203 4101 illa
1235 4049 1566 4103 beatitudine
1585 4049 1725 4103 beati
1758 4050 1915 4112 eflici,

363 4140 416 4192 vi
457 4139 713 4202 naturali,
741 4138 868 4191 dum
894 4137 1146 4203 vivimus,
1181 4152 1496 4206 possumus.
1545 4138 1656 4194 Nec
1692 4140 1795 4194 illis
1825 4155 1920 4194 no-

368 4241 476 4285 stra
505 4232 776 4300 congruit,
801 4233 882 4285 vel
913 4227 1112 4285 sufficit
1140 4230 1434 4284 beatitudo.

2019 3229 2212 3281 habere
2243 3243 2459 3282 necesse
2475 3239 2576 3284 est.
2607 3228 2797 3282 Omnia
2820 3245 2948 3284 vero
2971 3233 3266 3284 secundum
3293 3231 3564 3288 Platonem

2013 3333 2076 3368 ex
2108 3318 2216 3370 Deo
2268 3320 2464 3371 habent
2503 3334 2645 3372 esse.
2677 3320 2806 3373 Item
2863 3321 2916 3373 in
2955 3320 3174 3385 Timaeo,
3210 3337 3334 3376 cum
3375 3341 3569 3395 prOpo-

2013 3417 2195 3460 suerat
2220 3409 2285 3462 de
2308 3419 2495 3462 natura
2524 3411 2735 3474 mundi,
2761 3421 2815 3464 et
2843 3422 2990 3477 ortu,
3008 3425 3059 3466 et
3088 3415 3431 3470 connexione
3454 3432 3571 3470 om-

2013 3498 2162 3550 nium
2200 3513 2227 3551 a
2258 3502 2430 3566 primo
2465 3502 2728 3571 principio
2753 3503 2932 3558 dicere
2967 3522 2980 3555 2
3014 3507 3208 3569 oravit,
3245 3517 3297 3560 et
3326 3510 3567 3564 divinum

2016 3589 2082 3641 ad
2115 3592 2389 3658 proposita
2425 3591 2730 3660 imploravit
2763 3595 3098 3662 adiutorium
3134 3615 3146 3650 :
3182 3613 3490 3669 quanquam
3515 3603 3569 3655 in

2016 3680 2122 3734 illis
2155 3682 2228 3735 nil
2253 3683 2522 3738 excellens
2538 3686 2779 3737 naturale
2810 3699 3052 3740 nostrum
3088 3689 3361 3757 ingenium
3389 3692 3568 3746 dictu-

2019 3790 2112 3828 rus
2152 3786 2285 3839 erat,
2312 3783 2402 3830 sed
2433 3792 2539 3829 non
2575 3787 2724 3845 putat
2758 3793 2815 3832 se
2844 3780 2932 3832 illa
2965 3783 3223 3850 consequi
3249 3799 3406 3850 posse
3433 3787 3572 3840 diii-

2019 3865 2166 3918 nitus
2198 3881 2304 3918 non
2333 3867 2598 3935 adjutum.
2629 3869 2698 3921 At
2725 3871 2768 3922 si
2790 3871 3088 3924 secundum
3119 3875 3371 3926 eumdem
3401 3876 3453 3928 in
3483 3877 3572 3930 illo

2022 3971 2236 4010 summo
2281 3959 2445 4022 bono,
2479 3962 2645 4013 totius
2675 3962 2954 4024 bonitatis,
2985 3962 3335 4031 perfectionis
3369 3978 3422 4020 et
3453 3968 3577 4021 bea-

2020 4048 2267 4102 titudinis
2289 4049 2458 4103 instar
2493 4057 2597 4114 est,
2628 4051 2698 4103 ita
2729 4063 2916 4104 nostra
2947 4053 3250 4107 substantia
3274 4056 3571 4123 perﬁcitur.

2020 4141 2090 4192 ita
2130 4141 2495 4207 beatificatur;
2527 4142 2572 4197 si
2601 4144 2670 4198 ad
2705 4144 2832 4198 illud
2861 4145 3052 4210 tendit,
3085 4146 3215 4200 illud
3247 4148 3488 4217 respicit,
3516 4159 3571 4203 et

2021 4233 2150 4285 illud
2179 4234 2431 4286 imitetur.

375 4448 3547 4477 mm

1510 4641 1793 4728 PARS
1863 4643 2423 4732 SECUNDA.

713 4989 840 5044 CAP.
883 4990 923 5043 Ι.
968 4991 1144 5043 Animi
1189 4991 1263 5043 vis
1301 4994 1605 5063 quotupfex.

435 5104 643 5172 Duplex
672 5113 754 5157 est
796 5103 879 5157 vis
917 5103 1083 5156 animi
1115 5104 1314 5158 nostri.
1346 5103 1461 5159 Una
1497 5122 1602 5176 qua
1657 5105 1910 5175 intelligi-

364 5207 486 5245 mus
516 5201 568 5246 et
613 5205 799 5243 verum
838 5192 1188 5257 inquirimus,
1220 5202 1274 5245 et
1307 5207 1336 5245 a
1363 5191 1502 5247 falso
1534 5194 1909 5256 discernimus,

361 5296 415 5340 et
447 5300 474 5337 a
505 5284 686 5339 dubiis
717 5287 782 5335 ad
821 5283 1104 5338 manifesta
1134 5283 1432 5338 transimus
1465 5301 1479 5337 :
1506 5294 1561 5339 et
1592 5285 1646 5338 in
1676 5285 1755 5339 eis
1783 5287 1910 5353 quid

361 5389 726 5444 consequens,
778 5373 906 5444 quid
962 5390 1269 5444 repugnans
1315 5375 1703 5444 conspicimus.
1761 5375 1826 5430 Et
1857 5378 1909 5431 in

364 5468 605 5536 agendis,
638 5467 766 5535 quid
809 5467 960 5530 mile,
1001 5467 1128 5534 quid
1171 5468 1394 5533 inutile;
1427 5469 1558 5538 quid
1599 5471 1823 5536 bonum,
1857 5481 1912 5524 et

361 5558 484 5625 quid
515 5557 712 5609 malum
741 5573 754 5622 ;
791 5567 844 5609 et
867 5557 974 5621 cui,
1007 5568 1060 5610 ct
1095 5570 1380 5626 quantum,
1416 5569 1466 5613 et
1493 5561 1648 5627 quale
1679 5561 1912 5628 inquiri-

364 5663 482 5702 mus
518 5659 571 5700 et
615 5647 945 5716 iudicamus.
990 5648 1118 5713 Quae
1170 5651 1252 5701 vis
1295 5665 1417 5704 cum
1449 5652 1518 5703 sit
1554 5651 1906 5717 intellectiva,

363 5754 510 5793 mens
552 5739 803 5806 appellari
838 5741 994 5792 solet.

619 5838 884 5894 Pn'nox.
928 5837 1039 5894 Gn.
1103 5836 1222 5896 CLI

1943 4995 1996 5057 ι)
2091 4993 2206 5045 Alia
2234 5000 2333 5055 est,
2380 5005 2484 5059 qua
2511 4990 2653 5046 bona
2696 4995 2779 5048 vel
2817 4995 2958 5048 mala
2994 4994 3046 5049 in
3075 4995 3298 5064 agendis
3325 4997 3564 5066 judicata

2019 5084 2254 5152 placent,
2286 5082 2364 5136 vel
2390 5083 2678 5152 displicent
2711 5086 2888 5139 nobis.
2923 5085 2988 5138 Et
3020 5087 3109 5139 illa
3139 5088 3356 5155 quidem
3382 5105 3571 5157 accepr-

2019 5182 2220 5233 tamus,
2275 5170 2650 5238 amplexamur
2709 5181 2763 5224 et
2827 5177 3224 5242 amplectimur.
3285 5179 3569 5234 Contraria

2020 5275 2149 5313 vero
2179 5275 2534 5328 aspernamur
2589 5270 2643 5318 et
2689 5263 2930 5332 fugimus
2957 5282 2972 5329 ;
3017 5281 3134 5334 qum
3166 5267 3246 5321 vis
3277 5272 3570 5337 appetitiva

2019 5351 2269 5419 appellari
2297 5352 2450 5406 solet.
2479 5353 2651 5420 Hujus
2674 5365 2854 5408 autem
2882 5368 3061 5409 motus
3088 5359 3164 5409 vel
3197 5368 3350 5412 actus
3375 5361 3426 5412 in
3454 5364 3571 5415 ani-

2021 5458 2108 5496 mo
2139 5455 2192 5496 et
2224 5442 2363 5497 bene
2385 5454 2438 5497 et
2463 5447 2601 5499 male
2630 5456 2810 5513 potest
2839 5449 3170 5518 contingere.
3201 5451 3352 5515 Quod
3387 5464 3442 5505 ut
3463 5455 3564 5508 dis~

2021 5541 2294 5596 cernatur,
2323 5536 2702 5604 distinguenda
2753 5548 2879 5593 sunt
2915 5542 3066 5607 prius
3097 5541 3301 5609 aliqua,
3352 5559 3471 5611 qna.-
3505 5544 3589 5604 ad.

2021 5623 2180 5678 istum
2218 5627 2392 5682 locum
2431 5630 2722 5696 pertinent.

3179 5834 3254 5892 143
