4450 6440
816 387 949 448 1355

1063 501 1189 556 CAP.
1230 500 1294 556 ll.
1333 500 1407 556 De
1437 518 1556 557 Ima
1586 512 1633 555 et
1674 503 1811 570 falsa
1858 509 2101 570 opinione

1397 572 1517 625 boni
1546 583 1595 624 et
1621 573 1775 627 mali.

880 686 1036 741 Falsa
1067 685 1255 756 opinio
1298 686 1350 739 in
1403 686 1628 754 agendis
1659 686 1816 739 bonis
1850 687 1935 741 vel
1968 688 2147 752 malis,
2182 688 2367 741 multis

813 780 988 831 n-odis
1012 779 1229 832 accidit.
1258 775 1388 829 Nam
1420 776 1464 831 si
1497 776 1622 844 quis
1660 777 1938 845 opinatur,
1984 793 2092 830 non
2136 779 2365 841 bonum,

810 872 1007 919 bonum
1041 883 1181 932 esse,
1214 868 1296 920 vel
1324 882 1353 919 e
1379 881 1665 929 converso,
1698 877 1791 920 aut
1821 882 1888 920 an
1914 868 1986 922 sit
2010 867 2236 934 bonum,
2262 871 2365 921 mi-

807 974 912 1011 nus
945 967 1125 1010 tamen
1157 958 1241 1011 vel
1270 957 1468 1026 majus,
1512 973 1672 1027 quam
1710 968 1796 1012 est
1827 958 1979 1020 illud,
2027 973 2149 1013 esse
2180 959 2369 1014 existi-

808 1053 935 1095 mat.
970 1046 1075 1095 Aut
1118 1057 1213 1111 per
1244 1057 1304 1097 se
1337 1043 1537 1096 bonum
1569 1059 1692 1097 cum
1729 1043 1819 1105 sit,
1855 1043 1921 1096 ad
1947 1043 2094 1097 aliud
2129 1053 2363 1106 tantum,

806 1148 857 1185 σι
893 1134 994 1187 hac
1022 1134 1256 1188 fortasse
1299 1133 1480 1188 minus
1514 1135 1715 1188 bonum
1745 1133 1927 1187 valere
1960 1134 2091 1189 illud
2128 1147 2365 1204 reputat;

804 1239 896 1279 aut
922 1230 1008 1281 cui
1044 1230 1245 1282 bonum
1285 1236 1390 1289 est,
1430 1229 1662 1294 ignorat.

877 1320 1142 1373 Similiter
1176 1329 1230 1372 et
1260 1318 1326 1370 de
1357 1319 1500 1372 malo
1535 1319 1670 1371 falsa
1715 1327 1798 1371 est
1827 1319 2015 1387 opinio
2050 1321 2191 1387 ejus.
2227 1318 2366 1372 Vera

805 1420 987 1462 autem
1032 1410 1311 1463 sententia
1344 1417 1397 1462 et
1438 1424 1628 1462 verum
1674 1409 1967 1475 judicium,
2001 1411 2145 1465 circa
2177 1411 2365 1463 eadem

803 1515 909 1562 cst,
943 1518 1064 1554 cum
1104 1502 1159 1554 in
1211 1502 1361 1554 nullo
1401 1502 1790 1569 praedictorum
1829 1511 2106 1569 peccatur.
2154 1500 2285 1553 Nam
2319 1502 2365 1555 si

804 1605 856 1647 ct
878 1595 1018 1662 quod
1054 1603 1135 1647 est
1160 1594 1383 1655 bonum,
1422 1594 1623 1645 bonum
1649 1593 1965 1652 existimat;
1996 1601 2049 1645 et
2078 1600 2365 1661 quantum,

804 1694 859 1737 et
881 1684 1059 1752 quale,
1099 1693 1153 1736 et
1183 1684 1293 1746 cui,
1324 1698 1429 1735 non
1463 1685 1717 1751 ignorat;
1760 1684 2016 1737 similiter
2042 1692 2096 1736 et
2126 1683 2364 1744 malum;

811 1791 994 1828 verum
1037 1785 1090 1827 et
1138 1790 1331 1829 sanum
1374 1789 1494 1828 esse
1527 1775 1839 1842 hujusmodi
1868 1774 2131 1842 judicium
2176 1788 2366 1824 omnes

804 1868 1128 1921 concedent.
1162 1865 1255 1919 Est
1286 1866 1471 1934 itaque
1500 1866 1699 1918 falsum
1736 1869 1802 1917 de
1828 1864 2073 1931 quolibet
2101 1864 2364 1932 judicium
2398 1855 2442 1913 B

807 1956 1126 2026 simpliciter
1162 1957 1361 2010 malum
1393 1965 1446 2010 et
1479 1957 1934 2023 vituperandum:
1970 1969 2159 2009 verum
2189 1963 2365 2008 autem

805 2050 1127 2117 simpliciter
1153 2048 1351 2102 bonum
1383 2057 1437 2101 et
1474 2048 1827 2101 laudandum.

876 2140 1009 2193 Item
1042 2139 1185 2193 sicut
1222 2140 1274 2192 in
1309 2139 1592 2207 corporeis
1625 2139 1799 2192 oculis
1830 2138 2103 2191 interdum
2147 2138 2371 2191 contin-

807 2233 885 2299 git
916 2228 1119 2299 aliquid
1154 2230 1281 2293 tale,
1309 2238 1367 2282 ut
1395 2229 1543 2284 acies
1586 2228 1801 2282 videndi
1831 2229 2187 2287 obtundatur,
2225 2234 2279 2279 et
2303 2240 2369 2279 ex

806 2325 990 2382 aliquo
1031 2331 1182 2375 motu
1235 2322 1481 2389 quaedam
1519 2321 1886 2385 obumbratio,
1920 2335 2018 2373 seu
2056 2319 2371 2389 caliginatio

808 2423 861 2467 et
888 2413 1199 2466 obscuratio
1223 2410 1384 2465 oculo
1407 2411 1659 2477 accidat;
1693 2412 1763 2464 ita
1787 2415 1955 2480 quod,
1986 2420 2080 2463 aut
2111 2425 2218 2462 non
2252 2424 2372 2475 pos-

808 2506 899 2566 sit,
930 2514 1023 2556 ant
1056 2503 1238 2557 minus
1267 2502 1431 2565 clare,
1464 2502 1867 2571 obscuriusque
1889 2513 1944 2556 et
1967 2502 2211 2555 deterius
2244 2514 2371 2569 pos-

809 2599 879 2649 sit
914 2595 1147 2648 visibilia
1181 2594 1365 2648 videre
1401 2601 1454 2647 et
1486 2594 1817 2646 discernere.
1854 2592 1920 2645 Et
1949 2593 2051 2644 hoc
2075 2606 2197 2644 cum
2242 2604 2371 2642 con-

810 2689 973 2755 tingit
998 2686 1123 2740 huic
1147 2685 1353 2748 sensui,
1387 2700 1485 2752 pro
1514 2683 1654 2736 malo
1678 2683 1777 2751 ipsi
1807 2691 2111 2751 reputatur.
2164 2680 2370 2733 Bonum

812 2781 958 2831 enim
989 2778 1107 2845 ejus
1146 2785 1252 2839 est,
1308 2789 1526 2843 semper
1573 2790 1791 2828 manere
1829 2775 1881 2827 in
1915 2788 2015 2827 suo
2056 2772 2264 2839 vigore,
2320 2779 2374 2823 et

809 2873 983 2925 aciem
1018 2869 1234 2923 videndi
1266 2869 1580 2921 inviolatam
1609 2878 1664 2920 ει
1693 2867 1999 2935 expeditam
2029 2864 2365 2919 conservari.

809 2963 1062 3031 Alioquin
1091 2959 1334 3015 conditio
1365 2959 1515 3013 visus
1549 2958 1933 3011 deterioratur.
1962 2954 2038 3009 Ita
2066 2956 2231 3008 menti
2275 2956 2372 3007 lto-

808 3055 975 3108 minis
1032 3052 1227 3107 accidit
1264 3064 1656 3119 nonnunquam
1688 3049 1893 3120 aliquid
1948 3049 2074 3102 tale.
2136 3048 2208 3099 Ex
2244 3062 2352 3116 quo

810 3144 1101 3215 quamdam
1152 3142 1625 3198 obumbrationem
1658 3149 1711 3195 et
1759 3140 2199 3194 obscurationcm
2256 3140 2369 3208 ipsa

811 3256 967 3294 meus
1000 3238 1255 3296 incurrit.
1282 3245 1336 3289 et
1369 3235 1518 3288 acies
1552 3232 1889 3300 intelligendi
1929 3232 2000 3285 ita
2029 3231 2369 3292 obtunditur,

814 3342 875 3386 ut
906 3345 1103 3384 munus
1138 3326 1471 3396 intelligendi
1511 3334 1560 3378 et
1589 3322 1873 3392 judicandi
1904 3331 1994 3375 aut
2031 3325 2232 3383 minus,
2280 3329 2373 3373 aut

814 3422 1106 3478 obscurius
1141 3420 1457 3486 tardiusque
1497 3415 1763 3483 consequi
1794 3413 1965 3483 possit
1999 3431 2013 3467 :
2053 3423 2108 3468 et
2138 3429 2166 3466 a
2202 3428 2258 3466 re
2286 3427 2373 3480 gc-

816 3514 984 3567 renda
1009 3526 1099 3564 aut»
1120 3511 1339 3564 omnino
1363 3508 1665 3562 abducatur
1687 3547 1702 3569 ,
1728 3512 1823 3558 aut
1849 3508 1901 3558 in
1924 3504 2163 3573 jubendo
2187 3512 2239 3555 et
2262 3517 2375 3552 m0~

820 3605 997 3659 uendo
1032 3602 1308 3657 hominem
1343 3598 1407 3652 ad
1458 3599 1752 3650 exteriores
1805 3596 2070 3657 actiones,
2108 3595 2273 3646 decus
2322 3602 2374 3645 et

820 3698 1155 3748 honestatem
1191 3692 1241 3743 in
1272 3691 1352 3742 eis
1387 3697 1481 3741 aut
1518 3702 1622 3741 non
1667 3686 1861 3754 possit,
1899 3695 1990 3737 aut
2014 3683 2289 3737 diﬁicilius
2322 3691 2375 3735 et

817 3785 1095 3838 molestius
1119 3793 1441 3853 censervare
1482 3777 1674 3846 possit.
1701 3774 1853 3837 Quod
1887 3773 2139 3828 accidens
2173 3773 2370 3823 malum

815 3894 936 3933 esse
968 3874 1157 3937 menti,
1182 3872 1305 3941 quis
1339 3878 1576 3923 mentem
1607 3868 1807 3920 habens
1840 3881 1946 3918 non
1979 3864 2269 3933 intelligit?
2297 3863 2371 3915 Ex

816 3966 1173 4021 similitudine
1198 3964 1361 4033 igitur
1389 3962 1698 4018 oculorum,
1719 3958 1946 4012 docendi
1979 3972 2166 4018 causa,
2192 3956 2376 4023 appel-

819 4064 961 4115 it-tur
993 4055 1304 4126 hujusmodi
1338 4053 1590 4107 accidens
1635 4051 1979 4105 obutnhratio
2028 4050 2246 4113 mentis,
2278 4062 2373 4101 seu

819 4146 1159 4216 ealiginatio,
1189 4144 1269 4195 vel
1307 4142 1489 4211 potius
1518 4140 1848 4194 obscuratio.

889 4241 1026 4293 Cum
1069 4245 1247 4290 autem
1302 4248 1455 4286 mens
1490 4231 1564 4284 ita
1593 4229 1864 4283 stabiliter
1893 4241 2049 4281 suum
2083 4233 2377 4279 conservat

820 4331 1084 4399 vigorem,
1131 4333 1192 4381 ut
1218 4325 1349 4379 nihil
1382 4324 1447 4377 de
1477 4321 1751 4391 praedictis
1779 4321 1826 4374 ei
1855 4321 2156 4384 contingat,
2181 4332 2242 4369 ex
2266 4330 2376 4384 quo

819 4422 966 4474 acies
991 4416 1327 4488 intelligendi
1360 4412 1683 4468 deteriorari
1717 4425 1938 4480 quoquo
1970 4410 2129 4462 modo
2162 4408 2368 4477 possit:

2234 4191 2240 4198 ι

1916 388 2157 451 BA‘RLA
2175 392 2208 449 λ
2219 392 2301 448 Mi
2364 393 2459 452 DE
2502 394 2645 455 SEM
2662 392 2926 453 lNARIA

3897 396 4027 461 i356

2394 514 2435 567 Α
2470 526 2631 565 υηιιηι
2662 514 2778 568 sine
2806 511 3017 566 duobus
3040 523 3162 567 esse
3184 510 3236 565 in
3264 511 3447 567 animo
3476 528 3487 565 :
3516 512 3796 568 minimum
3826 516 4024 568 malum

2470 615 2550 658 est
2585 607 2778 659 mentis
2809 604 3143 659 obscuratio.
3170 603 3490 672 Quanquam
3519 606 3663 659 enim
3708 607 3806 673 ipsi
3836 606 4025 666 menti,

2472 713 2529 749 ιιι
2562 713 2715 751 mens
2744 706 2846 760 est,
2870 695 3071 749 malum
3099 704 3202 758 est,
3230 702 3407 749 tamen
3445 696 3711 749 associata
3745 712 3866 749 cum
3904 712 4026 749 vera

2473 789 2523 840 in
2558 788 2781 856 agendis
2831 786 3098 841 sententia
3132 795 3184 841 et
3224 786 3461 840 beneﬁca
3510 787 3801 849 voluntate,
3848 790 4025 854 quoal

2470 880 2769 933 exteriores
2810 879 3074 942 actiones,
3110 886 3165 931 et
3210 878 3469 939 maxime,
3509 877 3562 930 in
3599 878 3799 946 quibus
3850 877 4026 929 eunti-

2472 980 2629 1024 nctur
2662 971 2944 1024 hominum
2993 970 3267 1034 societas;
3302 968 3346 1023 si
3380 977 3590 1021 tantum
3621 969 3758 1022 adsit
3790 969 3871 1021 eis
3914 982 4028 1018 me-

2473 1064 2780 1115 diocritas:
2824 1076 2929 1114 non
2986 1061 3147 1115 modo
3198 1074 3305 1113 non
3348 1060 3571 1123 malum,
3626 1060 3719 1114 sed
3776 1072 4028 1127 magnum

2472 1155 2670 1207 bonum
2703 1163 2806 1207 est.

2541 1244 2711 1311 Majus
2735 1260 2864 1298 vero
2898 1246 3098 1298 malum
3140 1254 3243 1307 est,
3272 1244 3550 1313 opinionis
3588 1246 3642 1299 in
3681 1244 3909 1312 agendis
3936 1259 4029 1295 er-

2478 1350 2592 1386 ror.
2630 1332 2741 1387 Hoc
2770 1333 2915 1387 enim
2938 1348 3045 1386 non
3072 1342 3276 1386 tantum
3306 1333 3405 1400 ipsi
3426 1332 3608 1385 animo
3630 1350 3806 1400 per'se
3831 1334 4031 1386 malum

2471 1438 2573 1493 est,
2611 1428 2702 1481 sed
2734 1428 2896 1480 etiam
2946 1429 3067 1480 sine
3112 1426 3495 1480 obscuratione
3535 1426 3730 1478 mentis
3777 1437 3830 1479 et
3862 1427 4031 1478 male-

2476 1520 2572 1572 ﬁt-a
2609 1519 2885 1571 voluntate
2918 1517 3223 1570 teterrimas
3258 1517 3501 1570 exterius
3536 1518 3800 1579 actiones,
3834 1527 3888 1570 et
3920 1533 4034 1570 nta-

2470 1613 2614 1663 xime
2648 1610 2697 1661 in
2730 1607 3023 1676 puniendo,
3052 1606 3272 1675 gignere
3299 1616 3498 1673 potest.

2545 1699 2616 1752 De
2647 1698 2847 1752 notatis
2876 1712 3006 1751 vero
3046 1697 3221 1749 tribus
3250 1696 3548 1765 pessimum
3581 1704 3686 1762 est,
3714 1708 4030 1766 separatum

2472 1791 2538 1842 ab
2567 1791 2708 1852 aliis,
2741 1787 2982 1841 maleﬁca
3013 1788 3289 1842 voluntas.
3328 1785 3457 1853 Quae
3488 1788 3633 1842 enim
3685 1789 3757 1841 ita
3789 1790 3981 1843 maleﬁt
4004 1807 4032 1843 a

2472 1893 2573 1944 est,
2614 1891 2672 1933 ιιι
2716 1882 2975 1935 ἰηιιωιυεειι
3026 1880 3235 1945 animo,
3269 1883 3432 1935 etiam
3487 1883 3604 1936 sine
3638 1884 3927 1951 repentino
3980 1894 4035 1937 et

2474 1974 2693 2027 turbido
2736 1982 2883 2026 motu
2928 1974 3147 2036 mentis,
3191 1979 3353 2037 atque
3383 1971 3515 2025 falsa
3543 1974 3827 2041 opinione,
3865 1982 3924 2028 ut
3959 1976 4035 2026 al-

2473 2065 2651 2132 legare
2685 2062 3049 2130 ignorantiam
3078 2070 3346 2129 nequeat,
3382 2064 3627 2117 omnium
3660 2065 3923 2119 malorum
3949 2075 4035 2118 est

2473 2155 2791 2221 pessimum,
2828 2160 2881 2206 et
2914 2151 3096 2205 minus
3121 2152 3241 2206 aliis
3263 2152 3529 2207 sanabile.

2681 2264 2813 2318 (ΖΑΡ.
2845 2260 2934 2316 Ill.
2970 2261 3219 2333 Male/ica
3247 2263 3489 2318 voluntas
3520 2266 3823 2334 quoluplex.

2547 2376 2750 2445 Duplex
2791 2375 3008 2443 quidem
3040 2385 3121 2429 est
3154 2376 3396 2431 maleﬁca
3431 2380 3705 2433 voluntas.
3746 2381 3851 2432 Aut
3888 2381 4031 2432 eni~n

2473 2478 2730 2523 causatur
2755 2483 2783 2520 a
2818 2467 3098 2535 repentina
3122 2468 3509 2522 obscuratione
3541 2474 3760 2535 tuentis,
3788 2487 3893 2539 qua
3916 2487 4035 2525 ces-

2474 2568 2650 2621 sante,
2689 2557 2893 2611 recedit
2935 2566 2991 2610 et
3038 2557 3150 2621 illa,
3187 2559 3325 2611 sicut
3362 2560 3410 2610 in
3444 2560 3519 2612 ira
3548 2577 3687 2626 smpe
3720 2562 3981 2631 contingit
4014 2579 4030 2627 ;

2474 2661 2569 2706 aut
2603 2651 2764 2704 insita
2799 2658 2882 2703 est
2913 2649 2965 2703 in
3000 2649 3207 2714 animo,
3246 2661 3299 2705 et
3354 2655 3471 2704 sine
3511 2653 3789 2719 repentium
3824 2656 4025 2705 mentis

2476 2745 2817 2813 caligatione.
2848 2756 2968 2810 quae
2992 2742 3161 2795 multo
3190 2743 3378 2796 tetrior
3416 2754 3519 2804 est,
3552 2759 3713 2812 quam
3752 2745 3839 2797 iila
3867 2763 3880 2809 ;
3914 2760 4037 2814 qua:

2475 2838 2633 2891 simul
2657 2834 3028 2890 obscurationi
3060 2834 3259 2888 mentis
3291 2837 3487 2897 oritur,
3529 2846 3580 2888 et
3618 2837 3822 2889 interit.
3850 2837 4031 2900 Quare

2474 2928 2519 2982 si
2549 2934 2759 2995 oportet
2798 2926 2863 2979 de
2902 2926 3059 2978 malis
3102 2925 3326 2978 minima
3354 2927 3573 2995 eligere,
3622 2928 3794 2979 multo
3826 2928 4037 2996 eligibi-

2474 3021 2577 3075 lior
2605 3028 2687 3076 est
2734 3019 3047 3074 obscuratio
3082 3019 3277 3072 mentis
3308 3034 3428 3072 cum
3466 3020 3702 3072 beneﬁca
3739 3020 4035 3084 voluntate,

2474 3128 2636 3182 quam
2674 3110 2917 3165 maleﬁca
2964 3110 3211 3164 voluntas
3237 3114 3358 3163 sine
3391 3110 3779 3164 obscuratione
3814 3110 4032 3167 mentis.

2544 3206 2620 3258 De
2652 3202 2850 3257 notatis
2885 3210 3064 3254 autem
3102 3188 3284 3263 litinis,
3317 3215 3483 3253 unum
3524 3200 3894 3269 comparando
3919 3202 4036 3255 sine

2476 3295 2620 3358 aliis,
2645 3294 2931 3346 minimum
2956 3291 3154 3343 bonum
3180 3299 3262 3343 est
3292 3290 3489 3344 mentis
3524 3290 3886 3358 aequabilitas.
3910 3288 4035 3342 Haec

2476 3389 2615 3443 enim
2656 3387 2781 3439 licet
2831 3399 2925 3452 per
2959 3398 3017 3436 se
3056 3382 3255 3436 bonum
3288 3381 3356 3434 sit
3393 3381 3583 3442 menti,
3639 3388 3698 3431 ut
3741 3394 3893 3433 mens
3927 3387 4033 3442 est,

2478 3485 2657 3528 tamen
2694 3479 2943 3541 separata
2973 3486 3002 3525 a
3038 3485 3161 3523 vera
3189 3470 3255 3523 de
3287 3468 3509 3536 agendis
3554 3469 3820 3523 sententia
3851 3478 3903 3521 et
3938 3470 4035 3521 be-

2478 3567 2648 3619 neﬁca
2686 3564 2985 3626 voluntate,
3042 3560 3220 3630 quoad
3256 3560 3554 3614 exteriores
3608 3559 3871 3623 actiones,
3907 3558 4034 3611 nul-

2479 3656 2587 3707 lum
2618 3654 2817 3705 bonum
2848 3660 2951 3705 est.
3812 3652 3819 3674 ί

2553 3743 2745 3795 Verum
2781 3750 2961 3793 autem
2994 3738 3260 3808 judicium
3321 3738 3385 3792 de
3418 3738 3577 3792 bonis
3634 3745 3687 3791 ct
3740 3738 3898 3790 malis
3937 3736 4039 3788 ali-

2478 3833 2799 3900 quantulum
2824 3832 2998 3899 majus
3030 3831 3232 3883 bonum
3264 3838 3365 3890 est,
3400 3840 3711 3896 separatum
3741 3846 3766 3878 a
3806 3828 4031 3894 reliquis

2479 3924 2690 3975 duobus
2718 3922 2894 3974 bonis.
2922 3920 3051 3971 Nam
3078 3919 3239 3973 etiam
3272 3919 3513 3972 exterius
3544 3919 3746 3987 aliquid
3779 3919 3926 3980 boui,
3951 3921 4033 3970 in-

2480 4012 2686 4066 terdum
2718 4026 2812 4079 per
2836 4011 3084 4064 accidens
3118 4009 3297 4063 eﬂicit.
3323 4009 3577 4061 Omnium
3614 4024 3739 4063 vero
3770 4011 4030 4077 optimum

2476 4117 2560 4159 est
2599 4102 2836 4157 beneﬁca
2888 4101 3157 4173 voluntas.
3193 4099 3258 4152 Et
3304 4116 3400 4169 per
3449 4114 3507 4154 se
3541 4100 3680 4153 enim
3718 4102 3914 4153 bonum
3951 4082 4036 4154 est

2478 4195 2683 4258 animo,
2718 4205 2771 4247 et
2806 4200 3053 4262 separata
3082 4207 3111 4244 a
3142 4191 3366 4259 reliquis
3384 4190 3599 4245 duobus
3631 4193 3806 4255 bonis,
3832 4193 4028 4244 multas

2481 4295 2659 4369 tamen
2694 4284 2866 4339 bonas
2897 4284 3140 4337 actiones
3178 4283 3418 4336 exterius
3442 4283 3660 4352 gignere
3694 4292 3891 4351 potest.

2679 4397 2808 4452 Car.
2849 4395 2937 4450 IV.
2981 4394 3222 4462 Beneﬁca
3253 4394 3493 4447 voluntas
3524 4394 3829 4463 qttotuplex.

820 4509 1136 4581 hujusmodi
1173 4514 1370 4567 status,
1417 4517 1584 4558 causa
1619 4501 1872 4556 similiter
1906 4498 2159 4561 docendi,
2193 4495 2377 4566 appel-
2411 4524 2453 4577 ο
2554 4510 2645 4564 Est
2695 4518 2874 4561 autem
2927 4506 3124 4573 duplex
3169 4503 3407 4559 beneﬁca
3443 4506 3693 4559 νοιυηιαε
3724 4522 3737 4558 ε
3776 4521 3881 4559 una
3914 4521 4033 4575 qua

822 4609 956 4657 letur
982 4599 1281 4669 aequalitas.
2014 4646 2019 4651 .

894 4694 988 4748 Est
1022 4694 1205 4759 itaque
1240 4687 1612 4749 manifestum,
1645 4683 1789 4753 quod
1823 4681 2135 4737 obscuratio
2178 4678 2377 4733 mentis

822 4796 907 4839 est
962 4782 1163 4835 malum
1216 4780 1382 4834 menti
1436 4786 1492 4832 et
1540 4774 2005 4845 vituperandum:
2043 4770 2379 4841 azquabilitas

823 4891 950 4928 vero
973 4880 1058 4927 est
1091 4874 1290 4925 bonum
1315 4876 1370 4923 et
1399 4866 1749 4921 laudandum.

894 4966 1025 5018 Item
1082 4978 1204 5017 cum
1255 4960 1469 5015 animus
1517 4968 1701 5013 noster
1735 4956 1893 5010 habet
1946 4954 2263 5024 appetitum,
2297 4950 2378 5005 vel

821 5054 1196 5113 committendi
1252 5052 1395 5121 quod
1432 5066 1537 5105 non
1571 5051 1745 5112 decet,
1774 5048 1859 5101 vel
1900 5046 2186 5100 omittendi
2234 5042 2377 5112 quod

823 5154 1015 5211 decet,
1055 5146 1355 5215 appelletur
1397 5142 1643 5197 maleﬁca
1702 5140 1973 5195 voluntas.
2010 5140 2146 5191 Cum
2199 5146 2378 5190 autem

824 5242 1096 5309 appetitus
1131 5238 1305 5292 tendit
1333 5235 1398 5288 ad
1449 5234 1717 5304 agendum
1752 5234 1893 5302 quod
1919 5233 2093 5294 decet,
2127 5240 2179 5285 et
2220 5230 2383 5282 relin-

824 5330 1100 5400 quendum
1132 5328 1273 5393 quod
1329 5340 1437 5379 non
1467 5324 1643 5390 decet,
1671 5325 1970 5394 appelletur
2003 5325 2240 5377 beneﬁca
2290 5335 2383 5374 vo-
2440 5354 2443 5357 η

825 5424 1023 5474 lnntas.

896 5511 987 5563 Est
1016 5511 1197 5577 itaque
1242 5507 1615 5573 manifestum,
1668 5506 1811 5576 quod
1855 5506 2098 5559 maleﬁca
2132 5505 2380 5558 voluntas

823 5609 907 5652 est
941 5601 1259 5667 simpliciter
1310 5598 1513 5652 malum
1550 5608 1602 5652 et
1638 5598 2051 5666 vituperandum
2086 5613 2097 5647 :
2143 5596 2378 5650 beneﬁca

825 5700 1006 5744 autem
1042 5690 1293 5745 voluntas
1328 5698 1411 5744 est
1452 5690 1773 5759 simpliciter
1819 5692 2017 5744 bonum
2069 5701 2120 5742 et
2159 5690 2352 5740 Iandan

825 5784 974 5834 dum.
1005 5780 1079 5834 Ex
1118 5781 1288 5834 tribus
1327 5790 1503 5833 tamen
1547 5784 1842 5852 st-gregatis
1876 5783 2049 5835 malis.
2088 5786 2127 5831 si
2169 5791 2374 5847 oportet

2483 4606 2739 4653 causatur
2784 4598 2853 4649 ab
2880 4596 3063 4662 aliquo
3112 4593 3397 4660 repentino
3448 4593 3834 4661 caliginiosove
3867 4595 4033 4647 animi

2487 4698 2629 4743 motu
2660 4707 2673 4741 :
2702 4703 2821 4756 quae
2848 4686 3093 4740 similiter
3124 4688 3298 4738 oritur
3327 4694 3381 4738 et
3412 4686 3633 4747 occidit,
3679 4686 3820 4738 sicut
3861 4686 3911 4737 in
3946 4687 4037 4739 Le-

2484 4780 2617 4834 titiis
2642 4777 3141 4843 misericordiisque
3174 4789 3317 4842 saepe
3344 4775 3563 4828 accidit.
3588 4775 3704 4828 Alia
3737 4785 3819 4827 est
3852 4775 4036 4828 animo

2486 4870 2651 4924 insita
2682 4878 2735 4920 et
2766 4880 3108 4934 permanens,
3141 4873 3195 4915 et
3233 4878 3261 4915 a
3293 4865 3409 4916 viva
3441 4873 3602 4931 atque
3639 4863 3839 4916 eiIicaci
3875 4866 4036 4915 ratio-

2486 4974 2553 5013 ne
2587 4956 2867 5026 pendens:
2905 4967 3026 5015 quaa
3052 4955 3119 5005 de
3155 4952 3326 5005 tribus
3359 4952 3653 5019 propositis
3684 4955 3882 5020 optima
3931 4962 4035 5005 est.

2486 5073 2614 5128 CAP.
2683 5068 2742 5124 V.
2805 5068 2945 5120 Num
3000 5068 3101 5118 tria
3173 5067 3462 5133 praedicta,
3512 5081 3686 5117 rerum
3736 5064 4039 5131 judicium,

2556 5140 2892 5207 aequabilitas
2925 5139 3112 5188 mentis
3156 5145 3203 5188 et
3248 5136 3479 5207 bene/ica
3508 5136 3949 5207 voluntas_simul
3989 5150 4040 5185 tu

2556 5204 2754 5273 animo,
2790 5216 2881 5259 aut
2911 5207 3191 5273 appetitiva
3210 5206 3275 5266 ri,
3302 5220 3615 5257 concurrere
3641 5204 3861 5270 possint.

2560 5324 2691 5375 Curti
2723 5323 2905 5387 itaque
2929 5332 2990 5369 ex
3026 5317 3399 5386 superioribus
3430 5316 3788 5370 divisionibus
3809 5317 3909 5369 tria
3929 5316 4039 5368 sint

2487 5425 2671 5468 rimata
2707 5409 3026 5474 simpliciter
3056 5410 3216 5471 bona,
3239 5416 3293 5461 ει
3321 5407 3588 5460 laudanda
3630 5408 3680 5459 in
3725 5406 3905 5458 animo
3946 5420 4044 5457 no-

2487 5515 2623 5567 stro,
2644 5502 2851 5556 scilicet
2882 5514 3069 5553 verum
3090 5500 3352 5566 judicium
3387 5500 3593 5551 honoro
3622 5518 3648 5548 ιι
3672 5498 4037 5559 etmalorum,

2486 5606 2533 5651 et
2580 5595 2856 5664 aequalitas
2904 5592 3123 5655 mentis,
3179 5600 3232 5643 et
3288 5592 3525 5644 beneﬁca
3556 5590 3829 5655 voluntas,
3865 5598 4040 5657 potest

2489 5689 2626 5747 ﬁeri,
2660 5696 2718 5739 ut
2767 5699 2889 5738 cum
2931 5684 3217 5752 appetitiva
3260 5684 3340 5736 vis
3376 5682 3444 5736 sit
3502 5684 3553 5734 in
3607 5682 3833 5749 agendo,
3872 5680 4037 5732 simul

2490 5780 2737 5849 praedicta
2772 5778 2872 5830 tria
2911 5778 3046 5830 liena
3083 5776 3135 5830 in
3172 5775 3355 5830 animo
3387 5784 3706 5829 concurrant
3742 5791 3753 5825 :
3789 5783 3843 5826 ut
3897 5771 4041 5837 quod
