4450 6440
419 442 556 510 1357

1482 427 1766 486 El‘l'IlCA
1794 424 2210 484 SECUNDUM
2251 421 2560 482 S‘l‘OlCOS

3510 417 3643 482 i358

415 555 615 622 placet,
647 547 732 603 vel
752 546 1026 615 displicet,
1059 553 1112 599 et
1145 556 1268 598 vere
1295 541 1599 611 judicatum
1632 541 1721 605 sit,
1746 547 1800 594 et
1826 554 1980 593 mens
2012 549 2054 599 Α
2085 537 2393 590 obscuratio
2428 540 2647 598 mentis,
2700 550 2821 590 cum
2857 549 2981 588 vero
3020 535 3227 602 judicio
3276 531 3477 600 objecti
3517 535 3642 586 boui

414 645 652 712 aliquam
687 639 1070 707 caligationcm
1108 651 1213 690 non
1245 635 1511 696 incurrat.
1541 641 1595 687 et
1612 632 1856 686 beneﬁca
1889 647 1980 683 vo-

410 734 593 788 luntas
628 732 682 784 in
710 731 894 783 animo
933 730 1026 782 sit.
1059 725 1216 791 Quod
1249 739 1373 778 cum
1409 725 1490 786 lit,
1545 722 1854 776 constantia
1886 737 1978 788 ap.

413 825 665 894 pellatur.
703 824 884 876 Potest
926 820 1072 871 enim
1123 817 1262 881 fleri,
1305 825 1364 869 ut
1400 815 1651 884 opposita
1693 813 1813 868 istis
1843 827 1976 865 con-

416 918 626 980 tingant
665 931 676 964 :
721 922 779 965 ut
828 923 882 964 et
919 910 1061 963 male
1099 908 1168 963 de
1200 907 1430 974 objectis
1479 907 1696 968 sentiat,
1748 914 1803 958 et
1832 904 1976 957 acies

415 1006 610 1058 mentis
642 1002 1064 1058 obumbratione
1093 1000 1449 1062 obtundatur,
1482 1007 1535 1050 et
1580 997 1831 1050 voluntas
1859 1009 1976 1047 ma-

414 1098 566 1150 leﬁca
600 1099 748 1152 insit.
777 1095 964 1149 Potest
989 1108 1119 1148 vero
1140 1093 1280 1159 ﬁeri,
1317 1090 1465 1159 quod
1494 1091 1604 1144 duo
1633 1089 1744 1143 sint
1772 1104 1835 1142 ex
1868 1105 1979 1140 ma-

417 1189 486 1243 lis
519 1201 570 1243 et
609 1204 776 1242 unum
810 1203 877 1241 ex
910 1187 1111 1252 bonis;
1153 1184 1300 1252 quod
1336 1181 1624 1250 tripliciter
1650 1180 1848 1234 variari
1885 1194 1978 1247 po-

418 1291 541 1346 test,
567 1282 648 1334 vel
676 1299 704 1334 e
733 1294 1035 1343 converso;
1068 1281 1176 1332 duo
1204 1291 1269 1330 ex
1287 1275 1468 1339 bonis,
1495 1289 1662 1328 unum
1691 1287 1756 1326 ex
1785 1272 1940 1325 malis
1964 1288 1975 1325 :

416 1374 558 1442 quod
595 1373 849 1426 similiter
887 1369 1174 1440 tripliciter
1199 1369 1278 1422 ﬁt.

531 1483 658 1538 Car.
694 1484 780 1537 Vl.
817 1483 1207 1536 Pra’dictornm
1230 1490 1423 1548 septem
1457 1479 1860 1547 complexiones.

485 1594 687 1648 Praeter
743 1596 907 1664 igitur
948 1594 1315 1649 constantiam
1352 1600 1558 1662 septem
1609 1592 1801 1644 horum
1846 1589 1981 1642 ﬁunt

414 1687 837 1754 complexiones.
866 1683 1188 1738 Consualia
1218 1698 1436 1752 nempe,
1477 1682 1603 1751 quia
1635 1679 1980 1750 mquabilitas

413 1778 614 1829 mentis
641 1777 692 1828 in
722 1786 845 1829 actu
874 1773 1202 1843 appetitivze,
1231 1787 1357 1827 cum
1383 1786 1509 1826 vera
1539 1771 1732 1840 objecti
1763 1779 1984 1824 senten-

2087 627 2170 682 vel
2207 628 2355 690 mali,
2391 638 2442 680 et
2495 628 2731 681 beneﬁca
2767 629 3070 682 voluntate.
3103 628 3231 691 Quae.
3280 636 3545 695 quantum
3580 630 3646 680 ad

2084 720 2383 774 exteriores
2421 721 2682 780 actiones.
2719 723 2762 774 si
2797 722 2954 774 modo
2992 721 3041 773 in
3094 722 3172 773 eis
3203 732 3491 774 conservet
3538 733 3643 773 me-

2081 807 2444 869 diocritatem,
2481 825 2734 878 magnum
2772 814 2968 863 bonum
3012 821 3114 864 est.

2153 899 2402 954 Secunda
2431 903 2522 964 sit,
2554 917 2673 971 quae
2703 915 2786 956 est
2819 905 3130 958 obscuratio
3165 908 3360 956 lltc'tilis
3392 919 3513 957 cunt
3540 904 3640 960 {at-

2081 1006 2138 1042 sa
2161 992 2417 1060 Opinione
2445 1003 2498 1046 et
2530 995 2766 1047 benefica
2800 997 3094 1049 voluntate.

2153 1077 2337 1132 Tertia
2368 1084 2456 1144 sit,
2492 1097 2613 1151 quae
2648 1093 2731 1136 est
2777 1086 3090 1138 obscuratio
3133 1092 3328 1138 tuentis
3360 1104 3482 1140 t'llln
3521 1106 3646 1141 vero

2079 1167 2284 1234 judicio
2315 1179 2367 1222 et
2405 1171 2649 1225 maleﬁca
2681 1173 2977 1227 voluntate.

2152 1257 2354 1322 Quarta
2380 1259 2470 1323 sit,
2506 1277 2626 1329 qua:
2660 1276 2743 1316 est
2776 1265 3091 1317 obscuratio
3121 1267 3317 1318 utentis
3353 1281 3474 1318 cunt
3511 1268 3644 1321 falsa

2082 1345 2339 1414 opinione
2370 1359 2427 1402 et
2454 1351 2693 1404 maleﬁca
2735 1354 3030 1406 voluntate.
3078 1355 3207 1419 Qua:
3255 1358 3496 1409 omttiunt
3529 1373 3648 1424 pci—

2085 1440 2456 1494 turbationum
2485 1452 2569 1497 est
2593 1446 2852 1513 pessima,
2883 1448 3024 1500 sicut
3052 1463 3214 1514 supra
3251 1461 3497 1503 notatum
3527 1464 3628 1505 est.

2349 1552 2476 1606 CAP.
2517 1554 2584 1610 Χ.
2619 1553 2940 1612 Earumdem
2968 1561 3152 1614 divisio
3186 1564 3372 1615 altera.

2151 1665 2282 1718 ltem
2313 1669 2611 1722 secundum
2646 1672 2804 1724 aliam
2840 1675 3188 1738 divisionem,
3217 1690 3455 1747 quatuor
3486 1697 3646 1748 gene-

2082 1771 2142 1809 ra
2168 1757 2637 1824 perturbationum
2683 1771 2829 1816 sunt.
2857 1766 2994 1829 Quia
3035 1768 3178 1822 enim
3226 1772 3402 1823 omnis
3435 1785 3646 1838 pertur—

413 1868 507 1926 tia,
539 1877 592 1919 et
627 1867 869 1919 beneﬁca
915 1865 1221 1926 voluntate,
1261 1879 1369 1917 non
1425 1862 1651 1916 dubium
1682 1869 1786 1926 est,
1844 1861 1974 1928 quitt
2007 1885 2053 1944 Β
2083 1847 2170 1944 imi

1884 1861 1974 1914 υίη
2007 1885 2053 1944 Β
2083 1847 2228 1901 batio
2260 1859 2341 1902 est
2371 1850 2676 1906 obscuritas
2733 1855 2951 1917 mentis,
3007 1871 3258 1924 suscepta
3289 1876 3351 1912 ex
3383 1863 3639 1928 Opilttmie

411 1958 738 2027 simpliciter
769 1957 972 2011 bonum
1015 1964 1071 2010 et
1101 1954 1377 2008 laudabile
1429 1955 1521 2008 sit.
1558 1949 1624 2006 Et
1672 1953 1797 2021 quia
1833 1951 1975 2006 sicut

410 2052 463 2100 in
494 2049 665 2117 prima
697 2057 852 2117 parte
881 2045 1282 2116 praedeﬁnitum
1313 2053 1419 2110 est,
1457 2043 1733 2098 beatitudo
1761 2052 1845 2098 est
1875 2058 1974 2098 cu-

411 2139 611 2191 mulata
667 2138 969 2207 complexio
1004 2136 1249 2192 omnium
1289 2137 1554 2189 bonorum
1614 2134 1875 2200 hominis,
1913 2145 1974 2188 ut

2079 1942 2206 1998 boni
2247 1947 2529 2014 placentis,
2564 1952 2644 2003 vel
2674 1952 3148 2008 malioifendentis
3181 1973 3191 2007 :
3234 1957 3372 2010 bona
3400 1973 3529 2010 vero
3565 1961 3642 2009 ιιι-Ι

2077 2036 2238 2097 mala,
2281 2053 2401 2104 quae
2437 2039 2642 2093 homini
2676 2045 2957 2109 eveniunt,
2987 2053 3081 2097 aut
3107 2057 3233 2099 sunt
3259 2048 3369 2116 jam
3405 2051 3638 2116 ιιι-ψιειί-

2077 2135 2152 2189 ta,
2185 2137 2277 2179 aut
2308 2133 2612 2196 praesentia,
2664 2143 2757 2185 aut
2795 2135 2972 2187 futura
3009 2154 3021 2187 :
3062 2137 3148 2189 illa
3185 2137 3402 2205 quidem
3434 2151 3643 2208 pertur-

410 2231 574 2282 bomo
599 2239 698 2282 est.
733 2230 824 2283 Est
859 2238 1039 2283 autem
1070 2239 1129 2283 et
1157 2229 1276 2298 ipsa
1303 2227 1636 2290 constantia,
1669 2227 1971 2281 secundum
2075 2218 2245 2284 δθιίον
2281 2236 2402 2289 (tum
2433 2226 2666 2290 Ρετευιίι
2698 2235 2750 2278 ει
2780 2228 3035 2293 εθιῖιξῖητιι
3068 2232 3309 2284 animum
3339 2247 3400 2286 ΘΧ
3433 2233 3642 2298 Opinio-

408 2319 742 2386 assignatum
779 2334 1024 2383 sensum,
1055 2320 1258 2372 bonum
1294 2318 1552 2382 hominis,
1586 2326 1645 2372 ut
1676 2318 1840 2371 homo
1865 2324 1968 2372 est.

409 2408 502 2461 lllc
534 2424 664 2477 ergo
703 2424 864 2477 quem
900 2410 1218 2478 quaerimus,
1272 2424 1433 2476 quem
1480 2407 1723 2478 perfecte
1755 2408 1968 2461 beatum

411 2499 788 2567 intelligimus,
823 2515 1164 2569 nequaquam
1200 2501 1404 2554 carebit
1451 2500 1772 2554 constantia:
1804 2500 1966 2555 bono.

412 2589 636 2657 Semper
671 2591 836 2657 igitur
866 2601 1125 2647 constans
1178 2595 1328 2666 erit._

593 2703 719 2758 Car.
752 2704 862 2758 νυ.
906 2707 978 2759 De
1021 2709 1547 2772 perturbationibus;
1581 2717 1632 2762 et
1654 2723 1772 2776 qua?

789 2778 1220 2842 perturbationes
1253 2779 1598 2846 appellentur.

484 2885 553 2937 De
584 2895 786 2956 septem
821 2890 1297 2958 complexionibus
1331 2893 1456 2957 illa,
1493 2891 1693 2960 quibus
1721 2905 1969 2961 compre-

415 2977 667 3030 henditur
701 2977 1017 3034 obscuratio
1070 2982 1289 3047 mentis,
1345 2983 1492 3051 quod
1543 2982 1968 3050 quadrupliciter

408 3068 713 3134 contingit,
779 3071 1218 3136 perturbationes
1288 3073 1652 3141 appellantur.
1722 3073 1963 3137 Quarum

407 3157 624 3224 quidem
652 3161 886 3225 pessima
921 3170 1023 3225 est,
1055 3177 1176 3215 cum
1233 3164 1304 3216 ita
1342 3165 1534 3231 placet,
1575 3173 1668 3217 attt
1712 3163 1964 3231 displicet

2075 2326 2142 2364 ne
2173 2315 2453 2378 praeteriti,
2488 2317 2571 2368 vel
2612 2320 2893 2384 praesentis
2925 2321 3072 2384 ma!i,
3101 2321 3299 2374 dicitur
3352 2323 3634 2392 aegritudo.

2074 2403 2203 2469 Qua:
2238 2407 2279 2459 si
2320 2409 2486 2461 nimia
2541 2420 2644 2468 est.
2681 2412 2880 2464 dicitur
2928 2430 3134 2481 angor;
3169 2416 3212 2467 si
3257 2431 3386 2469 vero
3422 2432 3486 2470 ex
3518 2420 3639 2486 Opi-

2076 2503 2238 2558 nione
2275 2501 2607 2572 suscipiatur
2648 2504 2839 2561 futuri.
2877 2509 3079 2560 dicitur
3117 2520 3288 2563 metus
3336 2511 3417 2562 rcl
3452 2513 3634 2564 timor.

2144 2595 2275 2649 ltem
2301 2597 2344 2649 si
2377 2595 2635 2664 Opinione
2664 2600 2918 2666 praeteriti
2955 2601 3032 2654 vel
3058 2603 3338 2668 praesentis
3363 2604 3485 2656 boni
3512 2622 3639 2657 cet:-

2076 2689 2253 2758 tingit,
2289 2689 2454 2741 multa
2490 2689 2708 2757 quidem
2757 2693 3000 2755 nomina,
3059 2709 3246 2760 parum
3300 2695 3632 2756 diﬁerentia,

2072 2788 2132 2832 ut
2164 2779 2372 2837 laetitia.
2397 2780 2737 2848 jucunditas,
2767 2784 3054 2837 delectatio
3093 2796 3147 2837 et
3173 2787 3298 2849 alia,
3328 2787 3421 2839 sed
3458 2803 3557 2840 Sttzt
3585 2805 3639 2841 a-

2074 2879 2162 2922 tur
2194 2870 2378 2923 laetitia
2411 2889 2422 2933 ;
2454 2872 2496 2924 si
2523 2886 2652 2926 vero
2676 2888 2737 2926 ex
2761 2876 3020 2941 Opinione
3049 2875 3213 2929 futuri
3250 2879 3397 2936 boni,
3437 2880 3637 2932 dicitur

2072 2961 2366 3029 cupiditas.
2403 2974 2451 3017 et
2485 2963 2656 3017 libido
2697 2967 2777 3018 vcl
2809 2967 3164 3020 desiderium.
3191 2967 3433 3022 Vertitur
3473 2972 3632 3024 etiam

2072 3053 2124 3104 in
2158 3055 2392 3121 opinatis
2427 3055 2585 3110 bonis
2610 3059 2828 3111 dilectio
2858 3073 2910 3112 et
2943 3076 3116 3112 amor.

2329 3167 2456 3220 CAP.
2485 3168 2576 3223 XI.
2611 3169 3075 3226 Perturbalionnm
3103 3176 3359 3242 deﬁnitio.

407 3251 562 3302 nobis
589 3251 793 3319 aliquid
834 3269 848 3304 :
882 3263 939 3305 ut
971 3268 1093 3307 cum
1143 3254 1530 3308 obscuratione
1558 3257 1756 3308 mentis
1784 3257 1856 3307 sit
1909 3256 1960 3308 in
1990 3240 2033 3300 (ἶ
2139 3275 2477 3332 υρῃηίεηιυτ
2506 3282 2672 3349 igitur
2701 3283 2803 3337 ista
2829 3296 3065 3353 quatuor
3092 3303 3289 3356 genera
3319 3291 3418 3344 sic.
3450 3288 3631 3360 53.3-

407 3341 590 3393 animo
618 3351 670 3394 et
702 3341 837 3396 falsa
866 3344 1053 3411 opinio
1083 3345 1302 3412 objecti,
1333 3356 1386 3398 et
1417 3345 1657 3399 maleﬁca
1693 3346 1761 3398 ad
1798 3359 1963 3414 agen-

405 3429 533 3482 dum
572 3432 840 3487 voluntas.
882 3433 1061 3488 Minus
1094 3451 1220 3490 vero
1256 3436 1396 3489 tnala
1437 3445 1538 3503 est,
1577 3438 1792 3505 quando
1839 3453 1960 3492 cum

404 3524 788 3579 obscuratione
834 3528 1055 3590 mentis,
1102 3544 1266 3581 unum
1319 3529 1658 3597 reliquorum
1694 3528 1958 3582 malorum

404 3615 564 3674 inest.
598 3627 650 3667 et
683 3617 791 3670 alio
845 3619 1062 3673 animus
1106 3629 1283 3673 vacat.
1339 3620 1505 3683 Quod"
1541 3620 1828 3688 dupliciter
1864 3620 1960 3684 ﬁt;

406 3705 492 3756 illa
531 3720 656 3758 iero
688 3708 1027 3772 perturbatio
1066 3707 1350 3762 minimum
1389 3709 1592 3764 malum
1620 3720 1723 3772 est,
1763 3710 1816 3762 in
1853 3724 1960 3778 qua

404 3794 715 3848 obscuratio
773 3798 968 3850 mentis
1002 3812 1121 3851 cum
1173 3815 1306 3853 vera
1340 3802 1608 3855 sententia
1639 3802 1783 3857 illius
1813 3804 1959 3871 quod

403 3885 578 3950 placet
612 3889 691 3942 rel
723 3889 968 3967 oﬂendit,
999 3902 1051 3946 et
1080 3894 1322 3949 beneﬁca
1361 3895 1427 3949 ad
1462 3896 1733 3951 actionem
1765 3899 1958 3951 volun-

401 3986 530 4041 tate,
579 3981 866 4048 conjuncta
901 3996 1005 4036 εει.
1052 3983 1232 4049 Quare
1261 3987 1305 4040 si
1339 3988 1482 4055 quis,
1533 4002 1655 4041 cum
1705 3999 1850 4042 esset
1883 3989 1958 4041 ita

402 4067 716 4135 dispositus,
754 4081 814 4122 ut
845 4073 1150 4127 incurreret
1183 4075 1327 4128 illam
1355 4077 1653 4145 pessimam
1679 4079 1960 4145 perturba-

402 4160 603 4212 tionem
630 4201 645 4225 ,
683 4163 910 4216 mutavit
941 4180 1094 4217 suam
1125 4166 1394 4234 ejusmodi
1439 4169 1856 4238 dispositionem
1892 4171 1957 4222 ad

403 4247 542 4301 hanc
570 4252 1057 4314 perturbationem.
1090 4271 1251 4324 quam
1279 4259 1563 4312 minimum
1600 4261 1800 4314 malum
1835 4275 1958 4316 esse

401 4337 511 4390 diti
547 4357 559 4390 :
599 4355 703 4393 non
734 4356 924 4410 parum
954 4346 1253 4399 melioravit
1290 4364 1444 4401 suum
1479 4351 1744 4403 animum.

561 4454 686 4508 Car.
735 4455 866 4510 V'lll.
911 4457 1034 4512 Tres
1075 4463 1452 4528 complexiones
1487 4465 1700 4530 reliqua:
1734 4466 1802 4516 ad

1026 4530 1147 4596 quid
1175 4533 1349 4584 utiles.

474 4607 693 4665 Restant
742 4625 849 4668 tres
878 4620 1306 4684 complexiones,
1345 4631 1539 4688 praeter
1587 4625 1949 4677 constantiam

396 4717 438 4752 1":
468 4703 914 4770 quadripartitam
942 4709 1427 4774 perturbationem.
1461 4709 1598 4776 Una,
1622 4728 1741 4766 eum
1768 4729 1950 4780 aequa-

400 4796 577 4845 bilitas
615 4797 806 4848 tuentis
863 4798 934 4850 sit
964 4801 1232 4853 associata
1286 4816 1407 4853 cum
1441 4803 1573 4857 falsa
1607 4804 1865 4872 Opinione
1898 4817 1949 4859 et

397 4885 634 4936 mali-lica
670 4887 967 4950 voluntate,
1010 4906 1129 4955 quae
1153 4893 1453 4961 appellatur
1483 4895 1790 4963 elythiotes.
1827 4899 1949 4952 (Ve-

391 4975 585 5032 sauia.)

463 5065 735 5129 Secunda,
769 5084 891 5122 cum
923 5075 1262 5140 aequabilitas
1298 5080 1494 5132 mentis
1527 5081 1660 5133 falsa
1691 5083 1944 5149 Opinione

389 5166 559 5218 (aret,
595 5158 841 5212 maleﬁca
871 5176 996 5214 vero
1023 5165 1298 5220 voluntate
1321 5184 1428 5220 non
1459 5187 1470 5220 :
1501 5185 1621 5238 quas
1643 5174 1944 5239 appellatur

391 5247 613 5300 tralitia.

461 5335 642 5390 Tertia
675 5350 777 5402 est,
803 5357 923 5395 cum
951 5347 1286 5413 mquabilitas
1313 5353 1507 5404 mentis
1533 5366 1676 5407 caret
1701 5358 1937 5410 maloﬁra

386 5425 701 5490 voluntate;
737 5430 896 5484 habet
923 5443 1099 5487 tamen
1139 5438 1206 5490 de
1246 5441 1457 5507 objecto
1504 5442 1691 5496 falsam
1728 5450 1938 5513 Opinio-

385 5531 504 5567 ni-m
542 5535 698 5586 :quaa
733 5521 928 5575 dicitur
954 5525 1110 5578 afelia
1155 5513 1546 5602 (simplicitas).

666 5631 790 5684 CAP.
836 5634 922 5687 IX.
961 5638 1420 5697 I’ertnrbationum
1449 5648 1654 5701 divisio.

453 5719 524 5771 De
555 5725 1056 5787 perturbationibus
1082 5743 1281 5796 autem,
1312 5737 1569 5804 quoniam
1617 5743 1843 5808 quadrtt:
1873 5746 1927 5796 l.'-

381 5811 513 5860 citer
551 5813 850 5878 variantur,
887 5832 936 5868 ut
984 5822 1182 5877 dictum
1211 5840 1326 5889 cs',
1379 5831 1548 5896 prima
1587 5836 1672 5891 sit,
1705 5855 1822 5902 qum
1851 5852 1925 5889 vst

2069 3368 2196 3420 tudo
2232 3378 2316 3422 est
2363 3376 2698 3437 perturbatio
2736 3378 2925 3440 animi,
2963 3395 3027 3431 ex
3061 3380 3316 3446 opinione
3354 3388 3631 3451 praesentis

2065 3456 2148 3508 vel
2183 3460 2440 3525 prmteriti
2476 3462 2625 3525 mali,
2658 3467 2913 3520 mordens
2959 3471 3198 3522 animum
3229 3483 3282 3524 et
3317 3475 3624 3530 dcmittens.

2064 3546 2257 3612 Metus,
2293 3563 2374 3604 est
2409 3557 2749 3621 perturbatio
2806 3560 2972 3612 animi
3012 3577 3077 3614 cx
3122 3566 3378 3631 Opinione
3420 3569 3629 3638 impen-

2065 3638 2247 3693 dentis
2281 3643 2430 3706 mali,
2459 3645 2778 3702 humilitatis
2813 3660 2974 3719 atque
3006 3653 3258 3724 frangens
3286 3660 3550 3726 animum,
3577 3676 3630 3716 et

2065 3747 2346 3788 recesSum
2413 3741 2703 3805 quemdam
2759 3753 2812 3795 et
2857 3744 3033 3811 fugam
3064 3748 3232 3801 animi
3283 3750 3540 3815 efﬁciens,
3577 3769 3628 3808 ct

2063 3824 2128 3875 ad
2159 3815 2699 3884 declinandum°illud
2732 3836 2874 3902 quod
2904 3839 3185 3903 metuitur,
3224 3842 3493 3898 hominem
3526 3850 3625 3899 im-

2063 3915 2288 3982 pellens.
2328 3917 2533 3973 Laetitia
2577 3933 2656 3976 est
2692 3928 3030 3992 perturbatio
3073 3932 3239 3984 animi
3268 3949 3332 3987 ex
3368 3939 3625 4002 Opinl0:tc

2062 4008 2320 4071 praeteriti
2356 4010 2437 4064 vel
2460 4015 2744 4080 praesentis
2766 4017 2888 4071 boni
2917 4037 2932 4083 ;
2966 4024 3120 4088 quasi
3151 4039 3272 4077 cum
3307 4028 3520 4081 animus
3546 4031 3624 4082 ef-

2062 4092 2182 4149 fuse
2210 4100 2472 4164 cxsultat,
2526 4107 2772 4171 quaedam
2823 4111 3073 4180 voluptas
3104 4118 3348 4184 gestiens
3381 4130 3431 4172 et
3456 4122 3617 4185 elata,

2063 4187 2337 4253 perfusam
2378 4191 2705 4251 hilaritatem
2740 4198 3000 4256 efﬁciens.
3060 4204 3253 4261 Libido
3282 4220 3365 4262 cst
3405 4222 3620 4278 pertur-

2062 4277 2208 4331 batio
2249 4283 2438 4344 animi,
2495 4303 2558 4338 ex
2593 4289 2850 4356 opinione
2891 4294 3056 4349 futuri
3093 4299 3240 4363 boni,
3293 4317 3413 4355 cum
3446 4305 3509 4356 ad
3544 4307 3618 4368 id,

2061 4371 2205 4438 quod
2242 4375 2456 4427 videtur
2515 4381 2738 4444 bonum,
2779 4384 3109 4441 inﬂammata
3158 4393 3424 4461 rapiatur.
3484 4398 3621 4450 Sunt

2062 4463 2227 4530 igitur
2251 4467 2590 4536 singulorum
2618 4491 2876 4542 generum
2901 4483 3081 4534 multat
3114 4494 3166 4536 et
3191 4489 3354 4540 varia
3373 4493 3615 4559 species:

1988 4570 2032 4626 ο
2061 4571 2193 4622 quas
2228 4573 2334 4610 non
2372 4571 2456 4615 cst
2491 4570 2860 4622 necessarium
2894 4577 3145 4640 praesenti
3188 4592 3350 4644 Opere
3377 4582 3618 4637 discute—

2059 4663 2136 4708 re,
2174 4650 2266 4701 sed
2309 4660 2516 4707 tantum
2585 4659 2635 4709 in
2697 4663 2777 4713 eis
2827 4667 3122 4719 notandum
3162 4670 3250 4733 sit,
3309 4673 3452 4740 quod
3489 4689 3618 4730 sunt

2057 4739 2298 4806 quasdam
2354 4761 2473 4813 quae
2529 4765 2632 4802 non
2694 4766 2923 4819 possunt
2960 4761 3182 4824 variari,
3250 4779 3345 4830 per
3376 4775 3616 4834 quatuor

2054 4832 2254 4899 gradus
2294 4840 2544 4906 superius
2583 4843 2909 4912 assignatos,
2946 4851 3037 4903 sed
3093 4853 3144 4904 in
3177 4871 3344 4907 unum
3404 4869 3611 4912 tantum

2051 4927 2273 4990 cadunt,
2311 4930 2363 4982 in
2405 4947 2513 4998 quo
2568 4936 2884 4992 obscuratio
2952 4945 3148 4998 mentis
3198 4958 3282 4999 est
3344 4952 3609 5006 associata

2052 5031 2175 5070 cum
2209 5017 2341 5072 falsa
2379 5023 2636 5089 Opinione
2667 5036 2721 5079 et
2753 5031 2992 5083 malefica
3031 5034 3344 5099 voluntate;
3375 5043 3465 5108 qui
3499 5058 3611 5093 mo-

2051 5109 2151 5163 dus
2203 5112 2445 5165 omnium
2479 5124 2594 5168 erat
2646 5121 2942 5185 pessimus.
2973 5124 3131 5180 Tales
3169 5132 3609 5195 perturbationes

2051 5199 2232 5268 itaque
2265 5213 2409 5266 sunt,
2446 5215 2504 5257 ttt
2559 5207 2610 5260 in
2652 5224 2850 5276 genere
2907 5217 3266 5282 aegritudinis.
3304 5223 3603 5277 invidentia

2046 5301 2098 5343 et
2133 5293 2454 5348 obtrectatio
2488 5313 2500 5348 :
2540 5307 2592 5349 et
2625 5299 2678 5351 in
2728 5317 2922 5368 genere
2965 5307 3180 5364 lzctitirr.
3218 5313 3601 5375 malivolentia,

2041 5385 2265 5451 jactatio
2300 5397 2351 5439 et
2388 5392 2638 5453 superbia
2677 5411 2690 5444 :
2747 5395 2797 5446 in
2837 5414 3032 5464 genere
3067 5401 3326 5464 libidinis,
3369 5406 3603 5458 lllllnlt'l-

2043 5477 2135 5535 ιίη,
2168 5478 2461 5534 discordia.
2507 5480 2598 5536 Ha:
2629 5486 2772 5538 enim
2812 5503 2876 5541 ex
2916 5492 3188 5558 opinionis
3220 5510 3426 5555 errore.
3457 5518 3602 5550 scut-

2043 5583 2154 5633 per.
2190 5578 2240 5619 et
2272 5572 2513 5624 maleﬁca
2551 5576 2828 5631 voluntate
2859 5582 3098 5633 animum
3136 5587 3475 5652 perturbant.

2110 5657 2245 5711 Sunt
2266 5662 2389 5713 item
2424 5653 2560 5728 aliae,
2587 5684 2706 5735 qua!
2739 5685 2832 5736 per
2861 5687 3047 5726 omnes
3071 5679 3354 5729 variantur
3381 5684 3600 5745 gradus.

2041 5762 2096 5801 ut
2137 5755 2533 5821 misericordia,
2590 5763 2929 5827 pmuitentia,
2974 5767 3072 5826 ira,
3106 5782 3281 5834 amor,
3336 5781 3385 5822 et
3437 5774 3600 5824 inuri-

2039 5843 2323 5897 IIICl‘allilt'S
2353 5848 2489 5901 :tliit‘.
2515 5850 2667 5916 t‘Tam,
2698 5865 2750 5905 ut
2783 5871 2876 5922 pro
2900 5858 3152 5911 omnibus
3178 5861 3239 5911 de
3274 5877 3375 5914 una
3400 5863 3594 5927 dicant,
