4450 6440
828 344 962 407 1359

1932 354 2326 419 ’ΒΑΗΕᾹΑΜΙ
2355 358 2453 420 DE
2486 361 2910 425 SEMINARIA

3903 360 4048 427 1360

825 476 950 517 cum
986 462 1058 515 sit
1095 462 1472 518 misericordia
1501 465 1764 533 agritudo
1813 469 1981 523 animi
2011 485 2075 524 ex
2121 464 2377 539 op‘i'nrone
2404 474 2448 533 Α
2479 473 2551 527 ita
2584 483 2640 527 ut
2680 490 2807 530 vere
2858 475 3158 544 judicatum
3210 475 3281 531 sit
3320 475 3545 540 bonum,
3577 484 3633 531 et
3673 476 3820 530 acies
3851 475 4049 529 mentis

829 554 1061 610 miseria:
1093 558 1316 611 alterius
1351 557 1552 626 injuria
1583 559 1902 627 laborantis,
1930 569 2106 629 p0test
2140 563 2278 625 ﬁeri,
2322 572 2382 617 ut

828 648 919 714 qui
954 648 1324 715 perturbatur,
1355 664 1451 704 nec
1491 664 1614 705 vere
1644 652 1900 720 opinatus
1933 653 2002 708 sit
2035 655 2103 708 de
2135 655 2278 709 malo
2305 656 2386 709 al-

828 737 1025 802 terius,
1074 755 1172 792 nee
1213 739 1505 794 beneﬁcam
1543 741 1608 795 ad
1664 741 2054 810 adjuvandum,
2103 759 2227 798 cum
2266 759 2388 813 pos-

832 835 939 887 set.
978 828 1307 881 voluntatem
1363 829 1576 884 habeat.
1614 831 1799 888 Potest
1833 844 2014 887 autem
2068 833 2204 897 ﬁeri,
2239 842 2298 887 ut
2331 835 2384 888 in

833 917 1085 984 opinione
1121 918 1264 970 illius
1286 920 1504 981 quidem
1536 924 1676 988 quod
1703 923 2002 990 perturbat,
2029 939 2134 978 non
2165 923 2387 978 falsetur

835 1011 887 1062 in
918 1009 1213 1077 opinando,
1248 1010 1443 1064 habeat
1485 1021 1660 1067 tamen
1694 1015 1758 1067 ad
1792 1014 2156 1082 adjuvandum
2188 1014 2391 1067 beneﬁ-

832 1116 950 1154 cam
1001 1101 1357 1156 voluntatem.
1396 1100 1578 1158 Potest
1607 1120 1733 1159 vero
1787 1105 1924 1167 ﬁeri,
1978 1114 2036 1158 ut
2078 1106 2390 1160 obscuratio

835 1197 1055 1256 mentis.
1091 1194 1143 1248 in
1181 1196 1281 1250 hoc
1309 1195 1598 1261 accidenti,
1627 1207 1679 1251 et
1703 1212 1768 1250 ex
1825 1212 1953 1251 vero
2001 1196 2211 1265 judicio
2258 1213 2388 1266 pen-

835 1285 980 1347 deat,
1011 1296 1061 1339 et
1095 1288 1250 1341 bona:
1288 1288 1546 1342 voluntati
1573 1289 1863 1357 conjuncta
1899 1289 1988 1344 sit.
2022 1289 2176 1354 Quod
2233 1291 2276 1342 si
2335 1291 2390 1343 in

841 1379 1052 1430 actione
1090 1379 1268 1433 valeat
1293 1381 1718 1435 mediocritatem
1758 1396 2104 1446 conservare,
2133 1397 2389 1450 magnum

838 1468 1042 1522 bonum
1079 1481 1181 1524 est.
1216 1471 1358 1525 Idem
1389 1473 1456 1526 de
1493 1474 1594 1537 ira,
1624 1473 1690 1526 de
1720 1473 2058 1542 paenitentia,
2087 1473 2154 1527 de
2187 1486 2391 1536 amore,

839 1573 894 1617 et
924 1564 990 1617 de
1020 1564 1140 1617 aliis
1167 1564 1571 1633 intelligendum
1605 1575 1708 1619 est.
1743 1568 1874 1619 Nam
1907 1565 2179 1634 quaelibet,
2217 1565 2261 1619 si
2296 1563 2396 1618 ob-

842 1654 1086 1707 scuratio
1123 1655 1341 1719 mentis,
1382 1669 1482 1708 nec
1519 1671 1586 1710 ex
1617 1657 1821 1710 erroris
1849 1655 2104 1723 opinione
2153 1655 2396 1708 concita-

843 1753 950 1809 tur,
978 1754 1034 1799 et
1063 1746 1306 1799 maleﬁca
1339 1755 1490 1800 vacat
1525 1746 1825 1810 voluntate,
1857 1757 1908 1798 et
1936 1747 1988 1798 in
2032 1747 2246 1800 actione
2278 1760 2396 1801 me-

2485 565 2550 619 ad
2576 566 2980 634 intelligendum
3008 581 3114 621 non
3143 569 3497 633 obtumlatur.
3520 577 3572 622 et
3594 568 3832 622 beneﬁca
3854 567 4053 621 volun-

2488 662 2572 709 tas
2605 656 2676 710 sit
2706 658 2758 710 in
2783 657 2967 711 animo
3006 675 3020 723 ;
3060 673 3224 726 quam
3257 659 3565 712 dicebamus
3599 672 3719 712 esse
3754 657 4048 725 appetitum

2487 746 2719 801 faciendi
2744 749 2906 816 quod,
2935 758 2990 802 et
3013 763 3117 801 non
3149 748 3519 802 committendi
3556 748 3698 818 quod
3724 761 3831 799 non
3871 746 4048 799 decet.

2490 837 2554 891 Et
2578 839 2679 892 iste
2705 855 2860 893 amor
2886 840 3099 894 dicatur
3155 840 3312 908 primi
3349 839 3548 908 gradus
3595 839 3831 904 desuper
3860 833 4054 901 incipi-

2488 931 2709 986 entibus
2757 950 2772 997 ;
2809 933 3154 1000 postmodum
3202 933 3404 987 relictis
3437 932 3490 986 in
3547 931 3728 984 animo
3763 944 3889 984 vera
3930 943 4055 982 sen-

2492 1021 2660 1076 tentia
2722 1033 2775 1076 et
2806 1025 3042 1079 benefica
3079 1025 3382 1086 voluntate,
3445 1021 3830 1092 caligationem
3861 1033 4056 1087 quam-

2490 1112 2614 1166 dam
2664 1124 2716 1166 et
2769 1115 3207 1170 obscuratiouem
3260 1115 3460 1168 mentis
3505 1115 3559 1167 in
3607 1111 3840 1167 amando
3870 1111 4056 1166 incur-

2495 1213 2577 1255 rat
2615 1223 2626 1255 :
2669 1214 2721 1257 et
2751 1206 2837 1257 hic
2877 1220 3032 1258 amor
3060 1205 3283 1259 secundi
3317 1205 3385 1259 sit
3415 1203 3637 1274 gradus.

2565 1296 2694 1348 Item
2732 1297 2916 1350 relicta
2966 1297 3020 1350 in
3054 1296 3284 1350 amando
3314 1295 3555 1349 beneﬁca
3591 1296 3894 1355 voluntate,
3932 1291 4061 1344 insit

2497 1391 2548 1443 in
2589 1391 2792 1453 animo,
2839 1405 2962 1444 cum
2995 1390 3216 1443 turbido
3249 1398 3396 1443 motu
3477 1389 3702 1450 mentis,
3750 1386 3911 1438 etiam
3964 1383 4062 1436 fal-

2497 1500 2617 1538 sum
2645 1484 2930 1551 judicium,
2957 1483 3028 1536 de
3055 1496 3142 1542 eo,
3171 1481 3315 1549 quod
3355 1490 3570 1534 amatur
3605 1497 3620 1543 ;
3654 1487 3707 1533 et
3737 1477 3808 1532 sit
3868 1476 4062 1543 hujus-

2496 1575 2642 1628 modi
2678 1589 2829 1628 amor
2854 1573 2995 1627 tertii
3042 1573 3261 1642 gradus.
3303 1573 3360 1624 Si
3409 1586 3539 1624 vero
3570 1569 3622 1622 in
3659 1566 3890 1621 amando
3925 1565 4064 1634 judi-

2499 1665 2645 1718 cium
2714 1665 2930 1733 quidem
2983 1679 3173 1719 sanum
3225 1669 3328 1726 est,
3357 1662 3422 1716 de
3449 1661 3541 1714 illo
3597 1659 3741 1728 quod
3795 1665 4005 1710 amatur
4045 1695 4062 1720 ,

2501 1755 2592 1810 sed
2679 1769 2803 1809 cum
2866 1754 3254 1810 obscuratione
3312 1754 3532 1816 mentis,
3581 1751 3745 1804 etiam
3796 1749 3937 1801 inest
3997 1746 4062 1801 ad

844 1837 1185 1891 diocritatem
1212 1839 1593 1902 consequitur,
1631 1851 1884 1905 magnum
1917 1838 2120 1890 bonum
2157 1845 2262 1892 est.
2296 1835 2403 1890 Ha-
2433 1827 2477 1882 Β
2504 1846 2766 1914 agendum
2833 1844 3076 1900 maleﬁca
3119 1845 3393 1905 voluntas,
3453 1857 3575 1911 quae
3633 1849 3751 1893 erat
3793 1839 4065 1907 appetitus

848 1931 940 1983 bet
972 1929 1115 1983 enim
1153 1931 1204 1982 iu
1261 1930 1445 1983 animo
1501 1928 1612 1982 duo
1652 1930 1792 1984 bona
1828 1949 1842 1994 ;
1880 1929 2086 1983 scilicet
2114 1929 2398 1983 veritatem

848 2020 915 2073 de
943 2019 1154 2088 objecta
1184 2035 1262 2084 re,
1303 2029 1353 2073 et
1405 2021 1470 2074 ad
1503 2021 1774 2074 actionem
1807 2019 2107 2074 beneﬁcam
2141 2023 2402 2074 volunta-

851 2122 980 2173 tem,
1010 2112 1285 2179 gignitque
1318 2121 1468 2164 extra
1499 2111 1758 2178 optimam
1812 2113 2102 2164 actionem.
2134 2110 2245 2166 Cur
2275 2125 2402 2165 vero

852 2219 958 2258 non
984 2205 1119 2266 dixi,
1153 2207 1448 2257 maximum
1483 2219 1603 2258 esse
1631 2204 1851 2264 bonum,
1882 2203 1973 2257 sed
2006 2217 2281 2271 magnum,
2312 2217 2406 2271 ap-

851 2297 1061 2365 parebit
1095 2312 1217 2351 eum
1252 2297 1318 2350 de
1349 2297 1671 2350 caustantiis
1699 2298 1910 2351 dixero.

1187 2418 1352 2485 (Car.
1391 2427 1500 2484 XII.
1549 2429 1857 2485 Constantia
1893 2429 2045 2499 quid.

924 2549 1240 2602 Constantia
1270 2547 1472 2615 itaque,
1495 2547 1620 2614 quia
1643 2554 1728 2600 est
1751 2544 2116 2612 tranquillitas
2143 2553 2197 2596 et
2229 2557 2407 2610 aequa-

856 2643 1042 2698 bilitas
1093 2643 1290 2695 mentis
1325 2643 1377 2693 in
1409 2654 1476 2694 eo
1525 2639 1668 2708 quod
1696 2639 1940 2706 judicata
1979 2640 2114 2690 bona
2149 2636 2230 2690 vel
2267 2636 2407 2690 mala

861 2740 1236 2802 aceeptantur,
1287 2742 1339 2786 et
1372 2731 1613 2800 placent,
1642 2731 1724 2782 vel
1776 2729 2064 2799 displicent
2095 2743 2218 2781 cum
2281 2741 2409 2780 vera

858 2826 1153 2888 sententia,
1182 2831 1236 2877 et
1265 2823 1505 2877 beneﬁca
1543 2821 1816 2875 voluntate
1849 2837 1864 2873 :
1899 2818 2076 2872 varias
2105 2827 2160 2870 et
2191 2817 2304 2884 ipsa
2329 2830 2414 2869 se-

859 2919 1097 2973 cundum
1133 2916 1482 2982 temporalem
1517 2913 1831 2966 varietatem
1863 2912 2126 2965 bonarum
2163 2917 2217 2961 et
2249 2908 2414 2960 malo-

865 3025 1007 3073 rum,
1070 3016 1125 3061 et
1173 3005 1461 3059 nonnullas
1519 3003 1656 3056 alias
1704 3001 2020 3055 eorumdem
2079 2996 2414 3052 differentias

863 3109 1042 3165 partes
1079 3097 1258 3152 habet.
1296 3095 1412 3149 Non
1441 3106 1620 3148 tamen
1658 3092 1894 3162 propriis
1943 3089 2258 3144 nominibus
2291 3101 2412 3141 om-

866 3205 962 3244 nes
986 3191 1353 3257 assignantur.
1382 3187 1472 3240 sed
1509 3194 1568 3239 ut
1591 3185 1882 3254 plurimum
1915 3181 2115 3237 eisdem
2150 3195 2274 3232 cum
2300 3193 2418 3245 per-
2442 3169 2487 3232 C

869 3281 1289 3336 turbationibus.
1336 3277 1469 3332 Nam
1503 3279 1548 3332 si
1583 3277 1746 3341 mala,
1788 3290 1909 3343 quae
1946 3281 2258 3327 constanter
2305 3269 2418 3321 dis-

869 3376 1090 3444 plicent,
1140 3373 1410 3442 prwterita
1452 3382 1601 3435 sunt,
1636 3379 1690 3421 et
1725 3386 1755 3420 a
1785 3382 1844 3422 se
1873 3365 2186 3427 commissa,
2220 3361 2418 3415 dicitur

869 3468 1122 3521 similiter
1143 3465 1458 3534 paenitentia
1482 3479 1499 3529 ;
1528 3463 1572 3515 si
1606 3459 1672 3514 ab
1689 3459 1814 3522 alio,
1843 3458 2042 3511 dicitur
2076 3458 2154 3508 ira
2178 3472 2191 3516 ;
2218 3455 2261 3506 si
2293 3466 2421 3507 vero

872 3561 1015 3614 mala
1043 3558 1311 3627 praeterita
1359 3557 1442 3608 vel
1496 3551 1786 3623 praesentia
1839 3549 1958 3602 aliis
2016 3552 2337 3605 evenerunt,
2371 3549 2424 3594 et

873 3656 1018 3721 passi
1057 3653 1294 3715 fuerunt,
1326 3648 1411 3702 vel
1452 3647 1752 3716 patiuntur,
1784 3641 1982 3695 dicitur
2030 3634 2425 3712 misericordia.

875 3749 932 3802 Si
960 3748 1078 3816 ipse
1103 3760 1293 3813 passus
1321 3752 1423 3806 est,
1457 3741 1536 3793 vel
1567 3738 1766 3806 patitur
1795 3734 1931 3786 mala
1958 3749 1971 3796 ;
2009 3731 2052 3786 si
2080 3730 2269 3790 animi,
2299 3726 2431 3780 dici-

881 3822 968 3894 tur
1001 3838 1256 3893 similiter
1291 3831 1610 3903 paenitentia
1645 3828 1726 3880 vel
1781 3823 2192 3885 misericordia;
2224 3821 2268 3874 si
2307 3833 2430 3873 cor-

878 3928 1025 3995 poris
1049 3936 1103 3979 et
1132 3935 1376 3982 externa,
1409 3922 1609 3973 dicitur
1633 3915 1913 3985 patientia.
1941 3912 1994 3965 Si
2022 3927 2146 3965 vero
2171 3909 2352 3963 futura
2379 3917 2433 3961 et

881 4016 1242 4086 impendentia
1271 4022 1421 4076 sunt,
1445 4012 1644 4065 dicitur
1667 4007 1847 4062 cautio
1871 4005 1954 4058 vel
1992 4013 2168 4056 metus
2192 4010 2245 4054 et
2267 4000 2429 4052 timor

880 4113 1174 4182 :equivoce.
1210 4107 1326 4160 Non
1357 4113 1535 4158 autem
1585 4101 1781 4162 diﬁ‘ert,
1825 4098 1869 4152 si
1904 4097 1956 4150 in
2013 4096 2154 4157 istis,
2195 4108 2315 4162 quae
2343 4092 2428 4145 in-

882 4203 1163 4273 emnmoda
1201 4199 1367 4253 Stoici
1401 4197 1607 4258 dicunt,
1642 4192 1776 4246 mala
1801 4206 1898 4244 usu
1939 4187 2215 4243 communi
2242 4182 2428 4251 appel-

884 4272 1104 4360 lantur;
1147 4292 1280 4346 nihil
1309 4290 1450 4344 enim
1480 4288 1582 4341 ista
1609 4283 1887 4339 distinctio
1924 4281 2149 4333 interest
2179 4272 2428 4343 proposi-

885 4402 949 4443 tae
977 4386 1312 4457 qumstionis.

956 4482 1082 4534 Item
1128 4493 1249 4531 cum
1297 4475 1513 4529 animus
1565 4476 1748 4522 noster
1804 4463 1973 4518 sensit
2022 4473 2080 4515 se
2127 4461 2438 4511 constanter

887 4577 1105 4631 fruitum
1158 4570 1238 4623 vel
1273 4571 1539 4621 fruentem
1584 4564 1764 4630 aliquo
1795 4560 1956 4621 bono,
1985 4555 2064 4606 vel
2091 4550 2438 4605 vehementer

887 4671 1128 4729 aeccptat
1161 4660 1389 4714 aliorum
1447 4649 1898 4715 bonum,.dicitur
1937 4641 2230 4699 contentio.
2261 4638 2438 4707 placa—

889 4761 1093 4820 bilitas,
1122 4752 1372 4820 gaudium
1409 4764 1426 4813 ;
1476 4760 1538 4799 ac
1569 4744 1727 4798 etiam
1761 4739 2034 4808 aequivoce
2056 4733 2158 4786 dici
2191 4737 2442 4800 possunt,

887 4866 1005 4920 qua:
1036 4849 1088 4901 in
1141 4845 1300 4898 tertio
1354 4852 1546 4909 genere
1593 4830 2060 4903 perturbationum
2108 4822 2444 4876 dicebantur.

888 4911 940 4996 Si
981 4951 1157 4995 autem
1200 4939 1509 4988 conglanter
1543 4925 1809 4994 appetitus
1868 4918 2035 4972 tendit
2091 4914 2155 4966 ab
2206 4911 2444 4964 futurum

891 5039 1113 5093 bonum,
1150 5029 1349 5082 dicitur
1380 5023 1649 5076 voluntas,
1675 5017 1754 5068 vel
1781 5011 2107 5065 desiderium
2148 5004 2445 5071 mquivoce,

891 5129 942 5178 in
993 5091 1188 5192 quibus
1223 5127 1304 5170 est
1331 5124 1384 5169 et
1422 5128 1565 5180 spes.
1613 5109 1705 5161 Est
1739 5115 1917 5158 autem
1951 5102 2005 5152 iu
2065 5096 2220 5151 bonis
2250 5091 2447 5146 simili-

891 5232 973 5270 ter
1031 5213 1312 5267 dilectiovt
1360 5221 1510 5258 amor
1563 5223 1573 5263 ;
1661 5199 1895 5252 charitas
1927 5206 2052 5246 vero
2137 5186 2342 5256 species
2367 5189 2450 5236 est

895 5305 1201 5362 voluntatis.

940 5425 1070 5479 CAP.
1132 5418 1273 5473 XIII.
1355 5412 1807 5467 f’erturbationum
1875 5414 1922 5457 et
1978 5398 2395 5455 constantiarum

1488 5482 1803 5550 differentia.

972 5612 1037 5665 lit
1077 5618 1252 5662 autem
1281 5613 1476 5674 pateat,
1513 5599 1640 5667 quid
1689 5598 1910 5648 interest
1955 5591 2092 5642 inter
2122 5583 2452 5640 eonstautias

902 5714 952 5756 ct
995 5698 1426 5771 perturbationes
1462 5691 1791 5760 a'quivocas,
1833 5690 2077 5736 sumatur
2140 5692 2303 5730 unum
2359 5689 2454 5742 pro

908 5769 1177 5857 oumibus,
1207 5798 1280 5841 ~ut
1342 5803 1511 5842 amor.
1574 5786 1796 5837 Ametur
1827 5776 1984 5846 igitur
2040 5771 2210 5841 primo
2252 5769 2451 5836 aliquid

2503 1939 2787 1995 omittendi
2842 1939 2986 2008 quod
3025 1939 3199 2001 decet,
3236 1947 3289 1992 et
3347 1935 3716 1989 committendi
3757 1932 3902 2000 quod
3959 1944 4068 1983 non

2502 2033 2654 2088 decet
2689 2049 2703 2084 :
2736 2033 2965 2086 dicatur.
2991 2028 3300 2098 bujusmodi
3331 2043 3486 2082 amor
3535 2026 3715 2096 quarti
3750 2023 3973 2088 gradus.
4007 2020 4065 2074 Si

2504 2137 2632 2178 vero
2653 2132 2706 2176 et
2742 2123 2794 2174 in
2847 2120 3019 2174 tribus
3081 2118 3296 2172 animus
3328 2117 3558 2172 amando
3600 2113 3804 2175 deﬁcit,
3837 2125 3962 2165 cum
3988 2119 4070 2164 est

2505 2218 2558 2270 in
2587 2214 2768 2268 animo
2796 2209 3107 2266 obscuratio
3132 2209 3349 2270 mentis,
3378 2218 3430 2261 et
3482 2204 3726 2260 maleﬁca
3779 2201 3845 2257 ad
3903 2215 4069 2270 agen-

2506 2308 2635 2361 dum
2711 2305 2988 2368 voluntas,
3023 2312 3077 2356 et
3135 2302 3330 2357 falsum
3378 2299 3643 2368 judicium
3701 2295 3768 2349 de
3816 2309 3880 2347 eo
3912 2292 4055 2360 quod

2506 2394 3195 2465 amaturtsithujusmodi
3256 2407 3408 2447 amor
3456 2389 3634 2459 quinti
3700 2390 3922 2457 gradus.
3965 2383 4073 2437 Ma-

2507 2489 2764 2543 nifestum
2805 2486 2986 2554 itaque
3033 2494 3134 2550 est,
3164 2484 3306 2554 quod
3367 2482 3527 2551 primi
3574 2478 3774 2549 gradus
3805 2491 3959 2530 amor
3989 2482 4075 2527 est

2511 2580 2830 2650 simpliciter
2859 2581 3033 2632 bonus
3065 2585 3119 2632 et
3166 2574 3410 2630 omnium
3446 2573 3706 2641 optimus,
3759 2578 3812 2623 et
3846 2565 3992 2621 cadit
4021 2567 4071 2615 in

2511 2671 2838 2738 assignatam
2866 2667 3114 2737 superius
3198 2665 3516 2720 constantia
3548 2661 3932 2714 deﬁnitionem.
3969 2655 4077 2707 Re-

2512 2762 2646 2830 liqui
2686 2777 2817 2814 vero
2871 2768 3107 2829 quatuor
3169 2757 3455 2824 graduum,
3517 2754 3774 2824 quoniam
3807 2753 3859 2804 in
3893 2749 4075 2816 quoli-

2516 2852 2604 2905 bet
2661 2852 2878 2920 ponltur
2925 2848 3238 2902 obscuratio
3291 2847 3512 2908 mentis,
3539 2841 4078 2911 comprehenduntur

2517 2943 2571 2997 in
2633 2957 2831 3011 genere
2875 2940 3364 3010 perturbationum,
3401 2939 3702 2993 secundum
3761 2933 3905 3004 quod
3952 2946 4076 3002 per-

2518 3034 2753 3088 turbatio
2785 3031 3033 3098 superius
3061 3031 3283 3084 deﬁnita
3335 3037 3441 3085 est.

2589 3123 2684 3179 Est
2764 3124 2927 3191 igitur
2983 3122 3227 3176 omnium
3315 3119 3781 3189 perturbationum
3845 3116 4075 3186 Optima,

2521 3231 2644 3286 quae
2689 3213 2931 3269 secundo
2973 3214 3141 3283 gradu
3201 3213 3376 3281 posita
3443 3220 3527 3266 est
3569 3209 3787 3275 ;deﬁeit
3845 3217 4021 3260 tamen
4049 3219 4081 3258 a

2526 3307 2831 3363 constantia
2852 3305 2920 3359 in
2944 3307 3118 3360 tribus
3152 3320 3324 3368 :uno,
3359 3304 3499 3373 quod
3525 3318 3632 3357 non
3666 3308 3948 3356 conservat
3975 3296 4080 3351 cla-

2523 3398 2737 3452 ritatem
2784 3397 2980 3451 mentis
3007 3397 3059 3449 in
3090 3411 3190 3450 suo
3219 3396 3414 3463 rigore,
3446 3395 3586 3447 sicut
3615 3391 3942 3446 constantia.

2632 3489 2903 3552 Secundo,
2925 3489 3071 3556 quod
3125 3487 3442 3542 constantiae
3488 3486 3711 3554 quidem
3770 3483 3928 3537 facile
3979 3488 4084 3542 est,

2528 3595 2750 3652 propter
2793 3581 2997 3636 mentis
3027 3580 3352 3642 claritatem,
3383 3579 3661 3646 imponere
3707 3575 3958 3630 exteriori
3996 3585 4084 3625 ac.

2531 3674 2666 3730 tioni
2699 3673 3126 3727 mediocritatem
3159 3690 3172 3725 :
3223 3671 3324 3738 ipsi
3361 3683 3488 3722 vero
3521 3666 3933 3737 perturbationi,
3958 3679 4086 3733 pro-

2533 3773 2652 3834 pter
2694 3763 2888 3816 mentis
2927 3760 3199 3815 turbidam
3248 3759 3689 3822 commotionem,
3750 3757 3980 3825 idipsum
4017 3754 4087 3805 ita

2536 3856 2694 3912 facile
2729 3871 2837 3911 non
2873 3865 2979 3910 est.

2640 3948 2823 4002 Tertio
2869 3957 3089 4016 superat
3138 3946 3463 4010 constantia,
3493 3945 3633 4013 quod
3671 3945 3721 3996 iu
3752 3957 3815 3996 ea
3847 3940 4089 3994 beneﬁca

2537 4043 2808 4104 voluntas,
2844 4057 3015 4095 euma
3062 4041 3306 4094 claritate
3352 4039 3550 4092 mentis
3603 4047 3656 4090 et
3709 4036 3825 4088 viva
3887 4033 4092 4084 ratione

2541 4134 2791 4202 pendeat,
2826 4143 2907 4187 est
2948 4132 3001 4185 in
3039 4132 3223 4185 animo
3248 4132 3407 4185 insita
3436 4140 3489 4183 et
3524 4141 3864 4195 permanens,
3904 4133 3956 4176 et
3977 4123 4094 4173 ideo

2541 4224 2848 4287 efficacior;
2884 4233 2937 4276 et
2977 4223 3118 4291 quod
3165 4222 3231 4274 ab
3269 4236 3332 4274 ea
3393 4220 3684 4286 prudenter
3711 4215 4096 4284 proﬁciscitur,

2540 4330 2812 4383 nunquam
2837 4314 2900 4366 ad
2940 4313 3308 4380 paenitentiam
3356 4310 3567 4364 adducit
3603 4327 3615 4362 :
3655 4307 3742 4361 illa
3772 4321 3898 4360 vero
3935 4306 4102 4357 bene-

2544 4408 2641 4459 fica
2697 4405 2972 4468 voluntas,
3023 4419 3145 4470 quae
3183 4410 3265 4455 est
3314 4403 3364 4455 in
3423 4399 3857 4468 perturbatione,
3907 4410 4029 4449 cum
4073 4409 4102 4447 a

2463 4505 2514 4564 1)
2541 4496 2822 4564 repentino
2847 4504 2898 4547 et
2938 4494 3250 4547 turbulento
3270 4503 3414 4544 motu
3437 4499 3709 4550 causatur,
3735 4486 3914 4540 sedata
3946 4499 4097 4537 men—

2547 4599 2601 4643 te
2658 4602 2797 4653 saepe
2842 4595 3018 4639 cessat
3060 4595 3112 4637 et
3159 4569 3295 4650 ipsa.
3340 4580 3455 4633 Non
3504 4581 3644 4632 enim
3677 4579 3837 4631 insita
3872 4585 3973 4635 est,
4005 4590 4100 4627 nec

2548 4677 2777 4734 vinculis
2847 4675 3073 4730 rationis
3103 4670 3587 4741 constringitur.Et
3624 4670 3744 4722 ideo
3798 4683 3938 4736 sape
3969 4681 4104 4720 con-

2553 4769 2731 4837 tingit,
2762 4775 2820 4820 ut
2865 4765 3008 4835 quod
3057 4773 3200 4818 recte
3226 4774 3279 4817 et
3303 4761 3642 4816 laudabiliter
3673 4759 3872 4812 factum
3922 4757 4108 4818 fuerit,

2550 4875 2670 4914 eum
2705 4857 2878 4911 nubes
2910 4855 3220 4919 recesserit,
3257 4854 3512 4920 paeniteat
3534 4851 3806 4903 hominem
3842 4852 3940 4901 hoc
3963 4848 4104 4899 idem

2547 4950 2740 5004 fecisse
2775 4966 2787 5001 :
2820 4948 2957 5001 sicut
2986 4947 3038 4999 in
3071 4944 3451 4999 misericordiis
3476 4956 3862 5009 nonnunquam
3891 4939 4108 4991 accidit.

2691 5041 2921 5107 Quintus
2947 5037 3205 5104 vero,qui
3245 5036 3454 5101 positus
3483 5034 3583 5087 fuit
3613 5033 3828 5100 gradus,
3860 5037 3942 5084 est
3971 5031 4108 5081 simo

2552 5134 2760 5203 pliciter
2786 5133 2977 5188 malus.
3009 5139 3060 5183 et
3091 5130 3334 5182 omnium
3379 5127 3666 5194 pessimus.
3716 5122 3860 5176 Nihil
3891 5122 4034 5174 enim
4057 5121 4112 5174 in

2548 5237 2613 5274 eo
2653 5221 2774 5272 boni
2804 5227 2904 5272 est.
2937 5217 3149 5270 Tertius
3173 5226 3226 5270 et
3248 5225 3470 5284 quartus
3492 5213 3784 5267 secundum
3816 5211 3956 5279 quod
3986 5225 4116 5278 par-

2555 5313 2743 5382 ticipes
2813 5310 3084 5365 suntboni
3116 5309 3196 5362 vel
3229 5308 3375 5370 mali,
3405 5313 3529 5360 sunt
3587 5304 3832 5358 laudandi
3857 5305 3934 5356 vel
3971 5305 4112 5354 vitu-

2554 5402 2800 5472 perandi.
2844 5400 2900 5454 Si
2951 5413 3078 5452 vero
3117 5404 3326 5466 oportet
3377 5411 3404 5448 a
3457 5394 3694 5464 pessimo
3741 5395 4110 5460 expositorum

2559 5495 2822 5564 graduum
2860 5489 3305 5559 perturbationis,
3347 5485 3611 5555 gradatim
3649 5494 3701 5538 et
3731 5499 3838 5537 non
3895 5493 4116 5550 repente

2559 5586 2622 5638 ad
2654 5582 3011 5639 constantiam
3057 5578 3388 5632 ascendere:
3417 5577 3592 5646 primo
3621 5573 3973 5628 subtrahatur
4003 5585 4121 5623 ma-

2559 5676 2711 5731 leﬁca
2741 5675 2987 5727 voluntas
3016 5671 3092 5722 vel
3123 5671 3253 5722 falsa
3278 5670 3462 5736 Opinio
3491 5685 3503 5717 :
3532 5675 3586 5720 et
3610 5666 3729 5719 istis
3761 5664 3912 5732 prius
3939 5662 4122 5714 detra-

2565 5770 2690 5831 ctis,
2734 5776 3007 5836 postremo
3063 5763 3411 5815 subtrahatur
3444 5758 3641 5812 mentis
3681 5753 4035 5812 obscuratio:
4070 5761 4125 5806 et
