4450 6440
811 407 944 472 1363

1629 411 2012 470 BARLAAMi
2066 411 2355 469 ETHICA
2404 368 2809 472 SECUNDUM
2858 413 3219 498 STOICOS.

3861 413 3989 477 1364

804 523 904 595 diri
964 519 1155 575 nullum
1188 521 1635 590 perturbationem
1673 523 1790 577 sine
1827 525 2022 578 mentis
2077 524 2339 578 obscura-
2373 532 2419 586 Α
2453 527 2635 594 gendis
2655 526 2851 595 aliquis
2874 541 2979 580 non
3015 528 3276 590 incurrat,
3307 524 3481 580 danda
3509 523 3580 581 sit
3610 523 3735 579 talis
3758 525 3938 592 regula
3969 540 3985 577 :

804 590 946 663 tioue
968 627 1102 675 esse,
1126 626 1438 680 omnemque
1478 615 1785 669 constantia
1809 615 2101 677 adversari,
2132 603 2196 668 et.
2225 617 2358 670 sitn-

805 700 1011 766 pliciter
1038 716 1151 755 esse
1171 703 1349 756 animo
1373 704 1723 758 evellendam.
1755 703 1811 757 Si
1836 719 1941 772 qua
1964 706 2104 759 enim
2131 713 2210 758 est
2239 706 2354 760 ani-

807 790 876 840 mi
910 792 1209 852 commotio,
1245 791 1310 844 de
1335 807 1436 859 qua
1469 795 1578 847 haec
1614 793 1716 847 dici
1749 808 1855 847 non
1888 804 2132 862 possunt,
2179 793 2268 847 illa
2295 794 2350 846 in

809 879 890 932 bis
924 879 1068 932 libris
1099 896 1201 932 non
1237 881 1529 947 appellatur
1581 880 1932 948 perturbatio.

867 993 988 1045 CAP.
1023 991 1158 1043 XIV.
1195 991 1268 1044 De
1297 993 1683 1059 perturbatione
1717 992 2057 1060 Theophrasti
2087 994 2306 1048 oua'stio

1472 1063 1686 1128 duplex.

881 1165 1071 1230 Nempe
1121 1168 1185 1221 de
1237 1169 1630 1235 perturbatione
1664 1168 2044 1238 TbeOpltrastl,
2085 1186 2203 1239 qua:
2237 1184 2342 1224 non

811 1244 1119 1309 adversatur
1147 1259 1478 1316 constantiae,
1509 1259 1616 1310 duo
1641 1269 1766 1312 sunt
1796 1261 2099 1327 quaerenda.
2123 1259 2298 1314 Unum
2327 1278 2342 1312 :

810 1343 992 1399 Utrum
1045 1348 1303 1416 contingit
1341 1349 1537 1402 homini
1576 1350 1882 1417 aliquando,
1916 1365 1981 1403 an
2031 1353 2346 1417 nunquam?

809 1436 961 1487 Aliud
994 1454 1006 1488 :
1048 1434 1232 1488 Utrum
1268 1438 1406 1490 cadit
1433 1439 1483 1490 itt
1515 1438 1727 1506 beatum
1748 1479 1762 1503 ,
1793 1454 1858 1492 an
1887 1441 2033 1492 non?
2061 1439 2190 1493 Nam
2219 1455 2342 1494 cum

811 1524 1145 1578 deﬁnitiones
1192 1526 1583 1585 obscuratiopis
1645 1534 1697 1578 et
1739 1526 2118 1591 aequabilitatis
2147 1524 2344 1578 mentis

814 1615 1054 1679 superius
1110 1618 1214 1666 sint
1263 1615 1575 1678 descriptze,
1623 1615 1741 1680 jure
1793 1614 2059 1667 dubitabit
2104 1614 2340 1680 aliquis.

815 1715 994 1755 utrum
1031 1712 1201 1769 potest
1230 1692 1540 1770 contingere
1565 1702 1616 1754 in
1643 1693 1822 1755 animo
1854 1701 2066 1756 turbida
2097 1717 2339 1757 commo-

816 1792 911 1852 tio,
940 1808 1056 1859 qua:
1084 1806 1176 1845 nec
1201 1791 1492 1845 detinitioni
1521 1791 1915 1846 obscurationis
1943 1793 2135 1847 mentis
2165 1793 2217 1845 in
2243 1792 2342 1845 ali-

818 1897 927 1950 quo
969 1882 1345 1944 communicet,
1424 1895 1518 1934 nec
1567 1881 1925 1935 deﬁnitionem
1981 1882 2351 1948 aquabilitatis

820 1971 1015 2023 mentis
1044 1971 1093 2021 in
1120 1970 1296 2037 aliquo
1343 1984 1448 2022 non
1503 1969 1701 2022 ltedat?
1750 1971 1828 2022 An
1881 1970 2211 2036 impossibile
2253 1970 2353 2023 ltoc

820 2061 945 2114 est?
994 2059 1158 2126 Cujus
1214 2059 1526 2126 quaestionis
1566 2060 1839 2112 veritatem
1885 2059 2055 2126 magis
2123 2059 2354 2111 arbitror

822 2162 975 2212 posse
1011 2147 1250 2214 intelligi,
1299 2147 1342 2199 si
1376 2149 1498 2214 quis
1550 2148 1825 2215 passiones
1847 2148 2010 2199 animi
2054 2147 2136 2201 sui
2183 2146 2352 2214 respi-

823 2237 945 2295 tziet,
981 2250 1136 2300 quant
1169 2235 1212 2288 si
1252 2236 1837 2301 pendemonstrationis
1868 2237 2024 2290 verba
2050 2246 2320 2301 sequatur.

893 2322 964 2371 Ad
995 2320 1282 2373 secundum
1338 2337 1463 2376 Vt‘l‘O
1513 2322 1856 2377 mauit‘esﬂum
1901 2335 1982 2378 est
2029 2326 2213 2393 procul
2255 2326 2354 2378 du-

826 2403 1092 2472 bitt,qttod
1119 2406 1160 2457 si
1203 2421 1304 2472 qua
1332 2415 1413 2460 est
1471 2410 1760 2463 commotio
1814 2411 1979 2463 animi
2038 2412 2356 2466 cdttstantia‘.

829 2493 1020 2546 urentis
1069 2511 1170 2547 non
1193 2510 1490 2564 repugnans
1534 2514 1548 2549 :
1592 2497 1704 2551 sive
1759 2499 2059 2566 passionem
2091 2501 2201 2554 sive
2235 2515 2356 2568 per-

831 2585 1182 2637 turbationem
1216 2585 1342 2636 velit
1377 2587 1494 2653 quis
1522 2601 1638 2638 eam
1697 2588 1981 2655 appellare;
2059 2591 2203 2643 nullo
2239 2603 2356 2643 m0-

829 2674 895 2725 do
931 2674 1304 2725 beatitudinem
1356 2676 1516 2728 ltedit.
1553 2676 1654 2730 Sed
1710 2678 1753 2730 si
1782 2681 2080 2733 voluntaria
2109 2695 2214 2733 non
2246 2689 2349 2758 est,

830 2763 968 2814 sicut
1019 2763 1185 2816 tumes
1244 2771 1298 2816 et
1349 2766 1486 2826 sitis,
1540 2767 1833 2821 secundum
1890 2766 2354 2836 Theophrastum,

834 2867 928 2903 nec
959 2853 1020 2903 ad
1053 2854 1276 2907 virtutes
1312 2869 1406 2906 nec
1436 2856 1498 2906 ad
1539 2856 1660 2908 vitia
1696 2857 1908 2924 penitus
1940 2859 2191 2923 pertinet.
2216 2858 2358 2922 Qua-

837 2941 879 2993 si
906 2941 1110 2993 dicatur
1147 2958 1158 2991 :
1220 2945 1263 2996 si
1296 2944 1458 2997 nimia
1508 2955 1603 2998 est.
1643 2948 1771 2998 vitio
1800 2949 1974 3000 danda
2004 2959 2087 3001 est
2119 2966 2134 3010 ;
2175 2949 2217 3000 si
2247 2963 2358 3000 me-

837 3027 1050 3088 diocris,
1109 3029 1289 3080 virtuti
1326 3034 1520 3097 ;cujus
1567 3033 1709 3083 enim
1770 3035 2017 3088 voluntas
2051 3043 2233 3086 nostra
2261 3034 2360 3086 do-

838 3117 979 3168 mina
1020 3132 1120 3169 non
1149 3127 1268 3180 est,
1303 3118 1426 3172 illud
1490 3121 1928 3187 qualitercunque
1971 3123 2248 3189 contingit,
2271 3137 2369 3176 nec
2393 3109 2466 3177 C,

837 3207 1048 3258 beatqu
1085 3221 1180 3259 nec
1206 3208 1454 3260 miserum
1486 3208 1614 3261 facit
1661 3225 1674 3270 ;
1721 3221 1776 3263 ut
1805 3211 1855 3261 iu
1914 3212 2082 3278 primo
2115 3213 2250 3265 libro
2281 3228 2370 3267 os-

839 3303 1045 3345 tensum
1075 3303 1154 3347 est
1187 3331 1199 3346 .
1248 3295 1300 3348 Si
1335 3311 1456 3350 vero
1488 3297 1783 3352 voluntaria
1840 3309 1920 3354 est
1948 3311 2000 3354 et
2028 3302 2288 3370 contingit
2318 3305 2369 3355 itt

839 3399 900 3434 eo
929 3422 942 3444 ,
966 3385 1104 3449 quod
1143 3385 1338 3450 aliquid
1382 3387 1552 3452 placet
1584 3388 1659 3440 vel
1688 3388 1934 3457 displicet
1959 3431 1974 3454 ,
2012 3391 2310 3458 pendetque
2336 3409 2364 3445 a

839 3488 959 3522 veru
1003 3475 1193 3538 objecti
1254 3477 1513 3528 sententia
1549 3488 1594 3530 ct
1622 3477 1852 3533 benefica
1890 3479 2179 3544 voluntate,
2216 3492 2375 3550 atque

844 3578 1062 3614 acumen
1093 3565 1282 3618 mentis
1313 3567 1363 3617 iu
1395 3567 1572 3630 aliquo
1600 3584 1702 3620 non
1728 3569 2019 3623 deteriorat
2054 3591 2067 3634 ;
2103 3587 2198 3624 nec
2228 3581 2368 3625 tran-

845 3651 1158 3718 quillitutem
1212 3657 1450 3708 concutit
1481 3697 1496 3718 ,
1525 3658 1682 3710 etiam
1739 3661 1815 3712 sic
1850 3659 2252 3724 TlreOpltrastus
2283 3677 2374 3714 no-

848 3743 985 3795 nzine
1013 3751 1217 3796 tantum
1244 3746 1507 3812 discrepat
1543 3762 1567 3797 a
1617 3747 1812 3800 Stoicis
1841 3766 1855 3811 ;
1888 3749 2029 3802 illam
2057 3750 2195 3802 enim
2235 3765 2368 3810 rem,

844 3849 1000 3897 quam
1032 3849 1127 3886 nos
1162 3836 1471 3888 laudabilem
1505 3848 1767 3904 putamus.
1808 3846 1859 3890 et
1885 3839 2145 3904 pertinere
2172 3839 2234 3890 ad
2262 3840 2384 3892 bea-

846 3926 1118 3977 titudinem
1152 3928 1497 3990 arbitramur,
1549 3939 1597 3978 et
1650 3929 2000 3980 Constantiam
2031 3928 2380 3996 appellamus,

846 4017 1081 4067 eaut-lem
1113 4017 1198 4069 ille
1225 4018 1670 4083 perturbationem
1704 4018 1920 4072 abusive
1951 4019 2200 4085 appellat.
2242 4016 2374 4070 Nam

850 4119 985 4168 smpe
1017 4104 1291 4170 contingit,
1313 4105 1474 4171 quod,
1511 4119 1628 4158 cum
1652 4104 1975 4159 disserentes
2000 4105 2174 4173 aliqua
2199 4105 2261 4157 de
2287 4105 2353 4156 ali
2372 4131 2388 4146 -

851 4207 956 4256 quo
988 4194 1354 4245 ttztirersallter
1395 4193 1681 4260 prrdicaut
1731 4192 2040 4247 aﬂirmative
2082 4193 2158 4246 vel
2189 4193 2386 4261 negati-

854 4296 952 4340 ιο.
991 4283 1257 4333 :tttditnres
1305 4281 1346 4334 si
1377 4282 1606 4334 viderint
1663 4282 1942 4350 praedicata
1975 4296 2076 4335 non
2116 4281 2384 4344 omnibus,

854 4387 968 4429 quo
997 4373 1096 4422 sub
1123 4371 1335 4422 nomine
1379 4369 1601 4438 subjecti
1638 4379 1782 4434 sunt,
1812 4382 2108 4435 congruere
2140 4410 2152 4432 ,
2196 4376 2385 4438 putant

852 4458 968 4508 ill-ts
997 4441 1390 4526 tuentiripipsi
1427 4457 1592 4526 magis
1614 4457 1816 4525 decepti
1879 4458 2187 4515 ignorantes
2229 4470 2384 4509 usum

852 4546 1133 4597 verborum
1192 4546 1592 4600 disserentium.
1638 4542 1767 4598 Nam
1839 4544 1883 4599 si
1929 4544 2278 4612 disputantes,
2322 4542 2387 4596 ad

856 4637 973 4690 illas
1001 4647 1200 4692 tantum
1222 4653 1306 4694 res
1363 4653 1552 4693 nomen
1589 4637 1812 4706 subjecti
1850 4637 2163 4700 extendunt,
2193 4635 2390 4703 quibus

859 4726 1141 4792 praedicata
1177 4727 1500 4780 conveniunt
1533 4763 1547 4789 ,
1577 4739 1755 4780 verant
1786 4738 1904 4780 esse
1946 4738 2132 4779 eorum
2177 4731 2392 4778 senten-

859 4821 984 4872 tiam
1013 4829 1227 4868 necesse
1270 4827 1370 4870 est.

933 4906 1002 4960 Ut
1035 4903 1191 4974 igitur
1225 4905 1378 4958 talem
1424 4905 1782 4971 deceptionem
1827 4901 1876 4953 iu
1929 4899 2048 4954 istis
2083 4901 2280 4960 nostris
2314 4901 2390 4958 le-

2455 614 2511 666 ln
2585 627 2902 681 quacunque
2964 614 3251 668 universali
3306 614 3668 682 propositione
3726 612 3992 667 videbitur

2453 704 2635 767 alicui,
2665 718 2769 758 non
2809 705 3056 758 omnibus
3092 746 3105 768 ,
3134 720 3251 774 qua:
3286 711 3502 760 nomine
3524 705 3754 773 subjecti
3785 704 3993 770 signiti—

2451 799 2660 856 cantur,
2715 792 3054 860 prtedicatum
3099 805 3394 861 congruere
3438 807 3453 844 :
3528 793 3663 847 sciat
3699 806 3796 845 nos
3843 805 3992 844 more

2453 879 2756 934 Stoicorum
2786 881 2839 933 in
2869 881 2976 934 illis
3007 889 3214 934 tantum
3247 881 3406 935 rebus
3455 880 3532 935 uti
3566 882 3786 933 nomine
3813 878 3996 946 subje-

2447 968 2554 1028 cti,
2595 967 2788 1036 quibus
2844 967 3188 1034 praedicatum
3222 966 3331 1021 fere
3383 976 3681 1032 coaptatur.
3710 963 3767 1017 Si
3815 963 3996 1031 plures

2447 1068 2573 1109 vero
2601 1069 2708 1117 res,
2726 1054 2909 1108 eodem
2933 1054 3169 1114 nomine.
3197 1052 3490 1106 secundum
3523 1053 3656 1106 alios
3689 1052 3997 1120 signiﬁcau-

2447 1154 2550 1208 tur,
2583 1146 2779 1214 quibus
2814 1144 3154 1213 praedicatum
3183 1144 3359 1198 inesse
3377 1146 3481 1197 non
3537 1151 3739 1210 potest;
3772 1141 3904 1193 nihil
3927 1139 3991 1192 ad

2441 1237 2682 1291 Stoicos!
2707 1238 2845 1290 sicut
2869 1250 2965 1289 nec
3006 1236 3071 1288 ad
3110 1245 3410 1303 geometras
3438 1233 3786 1300 ’estaliqnid,
3828 1233 3994 1285 sialia

2445 1342 2551 1390 res,
2579 1335 2767 1393 praeter
2792 1328 2856 1378 ab
2887 1327 2965 1379 eis
2990 1325 3286 1388 deﬁnitam,
3321 1323 3563 1378 ett-culus
3592 1322 3912 1392 appellatur.

2515 1458 2643 1512 Car.
2707 1454 2816 1510 XV.
2879 1455 3211 1509 Perturbett’o
3265 1472 3331 1509 an
3375 1456 3580 1508 omnino
3628 1453 3908 1508 evellenda.

2510 1588 2864 1642 Resumentes
2916 1587 3098 1654 igitur,
3182 1585 3248 1640 de
3295 1585 3790 1654 perturbationibus
3840 1585 3980 1638 dici-

2443 1691 2581 1739 mus,
2607 1675 2860 1744 quoniam
2893 1676 3034 1729 illam
3061 1676 3479 1730 commotionem
3514 1675 3979 1740 perturbationum

2444 1774 2497 1823 in
2533 1768 2614 1822 bis
2643 1768 2989 1836 appellamus,
3025 1768 3079 1819 in
3124 1781 3228 1834 qua
3257 1781 3407 1820 mens
3448 1779 3478 1819 a
3513 1767 3814 1818 constantia
3843 1778 4000 1830 egre-

2450 1855 2615 1919 ditur,
2635 1847 2698 1908 et
2738 1855 3075 1916 obscuratur,
3102 1862 3156 1906 et
3183 1867 3408 1907 acumen
3439 1852 3768 1917 intelligendi
3799 1853 3992 1905 obtun-

2451 1945 2615 2005 ditur,
2646 1941 2996 1996 manifestum
3036 1950 3138 2004 est,
3169 1940 3313 2009 quod
3344 1954 3452 1992 non
3483 1950 3566 1994 est
3598 1941 3883 1995 resecanda
3913 1939 3998 1991 vel

2453 2033 2796 2092 moderanda,
2847 2031 2938 2084 sed
2992 2030 3204 2097 penitus
3256 2027 3546 2081 evellenda.
3601 2027 3734 2080 Nam
3807 2029 3860 2080 in
3894 2029 4001 2080 illis

2453 2133 2594 2176 recte
2627 2122 2972 2175 mediocritas
3025 2119 3302 2186 quaeritur,
3367 2119 3419 2170 in
3473 2117 3670 2183 quibus
3712 2126 4000 2183 utrumque

2452 2209 2865 2278 vituperandum
2920 2217 3022 2272 est,
3058 2216 3113 2261 et
3168 2208 3331 2260 nimis
3369 2207 3740 2268 abundare,et
3785 2205 3997 2272 penitus

2455 2313 2656 2354 carere.
2693 2298 2795 2353 Sed
2849 2297 3246 2366 perturbatione
3311 2311 3526 2360 vacare,
3567 2305 3619 2348 et
3677 2295 3896 2348 minime
3968 2309 3998 2346 a

2453 2370 2753 2446 constantia
2777 2389 2978 2456 egredi,
3005 2398 3056 2442 et
3112 2401 3334 2440 acumen
3380 2386 3570 2439 mentis
3619 2384 3838 2436 illaesum
3873 2396 4002 2435 cou-

2456 2495 2690 2544 servare,
2731 2496 2930 2549 magnze
2985 2479 3122 2531 laudi
3155 2477 3388 2530 dandum
3423 2485 3523 2530 est.
3571 2473 3811 2527 Conatus
3867 2488 4004 2541 ergo

2456 2581 2657 2633 noster,
2707 2564 2812 2624 non
2835 2569 2901 2622 ad
2947 2567 3329 2636 atnputandatn
3395 2564 3872 2634 perturbationem,
3907 2562 4002 2616 sed

2456 2662 2676 2714 omnino
2729 2658 3121 2727 exstirpandam
3156 2656 3466 2725 dirigendus
3494 2665 3597 2709 est.

2513 2793 2639 2847 Car.
2677 2790 2805 2844 XVI.
2842 2791 3260 2843 Perturbatt’onu
3283 2805 3403 2841 num
3430 2788 3706 2854 exstirpari
3733 2789 3953 2853 possint.

2530 2902 2666 2966 Quia
2697 2916 2820 2953 vero
2859 2899 3115 2968 possibile
3139 2910 3242 2960 est,
3283 2885 3886 2951 deinde'ostendendum
3911 2899 4004 2950 sit.

2462 2991 2663 3058 Duplex
2713 2999 2795 3042 est
2837 2989 3040 3056 opinio,
3067 3003 3184 3054 qute
3239 2988 3514 3054 perturbat
3551 2988 3807 3040 animum.
3866 2987 4004 3049 luta,

2467 3095 2570 3147 qua
2596 3079 2863 3146 opinatur,
2894 3077 3095 3144 aliquid
3127 3075 3537 3136 transeuntium,
3563 3083 3614 3127 et
3637 3075 3842 3128 noviter
3868 3077 4007 3128 ima-

2473 3167 2727 3238 ginationi
2778 3165 3144 3224 incidentium,
3205 3165 3402 3218 bonum
3465 3164 3547 3217 vel
3604 3164 3801 3216 malum
3861 3179 4006 3226 esse.

2471 3272 2593 3311 cum
2641 3257 2753 3311 suis
2787 3254 3241 3316 circumstantiis,
3277 3269 3394 3322 quae
3441 3263 3498 3306 ut
3541 3255 3830 3322 plurimum
3878 3253 4008 3305 [ιιι-Α

2471 3357 2551 3399 est
2589 3363 2601 3399 :
2641 3356 2730 3397 aut
2773 3344 2912 3398 enim
2971 3360 3074 3396 non
3127 3353 3282 3408 bona,
3310 3346 3446 3396 bona
3487 3360 3502 3407 ;
3539 3352 3652 3407 aut,
3676 3359 3792 3410 qua:
3847 3358 4006 3408 parva

2474 3446 2617 3497 sunt,
2657 3450 2844 3504 magna
2892 3434 3238 3488 aestimantes.
3279 3432 3527 3486 Similiter
3575 3446 3628 3486 et
3669 3435 3735 3486 de
3765 3433 3918 3485 malis
3953 3444 4006 3483 ut

2475 3525 2762 3592 plurimum
2796 3522 3192 3590 perturbantur.
3248 3521 3362 3573 Alia
3394 3531 3495 3581 est,
3545 3535 3649 3588 qua
3681 3520 3890 3571 videtur
3923 3534 4010 3572 re-

2474 3623 2616 3667 ctum
2669 3627 2804 3676 esse,
2840 3618 2898 3664 ut
2924 3611 3310 3678 perturbetur:
3378 3625 3494 3676 qua:
3557 3625 3827 3678 nunquam
3887 3624 4011 3661 vera

2476 3717 2595 3756 esse
2643 3708 2833 3768 potest.
2884 3699 3007 3751 Sive
3055 3697 3196 3751 enim
3227 3698 3422 3750 bonttm
3477 3705 3578 3759 est,
3630 3701 3758 3770 .s'tve
3813 3696 4009 3748 malum

2479 3792 2620 3858 quod
2650 3791 2854 3851 incidit,
2888 3789 3028 3842 nulla
3086 3787 3222 3840 ratio
3255 3795 3358 3849 est,
3386 3797 3443 3838 ut
3503 3788 3620 3838 ideo
3659 3796 3862 3838 tantum
3897 3801 4008 3837 rna-

2481 3880 2588 3930 Ium
2621 3877 2778 3930 menti
2814 3875 3088 3928 inferatur:
3118 3888 3290 3942 neque
3327 3881 3530 3926 rectum
3562 3873 3668 3924 ullo
3707 3885 3862 3939 pacto
3893 3887 4014 3924 esse

2481 3977 2673 4035 potest,
2706 3975 2760 4016 ιιι
2798 3976 3008 4032 propter
3042 3966 3141 4016 alia
3181 3978 3514 4031 quaecunque
3559 3962 3693 4014 mala
3735 3962 3811 4014 vel
3872 3961 4010 4012 bona

2485 4059 2839 4124 turpilicetur,
2895 4054 3037 4121 quod
3079 4055 3130 4106 in
3167 4055 3319 4108 nobis
3373 4052 3873 4127 prastantissimum
3907 4060 4011 4105 est.

2485 4146 2644 4201 Bonis
2676 4145 2817 4198 enim
2858 4145 3150 4197 custodiant
3177 4180 3192 4205 ,
3237 4143 3391 4196 malis
3439 4144 3673 4196 remedia
3724 4159 3827 4196 non
3851 4146 4012 4205 mala,

2484 4245 2535 4287 et
2586 4233 2846 4302 prtecipue
2901 4230 3093 4299 quibus
3127 4245 3276 4284 mens
3327 4229 3554 4295 laditur,
3624 4233 4013 4287 admovendt'm

2487 4332 2587 4380 cst.
2621 4323 2785 4392 Igitur
2808 4319 3059 4391 quoniam
3082 4317 3227 4374 falsae
3273 4319 3552 4390 opiniones
3586 4330 3728 4390 sunt,
3753 4315 3867 4388 qua:
3897 4321 3982 4374 anl

2419 4411 2602 4468 Dmos
2664 4411 2836 4486 solent
2897 4411 3241 4478 perturbare,
3291 4408 3357 4462 de
3397 4407 3826 4486 ,quibuscun'quo
3889 4424 4012 4461 vero

2492 4499 2625 4555 false
2664 4499 2970 4569 opinamur,
2997 4497 3328 4566 impossibile
3380 4507 3461 4552 est
3491 4503 3698 4552 rectum
3725 4505 3784 4568 et
3829 4512 4012 4552 verum

2491 4587 2686 4642 habere
2729 4587 2987 4656 judicium
3029 4603 3042 4640 :
3101 4585 3444 4640 manltestum
3503 4594 3604 4651 est,
3653 4584 3792 4639 ound
3832 4584 4023 4638 delt-tis

2491 4676 2672 4731 animo
2700 4676 2800 4730 illis
2829 4675 3190 4742 opinionibus,
3246 4683 3300 4728 ct
3323 4674 3585 4730 sententia
3642 4673 3872 4728 tohliter
3902 4687 4024 4726 mu.

2491 4772 2617 4830 tata,
2647 4764 2775 4817 nihil
2797 4763 3298 4832 relinquitur,-quod
3333 4763 3564 4815 animum
3597 4770 3768 4815 valeat
3815 4770 4019 4829 pertur-

2492 4855 2638 4932 bare.
2701 4849 2959 4904 Possibilc
2995 4857 3222 4919 ergoest
3254 4848 3746 4918 perturbationibus
3780 4841 4014 4902 .vacare.
