4450 6440
828 379 960 439 i367

892 494 922 556 ἠ
957 490 1270 560 ἐγκράτεια,
1305 489 1390 544 Η.
1429 493 1653 554 Διπλοῦς
1677 496 1822 544 ἑστιν
1851 493 1878 543 ό
1913 494 2216 563 ἄνθρωπος,
2252 491 2372 546 141.

822 583 1078 653 Δοκίμιον
1112 584 1221 637 τῶν
1255 583 1461 636 πιστῶν
1485 589 1620 638 εἰσιν
1653 587 1702 640 οί
1732 587 2052 655 πειρασμοὶ,
2091 587 2211 640 179.

820 677 979 746 Δῶρα
1010 681 1108 744 τῆς
1139 676 1410 745 νηστείας,
1444 676 1532 729 51.
1613 689 1622 698 '

1590 792 1630 846 Ε

822 905 916 965 Ek
943 905 1185 973 τέσσαρα
1214 905 1449 974 διῃρεῖτο
1477 907 1508 974 ἡ
1537 905 1653 967 νὺξ,
1693 904 1813 958 180.

828 993 1047 1046 Ἔλαιόν
1077 995 1227 1047 ἑστιν
1258 996 1288 1062 ἡ
1324 996 1529 1060 ἀγάπη,
1562 992 1651 1048 22.

827 1086 1070 1156 Ἕνδυμα
1095 1088 1273 1155 γάμου
1305 1088 1455 1140 ἑστιν
1490 1087 1522 1156 ἡ
1553 1087 1747 1155 ἀρετὴ,
1770 1087 1896 1141 251.

833 1177 926 1230 Ἐν
954 1176 1221 1246 πνεύματι
1257 1177 1354 1229 καὶ
1379 1175 1606 1246 ἀληθείᾳ
1628 1177 1707 1229 δεῖ
1735 1180 2061 1248 προσκυνεῖν
2096 1177 2185 1232 τὸν
2217 1178 2379 1244 Θεὸν,

890 1273 1014 1326 112.

835 1363 1169 1431 Ἐπαγγελία
1219 1363 1311 1417 τοῦ
1350 1364 1564 1434 Πατρὶς
1594 1358 1664 1434 ἦν
1719 1364 1779 1418 τδ
1834 1365 2058 1437 Πνεῦμα
2099 1369 2162 1422 τὸ
2203 1372 2380 1439 ἀγιον.

891 1453 1018 1509 158.

834 1543 1162 1616 Ἐπενδύτης
1187 1551 1240 1599 τί
1271 1550 1412 1613 ἑστι,
1448 1549 1569 1604 152.

825 1637 1046 1705 Ἔργοις
1072 1640 1311 1693 δεικτέον
1337 1641 1427 1694 τδν
1458 1644 1609 1711 παρά
1629 1644 1749 1713 Θεῷ
1777 1646 2071 1698 ὑπεύθυνον
2100 1648 2194 1699 καὶ
2218 1663 2380 1714 μετα-

893 1725 1139 1790 νοοῦντα,
1174 1728 1257 1780 ὅτι
1297 1731 1330 1798 ἡ
1364 1731 1493 1799 παρ’
1538 1731 1714 1784 ἀλλων
1750 1730 1908 1801 ὕϐρις
1937 1735 2029 1786 καὶ
2079 1734 2274 1801 ἀτιμία
2302 1735 2380 1786 δι-

893 1818 1022 1869 καία
1055 1819 1170 1870 έστὶ
1202 1822 1292 1872 καὶ
1318 1821 1549 1891 φορητὴ,
1585 1823 1671 1878 10.

827 1906 1058 1974 Ἐτοιμα
1087 1908 1222 1977 πρὸς
1242 1908 1337 1978 τὴν
1363 1912 1639 1980 ἡμετέραν
1656 1911 1927 1982 σωτηρίαν
1949 1913 2073 1966 ποτα
2100 1915 2379 1981 γεγόνασι,

893 1997 1018 2050 255.

825 2087 971 2156 Εύχὴ
1004 2089 1056 2139 τί
1084 2089 1498 2156 ἐπονομάζεται,
1527 2091 1578 2146 7.

827 2179 1036 2230 Εὺωδία
1069 2177 1305 2248 Χριστοῦ
1337 2183 1474 2234 είσιν
1503 2185 1551 2236 οί
1588 2185 1928 2254 Χριστιανοὶ,
1966 2190 2084 2246 186.

837 2268 1067 2322 ἐωθινά
1091 2272 1209 2323 τίνα
1239 2272 1508 2340 λέγονται,
1566 2275 1689 2332 150.
1727 2277 1960 2335 Ἐωθινά
2001 2284 2098 2336 καὶ
2153 2282 2382 2354 ὀρθρινά

893 2363 1035 2414 διατί
1063 2364 1328 2432 λέγονται,
1367 2367 1488 2421 151.

1582 2484 1620 2535 Ζ

826 2567 1047 2631 Ζιζάνια
1075 2570 1217 2633 τίνες
1245 2572 1370 2638 είσὶ,
1405 2573 1527 2628 155.

1552 2686 1600 2739 Η

839 2774 902 2826 ’11
931 2774 1171 2843 ἁμαρτία
1202 2778 1497 2845 φυγαδεύει
1536 2780 1634 2850 τὴν
1661 2782 1902 2854 ἀγάπην,
1939 2787 1992 2840 5.
2033 2788 2095 2840 Ἦ
2140 2790 2382 2860 ἀμαρτία

898 2867 1098 2928 πολλάς
1153 2869 1420 2938 ἐπήνεγκε
1482 2876 1861 2944 καταστροφάς
1915 2882 2137 2944 γενικὰς
2183 2900 2242 2934 τε
2291 2887 2383 2935 καὶ

902 2960 1150 3027 μερικὰς,
1186 2961 1272 3014 19.

843 3049 906 3101 Ἦ
940 3053 1184 3118 βασιλεία
1214 3054 1304 3108 τοῦ
1333 3057 1467 3110 Θεοῦ
1498 3059 1596 3110 οὐκ
1629 3060 1740 3113 ἔστι
1778 3063 1990 3132 κτιστὴ.
2031 3065 2146 3119 192.

843 3144 904 3197 ’11
936 3145 1169 3214 διαφορὰ
1218 3147 1316 3215 τῆς
1367 3151 1591 3219 γνώμης
1637 3153 1714 3214 είς
1756 3154 1848 3206 δύο
1901 3155 2063 3208 διεῖλε
2115 3157 2214 3225 τὴν
2256 3159 2384 3227 μίαν

901 3238 1084 3302 φύσιν,
1123 3239 1209 3291 15.
1604 3306 1613 3313 .

843 3328 907 3378 Ἠ
941 3330 1002 3378 ἐκ
1038 3329 1136 3396 τῆς
1171 3329 1398 3398 νεφέλης
1431 3332 1580 3398 φωνὴ
1619 3333 1669 3384 τί
1697 3333 1922 3399 ἐδίδαξε,
1954 3336 2077 3391 198.

841 3418 905 3470 Ἠ
946 3421 1001 3468 ἑν
1032 3419 1302 3488 πνεύματι
1340 3425 1609 3491 περιτομὴ
1639 3423 1732 3490 τῆς
1762 3426 2006 3492 καρδίας,
2037 3427 2124 3480 67.

845 3509 909 3560 'H
946 3509 1030 3575 ἐφ’
1060 3509 1261 3577 ὑψηλοῦ
1293 3513 1632 3582 οίκοδόμησις
1663 3515 1755 3567 τοῦ
1792 3515 1961 3585 Ἱεροῦ
1990 3518 2157 3581 τύπος
2185 3515 2252 3589 ἦν
2288 3521 2384 3589 τῆς

903 3603 1053 3668 ίερᾶς
1111 3601 1432 3668 Ἐκκλησίας
1473 3605 1565 3655 καὶ
1615 3605 1715 3673 τῆς
1762 3608 2136 3677 πνευματικῆς
2180 3610 2382 3663 ἀναδά-

903 3709 1059 3755 σεως,
1097 3692 1150 3745 6.

843 3783 1028 3852 Ἡμεῖς
1050 3787 1375 3855 διαφέρομεν
1405 3790 1732 3856 μυρμήκων,
1761 3794 1854 3842 καὶ
1877 3793 2029 3845 αὐτοὶ
2057 3795 2233 3862 ήμῶν,
2256 3796 2382 3850 251.

845 3876 906 3927 ’11
933 3880 1151 3944 νηστεία
1174 3879 1510 3942 ἀνακαινίζει
1544 3879 1633 3932 τὸν
1663 3881 1810 3944 ἐντὸς
1837 3881 2142 3951 ἄνθρωπον,
2168 3885 2257 3939 41.

847 3970 907 4020 Ἠ
931 3971 1210 4034 όρθόδοξος
1253 3971 1547 4038 Ἐκκλησία
1574 3975 1707 4040 τιμᾷ
1731 3975 1854 4035 τοὺς
1891 3975 2097 4042 ἀγίους,
2131 3977 2254 4031 145.

844 4064 906 4114 Ἡ
943 4063 1172 4131 πορνεία
1201 4064 1464 4134 μεγίστης
1494 4066 1792 4127 καταδίκης
1821 4070 1968 4119 ἐστὶν
2002 4069 2147 4132 ἀξία,
2185 4071 2310 4123 218.

844 4156 906 4209 ’11
939 4158 1029 4208 τοῦ
1073 4158 1279 4226 Κυρίου
1314 4159 1610 4217 ἀνάστασις
1650 4162 1739 4211 καὶ
1782 4159 2067 4228 ἀνάληψις,
2094 4162 2386 4224 ἀνάστασις

904 4251 995 4301 καὶ
1031 4250 1294 4316 ἀϊάληψίς
1331 4252 1446 4302 ἑστι
1481 4249 1580 4316 τῆς
1610 4248 1960 4316 ἀνθρωπίνης
1996 4251 2230 4317 φύσεως,
2261 4255 2380 4307 121.

1595 4364 1637 4416 Θ

833 4462 981 4521 Θεῖος
1011 4463 1100 4510 καὶ
1135 4460 1504 4526 προσκυνητός
1550 4463 1693 4510 ἑστιν
1727 4461 1754 4511 6
1788 4459 1953 4520 τύπος
1995 4457 2089 4511 τοῦ
2120 4461 2381 4530 Σταυροῦ,

903 4552 989 4604 9|.

833 4641 1089 4706 Θεολογία
1118 4644 1242 4711 περὶ
1274 4643 1528 4711 Χριστοῦ,
1565 4643 1686 4708 151,
1728 4642 1849 4706 157,
1889 4642 2006 4705 145,
2043 4644 2162 4698 155.

835 4736 1090 4802 Θεολογία
1119 4738 1245 4804 περὶ
1273 4738 1365 4788 τοῦ
1391 4738 1545 4803 ἁγίου
1584 4738 1888 4805 Πνεύματος
1907 4776 1923 4802 ,
1963 4739 2081 4801 156,
2115 4739 2238 4794 157.

834 4830 1064 4880 Θεοπτία
1094 4830 1185 4881 τοῦ
1224 4830 1492 4897 Ἀδραάμ,
1522 4830 1609 4882 55.

834 4923 1025 4990 Θέρμη
1083 4940 1164 4981 τις
1212 4924 1298 4975 διὰ
1344 4925 1439 4987 τῆς
1492 4925 1721 4993 μελέτης
1767 4925 1876 4977 τῶν
1923 4927 2084 4994 ἱερῶν
2125 4927 2382 4996 ᾀσμάτων

902 5016 1179 5080 ἐγγίνεται
1206 5019 1268 5084 τῇ
1309 5016 1504 5084 καρδίᾳ
1529 5015 1620 5067 τοῦ
1647 5017 1993 5084 Χριστιανοῦ,
2032 5018 2153 5072 120.

833 5108 1087 5176 Θερξσταὶ
1117 5107 1208 5157 τοῦ
1243 5107 1609 5174 πνευματικοῦ
1645 5108 1902 5177 θερισμοῦ
1936 5110 2077 5171 τίνες
2101 5111 2227 5172 είσὶ,
2256 5111 2378 5172 150,

910 5200 1027 5260 152,
1063 5199 1182 5250 155.

834 5290 1003 5358 Θέρος
1037 5290 1164 5357 παρ’
1193 5291 1321 5355 ἡμῖν
1349 5290 1494 5340 ἑστιν
1533 5289 1786 5355 αἰσθητὸρ
1827 5291 1920 5343 καὶ
1957 5292 2193 5359 λογικὸν,
2225 5293 2342 5346 117.

851 5521 1042 5574 Ἰακὼϐ
1080 5521 1242 5579 τύπος
1271 5517 1336 5588 ἦν
1363 5519 1452 5570 τοῦ
1483 5520 1747 5587 Σταυροῦ,
1781 5520 1869 5572 56.

853 5613 1069 5680 Ἰἀματα
1097 5614 1203 5663 τῶν
1231 5614 1488 5663 ἐναντίων
1523 5614 1640 5664 ἑστι
1668 5615 1734 5666 τὰ
1763 5615 1996 5678 δναντία,
2036 5616 2158 5668 129.

847 5709 1001 5759 ἰδιον
1028 5707 1116 5756 τοῦ
1142 5705 1385 5757 διαϐόλου
1416 5707 1446 5772 ἡ
1478 5707 1866 5773 ύπερηφάνεια,
1896 5707 2002 5758 τῶν
2041 5708 2094 5758 δὲ
2142 5709 2383 5773 ἀγγέλων

915 5798 942 5856 ἡ
979 5798 1102 5859 πρὸς
1132 5796 1259 5844 Θεὸν
1285 5796 1629 5860 ταπείνωσις,
1655 5795 1702 5849 9.

2317 377 2546 433 ΠΙΝΛΞ.

2502 498 2860 572 Ἰερουσαλὴμ
2887 502 3006 566 πῶς
3036 503 3419 573 ἑρμηνεύεται,
3447 505 3539 573 ιι,
3574 506 3699 563 150.

2495 590 2811 659 Ἰματισμὸν
2843 595 2894 643 τί
2922 595 3112 657 ἑννοεῖ,
3145 596 3273 650 207.

2495 680 2681 733 ’ῐσαάκ
2709 683 2878 744 τύπος
2907 680 2976 755 ἦν
2999 685 3093 738 τοῦ
3129 689 3537 758 σταυρωθέντος
3565 692 3826 761 Χριστοῦ,
3861 693 3947 749 56.

2493 772 2665 840 Ἰχθυς
2694 775 2785 826 καὶ
2818 775 3093 843 μελίσσιον
3121 781 3333 848 κηρίον,
3366 781 3402 833 ἀ
3433 780 3636 849 ῐφαγεν
3665 785 3694 835 6
3728 784 3957 854 Ἰησοῦς,
3987 786 4042 837 τί

2553 868 2905 933 σημαίνουσι,
2931 869 3052 924 125.

2495 956 2748 1027 Ἰωάννης
2806 961 2834 1012 6
2879 959 3186 1031 βαπτιστὴς
3215 963 3532 1034 Πρόδρομος
3561 959 3629 1035 ἦν
3673 971 3766 1020 καὶ
3791 967 3888 1035 τῆς
3914 967 4041 1020 Ἐκο

2554 1050 2784 1118 κλησίας
2805 1051 2901 1104 τοῦ
2935 1053 3201 1121 Χριστοῦ,
3227 1054 3355 1109 227.

2492 1140 2674 1204 Ἰωνᾶς
2709 1143 2880 1207 τύπος
2934 1140 3002 1214 ἦν
3049 1144 3144 1198 τοῦ
3181 1146 3516 1216 προαιωνίου
3558 1148 3734 1216 Λόγου
3765 1149 3858 1202 τοῦ
3879 1149 4037 1214 Θεοῦ,

2547 1232 2672 1287 220.

3249 1308 3298 1360 Κ

2479 1397 2700 1464 Καίσαρ
2730 1397 2807 1458 εἰς
2836 1398 3082 1466 τέσσαρα
3109 1397 3275 1450 διεῖλε
3305 1398 3404 1469 τὴν
3438 1398 3612 1469 ἀρχὴν
3643 1401 3737 1453 τοῦ
3773 1402 4036 1473 Ἡρώδου,

2545 1489 2667 1545 225.

2479 1585 2639 1636 Κατά
2675 1585 2798 1637 τίνα
2831 1585 3162 1655 σταυροῦται
3192 1587 3324 1655 ἡμῖν
3348 1587 3377 1638 6
3415 1588 3642 1655 κόσμος,
3681 1575 3765 1642 55.

2479 1675 2897 1744 Κεκλεισμένων
2927 1677 3034 1729 τῶν
3064 1677 3270 1747 θυρῶν,
3318 1676 3434 1738 πῶς
3483 1675 3730 1746 είσῆλθεν
3770 1679 3798 1729 6
3836 1676 4038 1743 Ἰησοῦς

2549 1765 2708 1832 σῶμα
2741 1767 3152 1834 περικείμενος,
3193 1767 3314 1821 102.

2481 1858 2706 1926 Κεφαλὴ
2749 1859 2844 1911 καὶ
2886 1859 3178 1926 πρόσωπον
3207 1861 3569 1927 ἀναγωγικῶς
3600 1863 3652 1912 τί
3686 1861 4036 1929 σημαίνουσι,

2548 1947 2634 2000 58.

2479 2037 2865 2106 κληρονομίαν
2897 2039 3032 2106 πρὸς
3065 2039 3248 2102 ποίους
3281 2041 3515 2109 παρέχει
3542 2043 3568 2092 6
3606 2041 3828 2112 Κύριος,
3861 2042 3954 2095 22.

2479 2132 2692 2200 κλητὸς
2722 2131 2805 2193 τίς
2827 2133 2966 2194 ἑστι,
2996 2132 3124 2186 250.

3232 2251 3276 2302 Λ

2477 2362 2656 2414 Λαλιά
2685 2361 2932 2429 διαφέρει
2965 2363 3235 2432 κραυγῆς,
3266 2364 3356 2418 65.

2477 2453 2688 2505 Λευκόν
2721 2457 2836 2505 ἑστι
2865 2453 2925 2506 τὸ
2949 2452 3183 2525 γράμμα
3220 2453 3316 2507 τοῦ
3358 2454 3723 2522 εύαγγελικοῦ
3751 2455 4038 2524 κηρύγμα·

2550 2561 2663 2606 τος,
2704 2543 2825 2598 196.

2479 2634 2653 2700 Λιμὸς
2684 2634 2734 2684 τί
2771 2635 2915 2697 ἐστι,
2950 2633 3036 2686 11.

2478 2727 2716 2792 Λογικάς
2747 2726 3015 2796 τρυγόνας
3049 2725 3201 2788 τίνας
3231 2725 3402 2792 λέγει,
3436 2725 3528 2779 27.

2480 2819 2655 2871 Λῦσαι
2688 2819 2750 2871 τὸ
2778 2821 3032 2887 ὑπόδημα
3060 2820 3170 2871 τῶν
3201 2820 3380 2871 ποδῶν
3414 2837 3534 2885 σου,
3556 2821 3610 2871 τί
3641 2819 3915 2890 σημαίνει,
3945 2819 4033 2873 δι.

2479 2912 2674 2978 Λύχνῳ
2706 2913 3104 2976 παρεικάζεται
3134 2914 3167 2980 ὴ
3199 2913 3432 2966 ἑκάστου
3464 2913 3635 2981 ψυχὴ,
3667 2912 3718 2965 3.

2481 3138 2743 3207 Μαθητὴν
2791 3138 2889 3189 οὐκ
2941 3139 3102 3205 ἀρκεῖ
3151 3139 3211 3190 τὸ
3264 3137 3544 3206 βάπτισμα
3595 3140 3756 3207 μόνον
3787 3137 4036 3206 ποιῆσαι,

2547 3231 2669 3282 214.

2480 3324 2672 3392 Μαρία
2704 3325 2736 3393 ἡ
2763 3324 3094 3394 Μαγδαληνὴ
3127 3324 3422 3386 ἀπόστολος
3456 3326 3694 3393 γίγνεται
3721 3329 3833 3386 τοῖς
3879 3326 4036 3377 Ἀπο-

2551 3418 2777 3478 στόλοις,
2816 3416 2936 3468 118.

2479 3509 2714 3576 Μαριὰμ
2748 3508 2866 3569 πῶς
2897 3507 3298 3576 ἑρμηνεύεται,
3347 3507 3439 3559 74.

2481 3602 2633 3667 Μέγα
2672 3602 2808 3668 ίαμα
2837 3601 2935 3667 τῆς
2987 3600 3260 3668 ἁμαρτίας
3317 3602 3466 3652 ἐστὶν
3501 3601 3528 3650 6
3572 3601 3697 3663 Υἱὸς
3742 3604 3833 3653 καὶ⁵
3865 3603 4036 3668 Λόγος

2550 3693 2643 3744 τοῦ
2674 3692 2828 3757 Θεοῦ,
2872 3694 2958 3747 19.

2481 3785 2638 3852 Μέθη
2672 3787 2724 3836 τί
2753 3789 2894 3848 ἑστι,
2927 3786 3054 3838 217.

2481 3877 2722 3940 Μείζονα
2769 3877 2925 3945 ίσχὺν
2954 3877 3068 3946 ἔχει
3108 3877 3364 3945 ἡάρετὴ,
3404 3878 3455 3931 5.

2481 3968 2800 4037 Μελέαγρον
2830 3968 2882 4018 τί
2913 3969 3053 4034 ἑστι,
3091 3968 3214 4021 288.

2481 4058 2622 4110 Μέλι
2651 4057 3022 4126 πνευματικὸν
3051 4059 3196 4126 λέγει
3226 4059 3321 4128 τὴν
3348 4059 3547 4129 λύπην,
3584 4062 3702 4114 165.

2481 4151 2787 4218 Μελισσείῳ
2817 4150 2995 4220 κηρίῳ
3023 4151 3423 4219 παρείκάζεται
3446 4154 3477 4219 ὴ
3507 4153 3833 4220 εὐαγγελικὴ
3859 4157 4034 4222 φωνὴ,

2555 4240 2679 4294 161.

2481 4333 2623 4385 Μίαν
2659 4333 2942 4387 σαδὸάτων
2968 4336 3019 4386 τί
3049 4333 3323 4385 ἐννοοῦσιν
3356 4335 3405 4385 οί
3454 4335 3868 4400 Εὐαγγελισταὶ,
3914 4337 4032 4389 105.

2482 4424 2754 4494 Μόλυσμα
2784 4427 2961 4478 κοινὸν
2997 4427 3097 4494 τῆς
3134 4424 3459 4493 Ἑκκλησίας
3487 4427 3635 4475 ἐστὶν
3670 4426 3695 4474 6
3741 4429 4036 4491 πορνεᾲων,

2551 4519 2639 4573 29.

2481 4613 2634 4679 Μόνη
2663 4612 2865 4680 ἐστάθη
2907 4611 3108 4679 μεταξὺ
3137 4609 3271 4662 Θεοῦ
3322 4610 3410 4661 καὶ
3457 4610 3656 4670 παντὸς
3691 4612 4030 4678 ἀνθρωπείου

2551 4706 2740 4770 γένους
2771 4707 2801 4773 ἡ
2841 4705 3124 4763 θεοτόκος,
3159 4703 3284 4754 207.

2480 4797 2694 4864 Μόσχος
2718 4799 2958 4859 σιτευτός
2982 4800 3129 4848 ἐστιν
3154 4800 3312 4858 αύτὸς
3343 4801 3370 4850 6
3402 4799 3606 4871 Κύριος
3633 4801 3786 4868 ἡμῶν
3829 4801 4033 4868 Ἰησοῦς

2551 4889 2801 4956 Χριστὸς,
2842 4889 2924 4941 16.

2479 4981 2793 5048 Μυροφόροι
2823 4982 2960 5040 τίνες
2984 4982 3110 5043 εἰσὶ,
3149 4979 3264 5032 104.

2478 5074 2795 5140 Μυστήριον
2831 5075 2974 5138 μέγα
3001 5075 3027 5122 6
3055 5071 3146 5123 τοῦ
3196 5073 3435 5141 Σταυροῦ
3467 5075 3620 5140 λόγος
3644 5114 3658 5136 ,
3688 5075 3771 5128 61.
3811 5077 4030 5144 Μυστήο

2552 5179 2667 5230 ριον
2703 5160 2798 5213 τοῦ
2835 5162 3120 5228 μέλλοντος
3158 5162 3352 5224 αίῶνός
3384 5165 3498 5215 ἑστι
3524 5166 3585 5216 τὸ
3618 5166 3732 5232 φῶς
3778 5167 3874 5232 τῆς
3921 5169 4030 5220 Με-

2548 5253 2981 5323 ταμορφώσεως,
3018 5254 3138 5306 190.

2480 5348 2720 5414 Μωῦσῆς
2756 5349 2869 5407 πῶς
2899 5349 2998 5414 ὁρᾷ
3029 5349 3119 5398 τὸν
3152 5347 3303 5411 Θεὸν,
3347 5349 3432 5400 52.
3475 5349 3714 5416 Μωῦτῆς
3745 5353 3833 5402 τὸν
3862 5354 4030 5403 τύπο.

2551 5438 2647 5490 τοῦ
2682 5438 2924 5505 Σταυροῦ
2978 5438 3070 5490 καὶ
3109 5438 3166 5488 τὸ
3215 5438 3397 5506 σχῆμα
3444 5440 3610 5492 αὑτοῦ
3669 5443 4031 5509 προανέδειξε,

2553 5532 2642 5584 57.

3238 5603 3278 5651 Ν

2484 5696 2725 5762 Νηστεία
2755 5694 2959 5762 ἀληθὴς
2987 5693 3115 5744 ποία
3152 5693 3291 5753 ἐστὶ,
3329 5693 3414 5744 45.
3461 5694 3698 5760 Νηστεία
3731 5696 4038 5752 ἑντέλλεται

2556 5792 2632 5860 τῷ
2689 5790 2956 5860 ἀνθρὼπ‹;›
3011 5788 3147 5840 κατὰ
3209 5787 3444 5854 πρῶτον,
3499 5788 3582 5840 55.
3645 5789 3885 5856 Νηστεία
3935 5797 4033 5849 καὶ
