4450 6440
454 373 587 437 1369

1939 358 2168 415 ΠΙΝΑΞ.

3522 354 3658 420 1370

510 478 788 551 προσευχὴ
813 479 1021 550 συνῳδά
1052 481 1191 542 ἔστι,
1215 477 1303 533 05.
1338 476 1583 546 Νηστεία
1621 475 1715 528 καὶ
1762 474 2002 542 ἀκρασία
2114 474 2289 542 Πικρὰ
2325 474 2392 526 τά
2417 475 2515 542 τῆς
2544 475 2800 544 πορνείας
2832 473 3101 542 ἐπιτίμια,
3136 473 3228 528 29.

508 571 725 626 ιναντία
756 572 891 639 πρὸς
935 571 1162 640 ἄλληλα,
1219 570 1294 633 ὡς
1339 571 1372 639 ἡ
1406 567 1520 638 ζωὴ
1557 569 1648 621 καὶ
1689 568 1715 619 6
1747 567 1996 628 θάνατος,

507 660 596 716 68.

436 751 611 818 Νίκης
641 751 884 818 σύμϐολά
916 753 1032 804 ἐστι
1066 753 1134 804 τὰ
1173 752 1319 818 βάῖα.
1354 750 1442 804 80.

434 840 618 909 Νόμος
646 841 958 911 ἐλευθερίας
989 843 1072 904 τίς
1103 844 1242 907 ἐστι,
1272 841 1394 894 214.

435 931 693 1002 Νοσώδης
722 933 751 986 6
775 933 1081 1002 Δῦγουστος
1118 935 1246 1005 μὴν,
1281 934 1406 986 17⁸1.

1197 1093 1240 1146 Ο

445 1213 505 1268 '0
539 1213 924 1285 ἁναγεννηθεὶς
975 1211 1208 1280 δυνάμει
1269 1208 1384 1260 ἐστὶ
1416 1205 1738 1274 σύμμορφος
1767 1201 1843 1271 τῷ
1890 1200 1985 1253 σῶ-

504 1322 633 1374 ματι
667 1305 766 1372 τῆς
800 1302 957 1370 δόξης
996 1299 1089 1353 τοῦ
1115 1298 1376 1366 Χριστοῦ,
1407 1296 1496 1351 95.

442 1395 502 1447 ⁸0
559 1393 1070 1460 ἀπολιμπανόμενος
1119 1388 1227 1441 τῶν
1279 1387 1420 1440 κατὰ
1481 1383 1762 1454 Κυριακὴν
1829 1379 1990 1449 ίερῶν

486 1484 757 1547 συνάξεων
789 1481 1252 1548 ιγκαταλείπεται
1282 1479 1385 1530 ὑπὸ
1413 1478 1504 1531 τοῦ
1538 1475 1696 1540 Θεοῦ,
1723 1476 1845 1530 101.

439 1575 502 1628 Ὀ
527 1574 930 1641 διπλασιασμὸς
973 1570 1091 1633 τοῦ,
1125 1571 1235 1634 ναὶ,
1281 1568 1367 1621 ναί
1391 1585 1405 1598 ο
1437 1568 1533 1621 καὶ
1573 1565 1660 1631 οὒ,
1691 1566 1773 1619 οῦο
1803 1565 1857 1619 τί
1888 1583 1989 1636 ση-

500 1666 704 1735 μαίνει,
738 1662 859 1716 128.

440 1756 584 1808 Ὀδοὶ
629 1755 836 1825 Κυρίου
862 1754 1006 1817 τίνες
1042 1754 1170 1815 είσὶ,
1216 1756 1310 1806 καὶ
1339 1754 1486 1816 τίνες
1533 1748 1988 1821 διεστραμμένα,

501 1848 628 1900 119.

432 1942 495 1992 Ol
519 1939 832 2003 ἀθετοῦντες
855 1940 925 1992 τά
950 1938 1045 1992 τοῦ
1071 1937 1208 1991 Θεοῦ
1239 1937 1544 2006 θελήματα,
1566 1935 1627 1989 οὐ
1651 1934 1988 2006 λαμϐάνουσι

502 2031 634 2100 παρ’
667 2031 828 2084 αὐτοῦ
857 2032 927 2084 τὰ
951 2032 1246 2099 αίτήματα,
1279 2031 1404 2086 217.

433 2119 589 2186 Οἶκος
621 2122 755 2174 Θεοῦ
783 2125 922 2176 εἰσιν
947 2124 996 2175 οί
1016 2124 1355 2193 Χριστιανοὶ,
1382 2123 1503 2186 151,
1544 2121 1664 2176 152.

431 2217 495 2268 01
525 2219 675 2286 παρά
721 2217 799 2286 τῷ
848 2220 1096 2289 μνήματι
1123 2218 1623 2286 παρακαθιζόμενοι
1657 2216 1901 2283 άγγελοι,
1934 2213 1988 2267 τί

500 2304 792 2368 ιδείκνυον,
821 2305 944 2360 117.

443 2396 715 2464 Ὀλέθριόν
743 2400 858 2451 ἐστι
885 2399 944 2451 τὸ
977 2398 1112 2467 πρὸς
1141 2396 1402 2467 ἀλλήλους
1441 2398 1618 2466 μίσος,
1649 2396 1704 2449 2.

443 2483 731 2554 ὀμολογία
766 2487 1044 2556 όρθόδοξος
1073 2489 1202 2555 περὶ
1226 2487 1328 2555 τῆς
1363 2487 1523 2554 ἁγίας
1547 2487 1797 2556 Τριάδος,
1830 2487 1919 2542 41.

444 2578 504 2633 Ὀ
533 2577 683 2649 παρά
715 2580 783 2646 τῇ
820 2576 914 2630 τοῦ
943 2577 1163 2647 Σιλωὰμ
1188 2577 1437 2646 κείμενος
1493 2576 1858 2645 παραλυτικὸς
1891 2576 1984 2630 καὶ

506 2675 581 2742 μὴ
636 2674 774 2742 ἔχων
829 2669 1135 2738 ἄνθρωπον,
1189 2669 1336 2722 ἐστὶν
1385 2670 1420 2740 ἡ
1482 2669 1781 2740 Ἐκκλησία
1831 2668 1984 2739 ἡμὴ

501 2761 702 2830 ιχουσα
731 2761 986 2831 ποιμένα,
1018 2761 1074 2815 5.

450 2850 660 2904 ὀποῖόν
693 2869 747 2904 τι
775 2854 969 2921 πάσχει
993 2852 1022 2907 6
1058 2850 1328 2922 ἡμέτερος
1356 2852 1502 2918 νοῦς,
1541 2851 1665 2905 226.

449 2941 508 2993 ὐ
538 2942 768 3013 πονηρὸς
819 2943 1063 3008 διάϐολος
1113 2945 1252 2999 κατά
1288 2945 1484 3014 μικρὸν
1542 2941 1854 2996 ὑποτίθεται
1885 2943 1987 3013 τὴν

505 3033 802 3100 ἁμαρτίαν,
835 3033 921 3088 14.

437 3121 614 3173 Ὅπου
644 3123 837 3191 δεσμὸς
886 3123 1106 3193 ἀγάπης
1158 3122 1445 3193 πάρεστιν,
1477 3124 1593 3175 ἐκεῖ
1637 3124 1730 3174 καὶ
1780 3123 1808 3173 6
1847 3121 1984 3192 Χρι-

509 3215 653 3281 στὸς,
689 3215 778 3268 71.

446 3307 647 3375 Ὅρατά
668 3311 758 3359 καὶ
778 3306 983 3377 ἀόρατα
1022 3307 1198 3361 πάντα
1215 3305 1302 3358 διά
1319 3305 1411 3358 τὸν
1429 3303 1717 3376 ἄνθρωπον
1737 3306 1980 3376 εποίησε,

504 3401 630 3454 200.

449 3494 616 3562 Ὀργὴ
646 3493 698 3545 τί
728 3494 864 3555 ἐστι,
898 3491 986 3547 89.

441 3586 669 3654 Ὄροφός
701 3587 814 3637 ἑστι
845 3585 908 3636 τὸ
937 3583 1241 3652 λογιστικὸν
1267 3582 1366 3652 τῆς
1396 3582 1595 3652 ψυχῆς,
1625 3584 1714 3637 51.

450 3675 506 3727 '0
533 3675 771 3745 Σταυρὸς
803 3673 871 3745 ἦν
906 3679 962 3729 εν
1001 3677 1113 3743 τοῖς
1143 3677 1616 3745 προγενεστέροις,
1644 3675 1739 3728 καὶ
1783 3674 1842 3727 τὸ
1881 3691 1985 3743 μυ·

507 3767 725 3837 στήριον
759 3767 922 3820 αὑτοῦ
956 3769 1236 3837 ἐνηργεῖτο
1266 3770 1324 3818 ὲν
1355 3768 1556 3830 αὐτοῖς,
1593 3767 1681 3820 54.

439 3857 514 3916 Οῦ
538 3861 693 3921 ἐλπὶς
732 3860 1084 3929 ὶπιστροφῆς,
1121 3860 1431 3926 ἀπόγνωσις
1478 3860 1578 3912 οὐκ
1618 3859 1730 3928 ἔχει
1777 3859 1982 3929 χώραν,

513 3951 637 4005 127.

440 4046 514 4098 Οὐ
549 4046 756 4112 κτίσμα
775 4045 834 4096 τὸ
865 4044 978 4112 φῶς
1004 4047 1100 4111 τῆς
1121 4042 1604 4112 Μεταμορφώσεως
1631 4042 1724 4095 τοῦ
1754 4043 1983 4112 Κυρίου,

513 4135 634 4188 191.

440 4224 669 4296 Οὐρανῷ
699 4225 948 4293 ὁμοιάζει
985 4225 1012 4275 6
1046 4224 1188 4293 ίερὸς
1209 4224 1358 4286 ναὸς,
1388 4224 1511 4278 205.

439 4317 608 4370 Οὑσία
640 4316 796 4385 ήμῶν
819 4315 1053 4383 ἔμφυτος
1096 4314 1191 4366 καὶ
1230 4315 1516 4384 περιουσία
1555 4315 1706 4367 ἐστὶν
1731 4315 1758 4365 6
1782 4315 1982 4383 ἡμέτε-

511 4426 601 4476 ρος
630 4408 777 4472 νοῦς,
809 4408 898 4461 14.

442 4501 604 4568 Ὄφις
631 4503 658 4552 6
690 4499 875 4568 νοητὸς
911 4501 1180 4568 στερεῖται
1212 4497 1379 4567 ζωῆς,
1425 4498 1518 4549 καὶ
1547 4513 1767 4567 πνευμα
1795 4499 1986 4567 νεκρὸν

510 4595 739 4655 γίνεται,
766 4591 891 4646 170.

1187 4662 1233 4713 Π

439 4770 634 4821 Παθῶν
666 4774 906 4840 όρμαθὸς
941 4773 1213 4842 ἁνήδονος,
1253 4773 1375 4827 187.

443 4863 779 4932 Παλαιγενὴς
807 4867 840 4934 ὴ
880 4867 1067 4934 ἁρετὴ,
1105 4867 1189 4920 15.

442 4955 809 5024 Παμμηχανος
840 4957 868 5007 6
891 4958 1156 5020 διάϐολος,
1189 4958 1277 5013 51.

443 5047 726 5099 Πάνδεινον
748 5050 808 5098 τὸ
837 5049 933 5116 τῆς
966 5050 1258 5112 ἀκολασίας
1288 5051 1585 5117 δαιμόνιον,
1616 5053 1703 5106 65.

438 5137 660 5189 Πάντων
691 5139 796 5188 τῶν
825 5139 1010 5190 δεινῶν
1043 5143 1190 5193 ἐστιν
1219 5143 1250 5209 ὴ
1283 5143 1544 5211 ἁμαρτία,
1581 5143 1704 5197 172.

445 5229 795 5299 Παράδειγμα
813 5232 906 5298 τῆς
936 5233 1157 5299 χηρείας
1175 5233 1312 5285 ἔστω
1333 5235 1442 5293 τοῖς
1468 5234 1793 5302 χηρεύουσιν
1814 5236 1983 5287 Ἀννα

506 5323 538 5387 ἡ
565 5321 657 5372 τοῦ
687 5323 947 5388 Φανουὴλ,
990 5323 1077 5377 27.

443 5414 750 5482 Παράλυτος
801 5418 1016 5484 λέγεται
1075 5419 1107 5487 ή
1163 5417 1308 5488 ψυχὴ
1357 5419 1586 5472 ἑκάστου
1627 5423 1935 5491 χριστιανοῦ
1964 5460 1979 5486 ,

509 5508 631 5560 162.

441 5600 594 5669 Παρά
621 5603 781 5654 τίνων
807 5607 1105 5673 κατῳκεῖτο
1133 5604 1198 5657 τὰ
1233 5606 1469 5675 Σίκημα,
1499 5609 1619 5663 109.

444 5693 742 5762 Πειρατμοὶ
774 5695 892 5748 τίνα
911 5697 1176 5762 λέγονται,
1211 5698 1330 5752 182.

445 5783 576 5852 Περὶ
604 5785 699 5853 τῆς
730 5787 891 5854 ἁγίας
924 5789 1172 5858 Τριάδος,
1217 5791 1342 5846 159.

2107 563 2389 618 Πιστεύειν
2411 567 2492 628 είς
2520 566 2610 619 τὸν
2635 567 2766 621 Θεὸν
2795 566 3052 635 διάφορόν
3087 567 3204 618 ἐστι
3227 564 3321 617 τοῦ
3376 562 3657 614 πιστεὺειν

2176 653 2253 723 τῷ
2280 656 2421 723 Θεῷ,
2446 657 2531 710 59.

2103 745 2288 805 Πίστις
2318 745 2608 798 δικαιοῦσα
2643 748 2766 799 ποία
2792 749 2927 811 ἐστὶ,
2957 748 3045 802 40.

2102 835 2349 904 Ποθητέα
2376 838 2508 904 ἡμῖν
2537 839 2568 907 ὴ
2605 839 2763 907 στενὴ
2792 841 2885 892 καὶ
2914 841 3248 910 τεθλιμμένη
3273 839 3410 904 όδὸς,
3439 837 3560 892 129.

2101 927 2235 978 Ποία
2267 928 2362 980 θέα
2392 930 2542 980 ἐστὶν
2577 931 2857 998 ἀναίρεσις
2884 931 3178 1000 ἁμαρτίας,
3214 933 3337 988 155.

2098 1018 2232 1069 Ποία
2264 1020 2295 1087 η
2331 1019 2472 1071 κατὰ
2504 1020 2636 1071 Θεὸν
2661 1020 2827 1088 λύπη,
2856 1021 2978 1074 164.

2099 1110 2253 1162 Ποίαι
2296 1113 2558 1181 πτωχεῖαί
2594 1114 2733 1164 είσιν
2762 1113 2911 1178 ἄξιαι
2944 1116 3368 1184 μακαριότητος,
3404 1117 3526 1169 175.

2095 1203 2276 1262 Ποίοις
2312 1205 2530 1270 ἐμποιεῖ
2576 1208 2602 1257 6
2635 1205 2880 1270 διάϐολος
2922 1209 3023 1278 τὴν
3063 1210 3170 1261 ἀπὸ
3198 1208 3290 1260 τοῦ
3326 1209 3515 1277 μίσους
3554 1208 3654 1277 μέ-

2162 1293 2285 1359 θην,
2317 1295 2403 1348 56.

2094 1384 2316 1436 Πολῖται
2341 1387 2439 1455 τῆς
2470 1391 2691 1459 μακρὰν
2715 1391 2811 1443 τοῦ
2844 1391 2980 1443 Θεοῦ
3006 1391 3188 1460 χώρας
3219 1389 3358 1444 εἰσὶν
3392 1393 3438 1445 οἱ
3461 1391 3654 1460 δαίμο-

2163 1492 2274 1540 νες,
2308 1478 2392 1531 15.

2094 1566 2380 1637 Πολλαπλῆ
2413 1573 2443 1642 ἡ
2486 1573 2545 1623 ιν
2586 1570 2809 1642 Χριστῷ
2833 1573 3215 1640 ἀνακαίνησις,
3244 1571 3332 1626 95.

2095 1657 2387 1728 Πολλαχῶς
2419 1664 2712 1732 διαιρεῖται
2747 1665 2773 1714 6
2809 1658 2888 1726 εἷς
2926 1664 3128 1733 κόσμος
3155 1665 3221 1732 τῇ
3249 1662 3489 1731 διαφόρῳ
3511 1665 3650 1733 χρή·

2165 1765 2268 1814 σει,
2297 1752 2384 1805 15.

2093 1840 2310 1892 Πολλῶν
2343 1841 2598 1911 πονηρῶν
2631 1843 2821 1896 παθῶν
2844 1845 2993 1896 αίτία
3021 1846 3168 1897 ἐστὶν
3189 1847 3221 1915 η
3246 1842 3448 1911 τρυφὴ,
3480 1840 3598 1893 186.

2092 1930 2369 1999 Πονηροὺς
2399 1935 2490 1985 καὶ
2522 1933 2762 2000 ἀγαθοὺς
2803 1935 2952 1994 τίνας
2985 1935 3156 2000 λέγει,
3206 1937 3302 1987 καὶ
3326 1935 3493 1995 διατί,
3518 1932 3645 1985 254.

2092 2022 2229 2073 Πότε
2258 2023 2396 2090 μετὰ
2422 2023 2580 2094 δόξης
2626 2025 2828 2092 πολλῆς
2857 2028 3157 2096 φανήσεται
3183 2027 3211 2079 6
3250 2026 3375 2089 Υἱὸς
3408 2025 3501 2078 καὶ
3546 2025 3648 2076 Λό-

2160 2127 2254 2176 γος
2281 2113 2371 2164 τοῦ
2401 2115 2558 2177 Θεοῦ,
2585 2115 2677 2170 20.

2091 2203 2224 2256 Πότε
2255 2208 2282 2257 6
2321 2206 2528 2275 Ἰησοῦς
2558 2211 2878 2278 κατῴκησεν
2903 2209 2983 2270 είς
3015 2209 3412 2277 Καπερναοῦμ,
3447 2208 3539 2261 48.

2089 2295 2222 2347 Πότε
2252 2296 2452 2364 ὠφελεῖ
2482 2301 2512 2366 ή
2545 2301 2748 2364 πίστις,
2775 2300 2896 2355 171.

2089 2387 2469 2456 Πρεσϐύτερον
2499 2390 2611 2441 υίὸν
2639 2389 2790 2452 τίνας
2822 2392 3014 2455 ἑννοετ,
3045 2391 3132 2444 16.

2089 2481 2344 2547 Πρόϐατα
2403 2483 2555 2534 καλεῖ
2601 2486 2727 2546 τοὺς
2775 2485 3037 2550 δικαίους,
3093 2485 3186 2537 καὶ
3237 2485 3457 2554 ἐρίφους
3513 2485 3644 2547 τοὺς

2157 2575 2534 2642 ἁμαρτωλοὺς,
2563 2576 2654 2630 21.

2088 2666 2422 2734 Προηγεῖται
2445 2668 2542 2736 τῆς
2572 2668 2860 2737 μετανοίας
2888 2671 2920 2740 ἠ
2948 2670 3262 2738 ἐπίγνωσις,
3300 2671 3421 2725 160.

2090 2757 2418 2825 Προηγεῖται
2450 2759 2548 2827 τῆς
2593 2759 2738 2822 θείας
2776 2761 3004 2830 κρίσεως
3054 2763 3113 2814 τὸ
3156 2763 3302 2825 ιλεος
3341 2763 3432 2814 καὶ
3466 2764 3498 2833 ἡ
3537 2779 3642 2831 μα-

2156 2847 2446 2916 κροθυμία,
2480 2849 2568 2903 18.

2089 2941 2370 3011 Προσευχη
2396 2943 2447 2993 τί
2476 2943 2613 3008 ἐστι,
2651 2942 2704 2996 6.

2089 3029 2390 3098 Πρόσωπον
2423 3032 2517 3084 τοῦ
2557 3032 2691 3085 Θεοῦ
2717 3033 2994 3104 ὁρώμενον
3036 3036 3130 3088 καὶ
3174 3037 3249 3106 μὴ
3288 3034 3565 3105 ὁρώμενον
3591 3034 3643 3088 τί

2157 3124 2295 3182 εστι,
2325 3123 2414 3176 57.

2089 3215 2461 3281 Προτιμοτέρα
2513 3217 2546 3284 ἡ
2594 3217 2657 3268 ὲκ
2686 3220 2784 3286 τῆς
2856 3219 3232 3282 διδασκαλείας
3282 3221 3518 3288 ὠφέλεια
3550 3226 3641 3274 καὶ

2155 3306 2265 3356 τῶν
2291 3308 2601 3372 ἀναγκαίων
2634 3311 2852 3379 χρειῶν,
2891 3312 3011 3364 114.

2090 3399 2289 3467 Πρώτη
2315 3399 2529 3451 πάντων
2561 3400 2869 3469 ἀνθρώπων
2902 3403 2936 3471 ἡ
2974 3402 3233 3468 Θεοτόκος
3265 3403 3374 3458 είδε
3413 3407 3504 3458 τὸν
3532 3404 3640 3457 Κύ-

2159 3506 2274 3557 ριον
2306 3491 2630 3553 ἀναστάντα,
2668 3490 2788 3544 101.

2091 3581 2264 3633 Πτὺσν
2301 3583 2470 3634 ἑννοεῖ
2493 3583 2590 3643 τάς
2621 3582 2916 3649 ἀγγελικάς
2948 3583 3228 3652 δυνάμεις,
3261 3585 3381 3638 155.

2089 3674 2208 3736 Πῶς
2240 3674 2484 3727 ἀνάλωσε
2512 3676 2612 3745 τὴν
2640 3675 2706 3745 ἢν
2733 3675 2902 3744 ἔφαγε
2935 3677 3140 3746 τροφὴν
3187 3679 3215 3729 6
3265 3677 3468 3747 Ἰησοῦς
3505 3681 3639 3751 Χρι-

2159 3767 2305 3830 στὸς,
2338 3766 2459 3819 125.

2088 3859 2210 3922 Πῶς
2238 3860 2317 3910 δεῖ
2341 3861 2503 3929 τιμᾷν
2537 3859 2662 3922 τοὺς
2695 3859 2905 3925 ἁγίους,
2936 3860 3056 3914 145.

2089 3946 2210 4012 Πῶς
2248 3951 2506 4019 ἐποίησεν
2536 3955 2562 4004 6
2588 3952 2718 4014 Θεὸς
2743 3951 2833 4004 τὸν
2864 3954 3093 4020 οὐρανὸν
3126 3954 3219 4005 καὶ
3249 3953 3345 4020 τὴν
3382 3953 3505 4020 γῆν,
3546 3951 3635 4004 52.

2106 4045 2226 4106 Πῶς
2271 4046 2298 4095 6
2329 4045 2610 4111 ἅνθρωπος
2658 4047 2961 4117 είσέρχεται
3011 4047 3088 4109 είς
3137 4047 3233 4116 τὴν
3281 4046 3429 4098 θείαν
3475 4045 3638 4096 κατά-

2157 4153 2376 4198 παυσιν,
2405 4136 2494 4191 99.

2089 4229 2211 4288 Πῶς
2249 4230 2438 4298 ὁρᾶται
2479 4230 2511 4298 ὴ
2539 4230 2594 4279 ὲν
2619 4230 2697 4299 τῷ
2727 4229 2938 4296 σώματι
2967 4231 3341 4298 ἀνακαίνησις,
3372 4230 3459 4281 94.

2091 4320 2213 4381 Πῶς
2269 4322 2320 4372 οί
2354 4321 2673 4388 Χριστιανοὶ
2710 4320 3141 4390 συλλαμϐάνουσι
3187 4326 3277 4375 τὸν
3322 4322 3456 4390 πρὸς
3506 4322 3634 4372 Θεὸν

2161 4411 2324 4479 φόϐον
2365 4414 2461 4466 καὶ
2489 4415 2672 4478 πόθον,
2710 4413 2832 4468 185.

2092 4509 2221 4569 Πῶς
2270 4511 2297 4560 6
2335 4509 2658 4579 Χριστιανὸς
2708 4511 2917 4578 δέχεται
2962 4511 3051 4562 τὸν
3093 4511 3307 4579 Πατέρα
3346 4509 3440 4560 καὶ
3484 4508 3631 4571 Υίὸν,

2157 4603 2281 4656 144.

2089 4695 2210 4756 Πῶς
2247 4694 2320 4754 ὡς
2351 4696 2378 4746 6
2411 4694 2600 4754 Ἥλιος
2657 4694 2860 4764 ἔλαμψε
2895 4697 2956 4746 τὸ
2989 4696 3279 4764 πρόσωπον
3308 4693 3401 4755 τοῦ
3427 4692 3632 4762 Κυρίου

2159 4787 2253 4837 ἰπὶ
2283 4785 2343 4836 τὸ
2377 4783 2656 4853 Θαϐώριον
2688 4785 2834 4852 δρος,
2867 4784 2990 4838 195.

2838 4879 2874 4927 Σ

2087 4970 2365 5022 Σάϐϐατον
2393 4968 2542 5034 λέγει
2576 4970 2603 5019 6
2631 4970 2916 5038 Φαρισαῖος
2943 4969 3039 5037 τὴν
3075 4969 3345 5040 ἑϐδομάδα
3365 4971 3470 5023 τῶν
3495 4975 3631 5040 ἠμε-

2157 5060 2286 5128 ρῶν,
2325 5059 2377 5110 8.

2088 5151 2312 5218 Σημεῖον
2363 5149 2461 5218 τῆς
2535 5151 2827 5217 μαθητείας
2878 5153 3036 5221 ἡμῶν
3082 5155 3215 5220 πρὸς
3271 5153 3362 5205 τὸν
3426 5154 3631 5222 Ἰησοῦν

2157 5242 2387 5311 Χριστόν
2415 5247 2560 5294 ἔστιν
2589 5245 2621 5312 ἡ
2654 5245 2863 5314 ἀγάπη,
2900 5247 2987 5299 81.

2086 5338 2280 5397 Σκότος
2309 5336 2581 5388 ἀντίθετόν
2615 5336 2759 5387 ἐστιν
2801 5340 2832 5404 ὴ
2863 5337 3121 5404 ἁμαρτία,
3156 5337 3274 5390 170.

2092 5430 2297 5496 Σπόρος
2333 5427 2550 5493 λέγεται
2583 5431 2608 5479 6
2646 5427 2800 5494 λόγος
2831 5429 2926 5496 τῆς
2954 5429 3321 5493 διδασκαλίας,
3363 5428 3484 5481 118.

2087 5521 2323 5585 Σταυρὸς
2354 5519 2403 5569 τί
2431 5521 2564 5579 ἐστι,
2597 5519 2684 5580 59,
2721 5519 2841 5572 141.

2089 5609 2311 5677 Συμεὼν
2343 5609 2554 5677 ὑπαντᾷ
2586 5611 2675 5659 τὸν
2712 5608 2917 5679 Ἰησοῦν
2950 5612 3177 5680 Χριστὸν
3223 5613 3300 5672 είς
3343 5613 3402 5664 τὸ
3440 5612 3629 5679 Ἱερὸν,

2162 5704 2284 5767 195,
2321 5702 2443 5756 271.

2091 5798 2376 5866 Σύμφωνοε
2408 5795 2541 5865 πρὸς
2570 5796 2830 5866 ἀλλήλους
2859 5799 2905 5850 cl
2952 5799 3331 5866 εὐαγγελισταὶ
3379 5800 3630 5864 Ἰωάννης
