4450 6440
859 368 988 434 1371

920 494 1014 546 καὶ
1063 493 1295 561 Λουκᾶς,
1332 499 1426 549 καὶ
1464 496 1720 568 οὐδεμίαν
1757 498 2057 568 διαφωνίαν
2106 500 2220 570 ἔχει
2273 518 2302 553 ο
2349 501 2408 565 ἐξ

917 586 1052 656 πρὸς
1090 588 1181 640 τὸν
1214 587 1383 653 ὀκτὼ,
1419 588 1542 644 190.

846 676 1320 748 Συντετριμμένος
1348 682 1506 748 λόγος
1541 683 1693 744 ποῖός
1722 684 1862 747 ἐστι,
1898 685 2020 740 194.

1609 776 1651 828 Τ

843 863 920 912 Τὰ
953 865 1089 930 μετὰ
1119 866 1216 934 τὴν
1248 867 1560 933 παράϐασιν
1591 869 1760 930 δεινὰ,
1791 871 1878 924 75.

840 955 920 1003 Τἀ
955 957 1216 1023 μνήματα
1270 958 1369 1023 τῆς
1416 961 1714 1029 ἐπιθυμίας
1748 964 1898 1016 ἐστὶν
1947 967 1980 1033 ἡ
2028 967 2404 1036 ἁναστήλωσις

909 1049 1006 1112 τῆς
1032 1046 1181 1110 θείας
1217 1050 1408 1119 ὀργῆς.
1444 1053 1536 1106 45.

838 1136 917 1188 Τά
947 1139 1081 1206 πρὸς
1120 1139 1211 1191 τὸν
1238 1142 1490 1211 Λάζαρον
1533 1146 1753 1214 ῥήματα
1806 1149 1899 1198 τοῦ
1935 1149 2141 1216 Κυρίου
2185 1145 2253 1218 ἦν
2305 1152 2400 1219 ῥή-

911 1251 1057 1301 ματα
1088 1235 1405 1298 δεσποτείας
1435 1238 1528 1288 καὶ
1558 1239 2012 1307 αὐτοκρατορίας,
2041 1243 2125 1296 79.

837 1325 1086 1398 Τετάρτῃ
1115 1331 1331 1400 φυλακῇ
1375 1333 1470 1400 τῆς
1506 1331 1698 1393 νυκτὸς
1746 1334 2000 1400 ἀναλογεῖ
2033 1337 2065 1405 ὴ
2099 1336 2193 1388 τοῦ
2241 1337 2396 1405 X9:-

908 1419 1033 1470 στοῦ
1063 1421 1293 1488 δευτέρα
1331 1423 1624 1488 παρουσία,
1652 1422 1776 1477 181.

833 1510 912 1580 Τῇ
947 1512 1265 1583 δικαιοσύνῃ
1298 1513 1607 1583 κατεδλήθη
1633 1517 1660 1565 6
1689 1515 1955 1583 διάϐολος,
1987 1517 2076 1572 85.

832 1606 944 1672 Τὴν
966 1604 1131 1672 τιμὴν
1162 1603 1260 1672 τῆς
1296 1604 1488 1673 ὀγδόης
1514 1605 1729 1674 ἡμέρας
1763 1609 2027 1676 ιίσήγαγε
2052 1612 2146 1664 καὶ
2173 1613 2202 1664 6
2230 1612 2394 1666 Μωῦ-

904 1699 1024 1765 σῆς,
1065 1696 1190 1750 100.

831 1786 940 1857 Τῆς
974 1785 1068 1839 τοῦ
1108 1767 1319 1855 ’Δάρὼν
1351 1788 1542 1855 στολῆς
1583 1789 1632 1839 οί
1685 1787 1927 1852 κώδωνες
1971 1791 2022 1843 τί
2067 1793 2390 1863 ἐσήμαινον,

896 1879 985 1933 68.

827 1970 890 2023 Τί
921 1971 1194 2045 δείκνυται
1241 1974 1330 2024 6ιά
1366 1971 1465 2039 τῆς
1508 1974 1992 2045 Τεσσαρακοστῆς,
2043 1979 2140 2032 καὶ
2191 1981 2244 2033 τί
2299 1983 2388 2036 διὰ

895 2064 992 2123 τῆς
1021 2044 1188 2128 ἁγίας.
1217 2063 1622 2130 Πεντηκοστῆς,
1659 2063 1783 2119 109.

824 2153 888 2204 Τί
917 2154 1104 2220 ἐδήλου
1136 2157 1164 2205 6
1201 2154 1436 2223 κρίθινος
1476 2156 1651 2224 ἀρτος
1686 2158 1795 2208 τῶν
1833 2158 1973 2224 μετά
2015 2157 2110 2209 τοῦ
2157 2159 2382 2226 Γεδεὼν,

893 2247 982 2300 44.

821 2339 886 2388 Τί
920 2341 1036 2389 ἐστι
1067 2337 1617 2407 τὸνΜετεμορφώθη,
1652 2339 1769 2392 192.

819 2431 953 2481 Τίνα
983 2430 1292 2482 ἀπέϐλεπον
1323 2432 1461 2499 πρὸς
1493 2431 1866 2500 κληρονομίαν
1903 2431 2005 2500 τῆς
2031 2433 2250 2486 αίωνίου
2279 2451 2384 2503 μα-

887 2524 1233 2590 καριότητος,
1263 2523 1352 2574 21.

818 2616 949 2668 Τίνα
988 2616 1244 2682 ἐποίησεν
1287 2618 1315 2668 6
1348 2617 1646 2683 φιλάγαθος
1678 2618 1955 2686 Δεσπότης
1992 2618 2130 2687 πρὸς
2158 2619 2381 2688 βελτίω-

890 2723 974 2757 σιν
1003 2707 1173 2773 ἠθῶν,
1209 2708 1302 2758 καὶ
1335 2708 1560 2775 όδηγίαν
1597 2709 1756 2776 ἡμῶν
1791 2709 1927 2775 πρὸς
1962 2710 2184 2779 ἀρετὴν,
2219 2711 2305 2764 12.

818 2797 953 2851 Τίνα
999 2802 1116 2852 ἐστὶ
1165 2801 1510 2868 παράστασις
1542 2800 1635 2852 τοῦ
1674 2799 1892 2868 ἀληθῶς
1933 2801 2218 2854 πιστεῦσαι
2257 2805 2376 2864 ταῖς

887 2893 1244 2958 ἐπαγγελίαις
1280 2892 1375 2945 τοῦ
1408 2894 1670 2963 Χριστοῦ,
1706 2894 1798 2948 40.

813 2988 946 3039 Τίνα
975 2988 1121 3054 ζωὴν
1170 2988 1569 3056 ὑποστήσονται
1619 2990 1667 3040 οί
1717 2988 2034 3056 ἁμαρτωλοὶ
2083 2991 2223 3058 μετὰ
2274 2990 2372 3059 τὴν

887 3082 1089 3134 ἀνάστα
1102 3097 1206 3144 σιν,
1244 3081 1364 3134 149.

810 3178 945 3227 Τίνα
977 3175 1044 3227 τά
1078 3175 1211 3240 ἔργα
1247 3175 1345 3241 τῆς
1384 3175 1604 3243 ἀγάπης
1658 3175 1752 3228 καὶ
1784 3176 2115 3244 κηδεμονίας
2148 3177 2182 3229 ἃ
2229 3178 2369 3228 άπε-

880 3267 1092 3330 δείξιτο
1124 3267 1229 3333 πρὸ
1274 3265 1368 3318 τοῦ
1421 3266 1674 3332 γενέσθαι
1710 3268 1856 3335 ἡμᾶς
1890 3269 1916 3319 6
1961 3270 2238 3337 Δεσπότης
2276 3273 2368 3323 καὶ

881 3357 1117 3426 Ποιητὴς
1150 3356 1329 3424 ἡμῶν,
1363 3355 1450 3408 12.

808 3450 943 3502 Τίνα
968 3450 1033 3499 τὰ
1058 3451 1193 3516 ἔργα
1220 3449 1319 3516 τῆς
1351 3450 1662 3517 μετανοίας,
1698 3450 1819 3505 174.

808 3544 962 3602 Τίνες
997 3542 1469 3608 ἀναληφθήσονται
1501 3545 1559 3595 ὲν
1586 3543 1859 3610 νεφέλαις,
1891 3545 2012 3599 150.

807 3637 962 3697 Τίνες
989 3636 1126 3686 είσὶν
1158 3637 1205 3686 οἱ
1239 3635 1465 3700 μίσθιοι,
1498 3638 1588 3688 καὶ
1619 3637 1763 3698 τίνες
1791 3638 1839 3688 οί
1874 3640 1997 3702 υἱοὶ,
2039 3640 2125 3693 15.

806 3728 957 3787 Τίνες
982 3728 1068 3778 διὰ
1102 3729 1356 3793 νηστείας
1389 3726 1612 3778 θεόπῑαι
1641 3729 1908 3792 ἐγένοντο,
1944 3730 2031 3782 68.

804 3818 955 3877 Τίνες
988 3819 1078 3868 καὶ
1113 3817 1266 3867 πόσοι
1301 3813 1440 3884 ἦσαν
1481 3820 1528 3869 οἱ
1566 3815 1651 3869 ἐπ’
1680 3819 1849 3886 ἀρετῇ
1908 3821 2360 3890 περιϐεϐοημένοι

875 3912 978 3980 πρὸ
1010 3910 1102 3960 τοῦ
1137 3911 1323 3976 νόμου,
1353 3909 1441 3961 57.

801 4003 954 4061 Τίνες
982 4002 1031 4052 οί
1069 4001 1415 4062 στενάζοντες
1448 4002 1503 4050 ὲν
1533 4002 1597 4068 τῇ
1635 4000 1904 4070 μελλούσῃ
1939 4003 2144 4070 κρίσει,
2175 4005 2264 4058 22.

800 4089 954 4149 Τίνες
1002 4089 1109 4138 τῶν
1146 4088 1375 4156 πτωχῶν
1411 4091 1503 4139 καὶ
1549 4089 1820 4142 πλουσίων
1863 4092 2084 4160 ἀδελφοὶ
2119 4096 2357 4166 Χριστοῦ

871 4181 959 4232 τοῦ
992 4179 1124 4232 Θεοῦ
1157 4181 1314 4249 ἡμῶν
1350 4181 1480 4243 είσι,
1516 4178 1605 4234 22.

798 4275 916 4324 Τίνι
961 4273 1146 4340 τρόπῳ
1183 4275 1210 4324 6
1251 4273 1488 4344 Χριστὸς
1540 4273 1891 4343 ὲτροπῶσατο
1937 4279 2031 4329 τὸν
2079 4280 2351 4348 διάϐολον,

865 4366 952 4420 90.

794 4461 947 4519 Τίνος
978 4458 1164 4509 ἕνεκεν
1191 4459 1216 4507 6
1246 4457 1377 4519 Θεὸς
1409 4459 1681 4530 ηὐλόγησε
1715 4463 1811 4515 καὶ
1842 4465 2041 4532 ἡγίασε
2081 4467 2177 4533 τὴν
2204 4468 2353 4520 £666-

869 4569 976 4618 μην
1009 4553 1246 4619 ἡμέραν,
1287 4552 1372 4604 98.

791 4643 945 4702 Τίνος
973 4644 1131 4693 ἕνεκα
1167 4645 1221 4693 ὲν
1251 4645 1464 4712 φυλακῇ
1507 4645 1659 4697 ἔθετο
1687 4648 1775 4698 τὸν
1822 4649 2075 4718 Ἰωάννην
2105 4652 2133 4702 6
2172 4649 2346 4720 Ἥρὼ·

861 4735 976 4800 δης,
1008 4735 1130 4786 224.

786 4827 959 4876 Τίνων
985 4827 1045 4876 τὸ
1083 4829 1377 4887 διδάσκειν,
1414 4831 1508 4880 καὶ
1542 4831 1664 4882 τίνα
1709 4831 1818 4884 [δια
1866 4833 1967 4901 τῆς
2004 4834 2152 4897 θείας
2185 4837 2342 4906 χάρι-

856 4931 966 4974 τος,
990 4914 1115 4968 215.

784 5001 848 5054 Τί
872 5005 898 5054 ό
926 5005 1195 5073 δαιμονῶν
1228 5009 1366 5059 κατά
1403 5010 1625 5075 πρῶτον
1658 5013 1862 5079 μᾶλλον
1891 5014 2111 5082 πάσχει,
2143 5015 2236 5071 64.

782 5096 875 5158 Τίς
906 5098 1099 5149 ἑαυτὸν
1137 5099 1288 5160 ἄξιον
1322 5100 1470 5162 θείας
1505 5104 1810 5171 ἐπισκοπῆς
1841 5107 2007 5169 ποιεῖ,
2046 5107 2169 5159 111.

780 5187 873 5249 Τίς
908 5190 935 5255 η
969 5189 1172 5257 ἀληθὴς
1198 5192 1290 5241 καὶ
1317 5192 1605 5260 θεάρεστος
1635 5197 1879 5262 νηστεία,
1907 5195 1996 5251 69.

780 5276 873 5339 Τίς
904 5279 1040 5329 κατά
1071 5282 1248 5348 σάρκα
1281 5288 1596 5351 περιπατεῖ,
1635 5284 1726 5338 59.

777 5370 868 5429 Τίς
902 5372 929 5421 6
958 5370 1182 5433 θάνατος
1211 5379 1308 5442 τῆς
1343 5375 1541 5445 ψυχῆς,
1578 5379 1700 5433 173.

775 5462 870 5521 Τίς
905 5465 931 5513 6
962 5462 1130 5514 θέλων
1169 5467 1294 5517 ίδείν
1325 5470 1530 5537 ἡμέρας
1568 5472 1782 5537 ἀγαθὰς
1816 5473 1951 5526 κατὰ
1985 5474 2078 5526 τὸν
2119 5494 2331 5549 προφη-

842 5555 1086 5607 τάνακτα
1123 5557 1306 5620 Δαίὶὶδ,
1341 5560 1426 5612 77.

774 5639 867 5695 Τίς
895 5645 922 5692 6
958 5646 1253 5708 πιστεύων,
1288 5649 1415 5704 171.

773 5729 868 5793 Τίς
905 5736 1128 5802 προεῖπε
1179 5739 1307 5808 περὶ
1352 5739 1443 5792 τοῦ
1498 5742 1631 5812 ἦχον)
1670 5745 1763 5798 τοῦ
1807 5741 2192 5817 πι.ηρώσαντος
2235 5757 2324 5809 τὸν

2353 379 2582 436 ΠΙΝΔΞ.

3947 410 4081 476 1372

2589 500 2759 569 οἶκον,
2789 503 2851 560 οὗ
2880 505 3025 580 ἦσαν
3055 513 3103 565 οί
3138 516 3380 586 μαθηταὶ
3412 521 3508 574 τοῦ
3558 525 3756 593 Ἰησοῦ,
3793 527 3915 583 156.

2513 595 2578 646 Τί
2612 597 2672 648 τὸ
2713 602 2946 670 ποιῆσαν
2977 607 3103 669 τοὺς
3143 608 3482 680 Ἰσραηλίτας
3511 617 3763 682 ἀναξίους
3794 624 3900 672 τῶν
3937 627 4078 675 πλα-

2586 690 2719 752 κῶν,
2754 693 2879 747 217.

2510 782 2574 833 Τί
2605 785 2947 840 ὑποδεικνύει
2993 791 3076 851 τὸ,
3126 794 3492 863 εὐλογημένος
3545 803 3571 852 6
3611 805 3907 871 ἐρχόμενος
3935 826 3947 835 ·
3981 811 4077 859 καὶ

2579 873 2659 933 τὸ,
2697 874 3039 947 εὐλογημένη
3077 883 3107 948 ἡ
3140 885 3411 958 ἐρχομένη
3447 888 3722 958 βασιλείας
3749 896 3838 948 80.

2507 963 2570 1015 Τί
2620 965 2954 1034 ὑπεμφαίνει
2990 973 3051 1024 τὸ
3083 973 3276 1042 ζεῦγος
3317 981 3423 1030 τῶν
3457 986 3760 1052 τρυγόνων,
3817 991 3910 1041 καὶ
3941 992 3990 1040 τί
4025 993 4072 1042 οί

2575 1059 2784 1110 νεοσσοὶ
2817 1060 2927 1112 τῶν
2956 1069 3321 1136 περιστερῶν,
3347 1071 3438 1128 27.

2504 1147 2592 1209 Τὸ,
2618 1150 2934 1206 ἀκολουθεῖν
2957 1158 3202 1230 Χριστῷ,
3233 1164 3386 1233 δηλοῖ
3407 1168 3486 1232 τὸ,
3514 1168 3610 1238 ζῇν
3641 1174 3782 1225 κατά
3810 1186 3868 1226 το
3896 1177 4073 1245 Εὐαγ-

2573 1241 2756 1306 γέλιον
2785 1247 2972 1314 αὑτοῦ,
3011 1252 3097 1304 58.

2503 1332 2596 1394 Τὸ,
2627 1340 2719 1389 καὶ
2749 1339 2780 1406 ἡ
2829 1340 2965 1411 ἄλλη
3019 1344 3228 1415 Μαρία,
3265 1350 3362 1418 τὴν
3405 1353 3673 1411 Θεοτόκον
3708 1360 4064 1430 ὑπεμφαίνει,

2572 1429 2694 1483 104.

2498 1519 2636 1582 Τοὺς
2656 1523 3005 1594 καθημένους
3032 1532 3125 1586 ἐπὶ
3148 1535 3443 1603 πρόσωπον
3470 1541 3651 1609 πάσης
3674 1543 3768 1610 τῆς
3795 1547 3917 1614 γῆς,
3950 1550 4062 1610 πῶς

2567 1613 2952 1683 ἑρμηνευτίον,
2989 1622 3074 1678 19.

2496 1705 2635 1768 Τοὺς
2682 1709 2756 1777 μὴ
2796 1709 3038 1777 διδόντας
3105 1717 3182 1785 τῷ
3225 1720 3463 1793 δεομένῳ
3513 1727 3630 1795 οὐχ’
3674 1729 3748 1793 ὡς
3783 1733 4064 1801 ἅρπαγας,

2564 1799 2680 1852 ἀλλ’
2705 1802 2780 1863 ὡς
2812 1805 2886 1872 μὴ
2914 1805 3153 1869 διδόντας
3190 1815 3566 1882 καταδικάζει,
3607 1821 3692 1876 70.

2494 1891 2653 1960 Τρεῖς
2688 1896 2826 1947 είσιν
2852 1899 2907 1950 αί
2938 1907 3224 1969 πτωχεῖαι,
3261 1908 3378 1961 175.

2492 1985 2706 2053 Τρόμος
2737 1990 2787 2039 τί
2815 1991 2952 2053 ἐστι,
2990 1994 3110 2048 176.

2491 2078 2703 2145 Τρόπος
2728 2085 3053 2152 ἐνοικήσεως
3087 2094 3184 2160 τῆς
3225 2096 3596 2151 ὲνυποστὰτου
3642 2104 3924 2173 δυνάμεως
3961 2113 4054 2163 τοῦ

2572 2171 2848 2237 Ὑψίστου,
2884 2177 3012 2231 206.

2487 2259 2668 2321 Τύπος
2697 2263 2788 2313 τοῦ
2830 2268 3124 2335 σπηλαίου,
3160 2273 3218 2322 ὲν
3247 2269 3290 2339 ᾧ
3320 2278 3492 2346 ὲτάςρη
3522 2282 3548 2331 6
3587 2283 3850 2350 Χριστὸς,
3895 2290 4047 2341 ἐστὶν

2552 2355 2580 2405 6
2611 2355 2757 2422 ναὸς,
2808 2359 2930 2414 119.
2985 2363 3155 2416 Τύποι
3209 2368 3315 2420 τῶν
3353 2375 3674 2440 μυστηρίων
3711 2378 3831 2429 τίνα
3884 2376 4051 2450 ἦσαν,

2553 2446 2678 2500 214.

3257 2537 3288 2580 Γ

2484 2609 2645 2672 Υίοὺς
2680 2613 2813 2667 Θεοῦ
2862 2619 3014 2679 τίνας
3043 2619 3301 2673 ἐκάλεσεν
3333 2629 3364 2693 ἡ
3405 2627 3534 2693 ἁγία
3568 2629 3780 2699 Γραφὴ,
3810 2634 3902 2700 28,
3950 2636 4042 2690 58.

2552 2702 2712 2766 Υίιιὺς
2763 2707 2900 2760 Θεοῦ
2947 2712 3202 2781 ἐποίησεν
3246 2718 3391 2782 ἡμᾶς
3443 2722 3471 2770 6
3529 2721 3734 2789 Ἰησοῦς
3784 2725 4042 2793 Χριστὸς,

2551 2796 2674 2858 125,
2711 2797 2832 2852 155.
2871 2801 3035 2863 Υίοὺς
3078 2804 3326 2873 Ἀδραάμ
3353 2811 3502 2872 τίνας
3533 2812 3704 2879 λέγει.
3739 2815 3826 2867 81.

2490 2883 2824 2954 ’Υπόδειγμα
2854 2892 2949 2957 τῆς
2989 2893 3088 2958 μὲν
3134 2896 3332 2964 ἀρετῆς
3379 2900 3657 2972 Ἰωάννης,
3695 2908 3791 2973 τῆς
3839 2907 3896 2958 δὲ
3943 2925 4040 2960 κα-

2547 2977 2672 3039 κίας
2699 2982 2726 3031 6
2765 2981 3031 3052 Ἡρώδης,
3063 2987 3187 3040 226.

2488 3068 2896 3137 ’Υποστατικὼς
2926 3077 3070 3144 ἡμᾶς
3105 3081 3424 3134 ἐδικαίωσεν
3460 3089 3487 3138 6
3530 3089 3737 3156 Ἰησοῦς
3769 3092 4027 3161 Χριστὸς,

2541 3160 2631 3214 26.

2485 3253 2622 3308 Ὑπὸ
2688 3262 2848 3312 τίνων
2902 3263 2990 3316 δεῖ
3048 3267 3339 3332 αἰρόμενον
3393 3273 3485 3323 τὸν
3537 3274 4029 3349 ἐξομολογούμενον

2541 3349 2806 3417 φέρεσθαι
2834 3355 2969 3422 πρὸς
2999 3356 3226 3424 Κύριον.
3261 3361 3350 3414 51.

3218 3476 3258 3524 Φ

2465 3555 2777 3623 Φανέρωσις
2807 3559 2904 3624 τῆς
2939 3564 3206 3628 παναγίας
3244 3569 3473 3636 Τριάδος
3512 3573 3591 3634 είς
3637 3574 3697 3626 τὸ
3734 3577 4020 3648 βάπτισμα

2535 3649 2628 3701 τοῦ
2673 3652 2850 3719 Ἰησοῦ
2882 3655 3141 3723 Χριστοῦ,
3173 3658 3260 3710 87.

2461 3744 2755 3811 Φαρισαῖος
2786 3745 2845 3796 οὒ
2877 3748 3012 3815 πρὸς
3045 3748 3198 3814 Θεὸν,
3231 3753 3366 3804 ἀλλὰ
3399 3757 3533 3824 πρὸς
3565 3761 3758 3813 ἑαυτὸν
3791 3768 4019 3834 προσηύο

2533 3854 2674 3907 χετο,
2712 3837 2762 3890 7.

2459 3929 2700 3982 Φευκτέα
2731 3931 2762 3998 ὴ
2799 3932 3044 3999 πορνεία,
3082 3934 3169 3986 50.
3209 3937 3474 3991 Φευκτέον
3503 3945 3628 4005 τοὺς
3664 3947 3738 4015 μὴ
3770 3953 4013 4017 παραδε-

2532 4021 2795 4086 χομένους
2824 4023 2922 4083 τὰς
2950 4024 3056 4074 τῶν
3091 4025 3349 4094 Πατάρων
3387 4030 3700 4101 ἐξηγήσεις,
3749 4038 3866 4092 189.

2457 4110 2613 4161 Φιλία
2652 4112 2785 4179 πρὸς
2819 4112 2910 4163 τὸν
2942 4113 3146 4181 κόσμον
3174 4119 3381 4180 γίνεται
3406 4121 3490 4173 διά
3514 4125 3607 4191 τῆς
3638 4126 3729 4178 τοῦ
3763 4135 4010 4196 σώματος

2526 4202 2765 4270 ἀγάπης,
2803 4204 2925 4257 186.

2456 4295 2621 4346 Φόνου
2653 4297 2933 4366 γεννήτωρ
2966 4300 3114 4351 ἐστὶν
3141 4302 3168 4353 6
3196 4303 3409 4369 φθόνος,
3434 4307 3558 4362 218.

2453 4386 2624 4448 Φυλαὶ
2652 4390 2751 4456 τῆς
2786 4390 2890 4458 γῆς
2916 4391 3062 4454 τίνες
3093 4396 3220 4456 είσὶ,
3255 4396 3337 4448 19.

2455 4479 2741 4547 ζωστῆρσι
2768 4482 3194 4548 παρεικάζονται
3253 4489 3300 4539 οἱ
3344 4490 3629 4544 ἀπόστολοι
3683 4495 3882 4566 Πέτρος
3917 4505 4008 4555 καὶ

2527 4571 2761 4633 Παῦ)ος,
2791 4572 2914 4628 157.
3199 4649 3248 4701 x

2450 4727 2598 4780 Χιὼν
2631 4729 2798 4798 λευκὴ
2831 4733 2989 4800 μόνον
3014 4735 3186 4800 ἐστὶν,
3226 4742 3344 4809 οὐχὶ
3393 4745 3487 4795 καὶ
3525 4747 3840 4815 στίλϐουσα,
3877 4753 4002 4809 196.

2447 4816 2681 4885 Χοίρους
2709 4820 2858 4883 τίνας
2892 4822 3059 4890 λέγει,
3100 4827 3189 4882 15.

2448 4909 2658 4977 Χρῆσις
2693 4913 2853 4979 μόνον
2881 4915 2976 4967 τοῦ
3013 4919 3222 4988 κόσμου
3257 4922 3412 4976 τοῦτο
3448 4928 3587 4980 ἔστω
3619 4936 3729 4997 τοῖς
3766 4940 3998 5001 πιστοῖς,

2516 5001 2632 5051 ἀλλ’
2661 5002 2718 5053 οὐ
2745 5006 2840 5056 καὶ
2874 5009 3238 5076 κατάχρησις,
3285 5015 3403 5067 115.

2443 5090 2663 5162 Χριστῷ
2697 5097 3226 5163 συμϐασιλεύσουσιν
3254 5109 3298 5154 οἱ
3332 5107 3551 5173 δίκαιοι,
3592 5113 3707 5165 L30.

3199 5237 3248 5288 Ψ

2438 5319 2607 5371 Ψιλὸν
2637 5321 2924 5388 ἄνθρωπον
2972 5325 3022 5376 οί
3052 5327 3337 5398 Φαρισαῖοι
3385 5335 3624 5400 ὲδξαζο.
3665 5344 3743 5391 ῖῦν
3783 5343 3793 5357 ⁹

2504 5411 2760 5478 Χριστὸν,
2798 5416 2886 5468 50.

2434 5759 2655 5827 Ὠσινά,
2690 5761 2801 5825 πῶς
2838 5765 3228 5836 ἑρμηνεύεται,
3274 5771 3358 5825 80.
